{
    "2024-03-31": {
        "Tax Effect Of Unusual Items": NaN,
        "Tax Rate For Calcs": NaN,
        "Normalized EBITDA": NaN,
        "Net Income From Continuing Operation Net Minority Interest": NaN,
        "Reconciled Depreciation": NaN,
        "EBITDA": NaN,
        "EBIT": NaN,
        "Net Interest Income": 295000.0,
        "Interest Expense": NaN,
        "Interest Income": 295000.0,
        "Normalized Income": NaN,
        "Net Income From Continuing And Discontinued Operation": NaN,
        "Total Expenses": NaN,
        "Total Operating Income As Reported": NaN,
        "Diluted Average Shares": NaN,
        "Basic Average Shares": NaN,
        "Diluted EPS": NaN,
        "Basic EPS": NaN,
        "Diluted NI Availto Com Stockholders": NaN,
        "Net Income Common Stockholders": NaN,
        "Net Income": NaN,
        "Net Income Including Noncontrolling Interests": NaN,
        "Net Income Continuous Operations": NaN,
        "Pretax Income": NaN,
        "Other Income Expense": NaN,
        "Other Non Operating Income Expenses": NaN,
        "Net Non Operating Interest Income Expense": 295000.0,
        "Interest Expense Non Operating": NaN,
        "Interest Income Non Operating": 295000.0,
        "Operating Income": NaN,
        "Operating Expense": NaN,
        "Research And Development": NaN,
        "Selling General And Administration": NaN,
        "General And Administrative Expense": NaN,
        "Other Gand A": NaN,
        "Total Revenue": NaN,
        "Operating Revenue": NaN
    },
    "2023-03-31": {
        "Tax Effect Of Unusual Items": NaN,
        "Tax Rate For Calcs": NaN,
        "Normalized EBITDA": NaN,
        "Net Income From Continuing Operation Net Minority Interest": NaN,
        "Reconciled Depreciation": NaN,
        "EBITDA": NaN,
        "EBIT": NaN,
        "Net Interest Income": 73000.0,
        "Interest Expense": NaN,
        "Interest Income": 73000.0,
        "Normalized Income": NaN,
        "Net Income From Continuing And Discontinued Operation": NaN,
        "Total Expenses": NaN,
        "Total Operating Income As Reported": NaN,
        "Diluted Average Shares": NaN,
        "Basic Average Shares": NaN,
        "Diluted EPS": NaN,
        "Basic EPS": NaN,
        "Diluted NI Availto Com Stockholders": NaN,
        "Net Income Common Stockholders": NaN,
        "Net Income": NaN,
        "Net Income Including Noncontrolling Interests": NaN,
        "Net Income Continuous Operations": NaN,
        "Pretax Income": NaN,
        "Other Income Expense": NaN,
        "Other Non Operating Income Expenses": NaN,
        "Net Non Operating Interest Income Expense": 73000.0,
        "Interest Expense Non Operating": NaN,
        "Interest Income Non Operating": 73000.0,
        "Operating Income": NaN,
        "Operating Expense": NaN,
        "Research And Development": NaN,
        "Selling General And Administration": NaN,
        "General And Administrative Expense": NaN,
        "Other Gand A": NaN,
        "Total Revenue": NaN,
        "Operating Revenue": NaN
    },
    "2024-06-30": {
        "Tax Effect Of Unusual Items": NaN,
        "Tax Rate For Calcs": NaN,
        "Normalized EBITDA": NaN,
        "Net Income From Continuing Operation Net Minority Interest": NaN,
        "Reconciled Depreciation": NaN,
        "EBITDA": NaN,
        "EBIT": NaN,
        "Net Interest Income": 204000.0,
        "Interest Expense": 26000.0,
        "Interest Income": 230000.0,
        "Normalized Income": NaN,
        "Net Income From Continuing And Discontinued Operation": NaN,
        "Total Expenses": NaN,
        "Total Operating Income As Reported": NaN,
        "Diluted Average Shares": NaN,
        "Basic Average Shares": NaN,
        "Diluted EPS": NaN,
        "Basic EPS": NaN,
        "Diluted NI Availto Com Stockholders": NaN,
        "Net Income Common Stockholders": NaN,
        "Net Income": NaN,
        "Net Income Including Noncontrolling Interests": NaN,
        "Net Income Continuous Operations": NaN,
        "Pretax Income": NaN,
        "Other Income Expense": NaN,
        "Other Non Operating Income Expenses": NaN,
        "Net Non Operating Interest Income Expense": 204000.0,
        "Interest Expense Non Operating": 26000.0,
        "Interest Income Non Operating": 230000.0,
        "Operating Income": NaN,
        "Operating Expense": NaN,
        "Research And Development": NaN,
        "Selling General And Administration": NaN,
        "General And Administrative Expense": NaN,
        "Other Gand A": NaN,
        "Total Revenue": NaN,
        "Operating Revenue": NaN
    },
    "2023-06-30": {
        "Tax Effect Of Unusual Items": NaN,
        "Tax Rate For Calcs": NaN,
        "Normalized EBITDA": NaN,
        "Net Income From Continuing Operation Net Minority Interest": NaN,
        "Reconciled Depreciation": NaN,
        "EBITDA": NaN,
        "EBIT": NaN,
        "Net Interest Income": 451000.0,
        "Interest Expense": 0.0,
        "Interest Income": 451000.0,
        "Normalized Income": NaN,
        "Net Income From Continuing And Discontinued Operation": NaN,
        "Total Expenses": NaN,
        "Total Operating Income As Reported": NaN,
        "Diluted Average Shares": 13339417.0,
        "Basic Average Shares": 13339417.0,
        "Diluted EPS": -0.613445,
        "Basic EPS": -0.613445,
        "Diluted NI Availto Com Stockholders": NaN,
        "Net Income Common Stockholders": NaN,
        "Net Income": NaN,
        "Net Income Including Noncontrolling Interests": NaN,
        "Net Income Continuous Operations": NaN,
        "Pretax Income": NaN,
        "Other Income Expense": NaN,
        "Other Non Operating Income Expenses": NaN,
        "Net Non Operating Interest Income Expense": 451000.0,
        "Interest Expense Non Operating": 0.0,
        "Interest Income Non Operating": 451000.0,
        "Operating Income": NaN,
        "Operating Expense": NaN,
        "Research And Development": NaN,
        "Selling General And Administration": NaN,
        "General And Administrative Expense": NaN,
        "Other Gand A": NaN,
        "Total Revenue": NaN,
        "Operating Revenue": NaN
    },
    "2024-09-30": {
        "Tax Effect Of Unusual Items": 0.0,
        "Tax Rate For Calcs": 0.0,
        "Normalized EBITDA": -11183000.0,
        "Net Income From Continuing Operation Net Minority Interest": -11556000.0,
        "Reconciled Depreciation": 155000.0,
        "EBITDA": -11183000.0,
        "EBIT": -11338000.0,
        "Net Interest Income": -44000.0,
        "Interest Expense": 218000.0,
        "Interest Income": 174000.0,
        "Normalized Income": -11556000.0,
        "Net Income From Continuing And Discontinued Operation": -11556000.0,
        "Total Expenses": 11512000.0,
        "Total Operating Income As Reported": -11512000.0,
        "Diluted Average Shares": 13339417.0,
        "Basic Average Shares": 13339417.0,
        "Diluted EPS": -0.866305,
        "Basic EPS": -0.866305,
        "Diluted NI Availto Com Stockholders": -11556000.0,
        "Net Income Common Stockholders": -11556000.0,
        "Net Income": -11556000.0,
        "Net Income Including Noncontrolling Interests": -11556000.0,
        "Net Income Continuous Operations": -11556000.0,
        "Pretax Income": -11556000.0,
        "Other Income Expense": 972000.0,
        "Other Non Operating Income Expenses": 972000.0,
        "Net Non Operating Interest Income Expense": -44000.0,
        "Interest Expense Non Operating": 218000.0,
        "Interest Income Non Operating": 174000.0,
        "Operating Income": -11512000.0,
        "Operating Expense": 11512000.0,
        "Research And Development": 10116000.0,
        "Selling General And Administration": 1396000.0,
        "General And Administrative Expense": 1396000.0,
        "Other Gand A": 1396000.0,
        "Total Revenue": 0.0,
        "Operating Revenue": 0.0
    },
    "2023-12-31": {
        "Tax Effect Of Unusual Items": 0.0,
        "Tax Rate For Calcs": 0.21,
        "Normalized EBITDA": 21547000.0,
        "Net Income From Continuing Operation Net Minority Interest": 18523000.0,
        "Reconciled Depreciation": 434000.0,
        "EBITDA": 21547000.0,
        "EBIT": 21113000.0,
        "Net Interest Income": NaN,
        "Interest Expense": NaN,
        "Interest Income": NaN,
        "Normalized Income": 18523000.0,
        "Net Income From Continuing And Discontinued Operation": 18523000.0,
        "Total Expenses": -21113000.0,
        "Total Operating Income As Reported": 21113000.0,
        "Diluted Average Shares": NaN,
        "Basic Average Shares": NaN,
        "Diluted EPS": NaN,
        "Basic EPS": NaN,
        "Diluted NI Availto Com Stockholders": 18523000.0,
        "Net Income Common Stockholders": 18523000.0,
        "Net Income": 18523000.0,
        "Net Income Including Noncontrolling Interests": 18523000.0,
        "Net Income Continuous Operations": 18523000.0,
        "Pretax Income": 18523000.0,
        "Other Income Expense": NaN,
        "Other Non Operating Income Expenses": NaN,
        "Net Non Operating Interest Income Expense": NaN,
        "Interest Expense Non Operating": NaN,
        "Interest Income Non Operating": NaN,
        "Operating Income": 21113000.0,
        "Operating Expense": -21113000.0,
        "Research And Development": -6894000.0,
        "Selling General And Administration": -14219000.0,
        "General And Administrative Expense": -14219000.0,
        "Other Gand A": -14219000.0,
        "Total Revenue": 0.0,
        "Operating Revenue": 0.0
    },
    "2023-09-30": {
        "Tax Effect Of Unusual Items": NaN,
        "Tax Rate For Calcs": NaN,
        "Normalized EBITDA": NaN,
        "Net Income From Continuing Operation Net Minority Interest": NaN,
        "Reconciled Depreciation": NaN,
        "EBITDA": NaN,
        "EBIT": NaN,
        "Net Interest Income": NaN,
        "Interest Expense": NaN,
        "Interest Income": NaN,
        "Normalized Income": NaN,
        "Net Income From Continuing And Discontinued Operation": NaN,
        "Total Expenses": NaN,
        "Total Operating Income As Reported": NaN,
        "Diluted Average Shares": NaN,
        "Basic Average Shares": NaN,
        "Diluted EPS": NaN,
        "Basic EPS": NaN,
        "Diluted NI Availto Com Stockholders": NaN,
        "Net Income Common Stockholders": NaN,
        "Net Income": NaN,
        "Net Income Including Noncontrolling Interests": NaN,
        "Net Income Continuous Operations": NaN,
        "Pretax Income": NaN,
        "Other Income Expense": 1692000.0,
        "Other Non Operating Income Expenses": 1692000.0,
        "Net Non Operating Interest Income Expense": NaN,
        "Interest Expense Non Operating": NaN,
        "Interest Income Non Operating": NaN,
        "Operating Income": NaN,
        "Operating Expense": NaN,
        "Research And Development": NaN,
        "Selling General And Administration": NaN,
        "General And Administrative Expense": NaN,
        "Other Gand A": NaN,
        "Total Revenue": NaN,
        "Operating Revenue": NaN
    },
    "2024-12-31": {
        "Tax Effect Of Unusual Items": 0.0,
        "Tax Rate For Calcs": 0.0,
        "Normalized EBITDA": -31160000.0,
        "Net Income From Continuing Operation Net Minority Interest": -35194000.0,
        "Reconciled Depreciation": 622000.0,
        "EBITDA": -31160000.0,
        "EBIT": -31782000.0,
        "Net Interest Income": NaN,
        "Interest Expense": NaN,
        "Interest Income": NaN,
        "Normalized Income": -35194000.0,
        "Net Income From Continuing And Discontinued Operation": -35194000.0,
        "Total Expenses": 33795000.0,
        "Total Operating Income As Reported": -33795000.0,
        "Diluted Average Shares": 12774553.0,
        "Basic Average Shares": 12774553.0,
        "Diluted EPS": -1.37,
        "Basic EPS": -1.37,
        "Diluted NI Availto Com Stockholders": -35194000.0,
        "Net Income Common Stockholders": -35194000.0,
        "Net Income": -35194000.0,
        "Net Income Including Noncontrolling Interests": -35194000.0,
        "Net Income Continuous Operations": -35194000.0,
        "Pretax Income": -35194000.0,
        "Other Income Expense": NaN,
        "Other Non Operating Income Expenses": NaN,
        "Net Non Operating Interest Income Expense": NaN,
        "Interest Expense Non Operating": NaN,
        "Interest Income Non Operating": NaN,
        "Operating Income": -33795000.0,
        "Operating Expense": 33795000.0,
        "Research And Development": 37359000.0,
        "Selling General And Administration": -3564000.0,
        "General And Administrative Expense": -3564000.0,
        "Other Gand A": -3564000.0,
        "Total Revenue": 0.0,
        "Operating Revenue": 0.0
    },
    "2025-03-31": {
        "Tax Effect Of Unusual Items": 0.0,
        "Tax Rate For Calcs": 0.0,
        "Normalized EBITDA": -16788000.0,
        "Net Income From Continuing Operation Net Minority Interest": -15925000.0,
        "Reconciled Depreciation": 212000.0,
        "EBITDA": -16788000.0,
        "EBIT": -17000000.0,
        "Net Interest Income": 1075000.0,
        "Interest Expense": NaN,
        "Interest Income": 1075000.0,
        "Normalized Income": -15925000.0,
        "Net Income From Continuing And Discontinued Operation": -15925000.0,
        "Total Expenses": 17000000.0,
        "Total Operating Income As Reported": -17000000.0,
        "Diluted Average Shares": 13424335.0,
        "Basic Average Shares": 13424335.0,
        "Diluted EPS": -1.19,
        "Basic EPS": -1.19,
        "Diluted NI Availto Com Stockholders": -15925000.0,
        "Net Income Common Stockholders": -15925000.0,
        "Net Income": -15925000.0,
        "Net Income Including Noncontrolling Interests": -15925000.0,
        "Net Income Continuous Operations": -15925000.0,
        "Pretax Income": -15925000.0,
        "Other Income Expense": NaN,
        "Other Non Operating Income Expenses": NaN,
        "Net Non Operating Interest Income Expense": 1075000.0,
        "Interest Expense Non Operating": NaN,
        "Interest Income Non Operating": 1075000.0,
        "Operating Income": -17000000.0,
        "Operating Expense": 17000000.0,
        "Research And Development": 13012000.0,
        "Selling General And Administration": 3988000.0,
        "General And Administrative Expense": 3988000.0,
        "Other Gand A": 3988000.0,
        "Total Revenue": 0.0,
        "Operating Revenue": 0.0
    },
    "2025-06-30": {
        "Tax Effect Of Unusual Items": 0.0,
        "Tax Rate For Calcs": 0.0,
        "Normalized EBITDA": -15178000.0,
        "Net Income From Continuing Operation Net Minority Interest": -15390000.0,
        "Reconciled Depreciation": 212000.0,
        "EBITDA": -15178000.0,
        "EBIT": -15390000.0,
        "Net Interest Income": 934000.0,
        "Interest Expense": 0.0,
        "Interest Income": 934000.0,
        "Normalized Income": -15390000.0,
        "Net Income From Continuing And Discontinued Operation": -15390000.0,
        "Total Expenses": 16324000.0,
        "Total Operating Income As Reported": -16324000.0,
        "Diluted Average Shares": 13509080.0,
        "Basic Average Shares": 13509080.0,
        "Diluted EPS": -1.14,
        "Basic EPS": -1.14,
        "Diluted NI Availto Com Stockholders": -15390000.0,
        "Net Income Common Stockholders": -15390000.0,
        "Net Income": -15390000.0,
        "Net Income Including Noncontrolling Interests": -15390000.0,
        "Net Income Continuous Operations": -15390000.0,
        "Pretax Income": -15390000.0,
        "Other Income Expense": NaN,
        "Other Non Operating Income Expenses": NaN,
        "Net Non Operating Interest Income Expense": 934000.0,
        "Interest Expense Non Operating": 0.0,
        "Interest Income Non Operating": 934000.0,
        "Operating Income": -16324000.0,
        "Operating Expense": 16324000.0,
        "Research And Development": 12613000.0,
        "Selling General And Administration": 3711000.0,
        "General And Administrative Expense": 3711000.0,
        "Other Gand A": 3711000.0,
        "Total Revenue": 0.0,
        "Operating Revenue": 0.0
    },
    "2025-09-30": {
        "Tax Effect Of Unusual Items": 0.0,
        "Tax Rate For Calcs": 0.0,
        "Normalized EBITDA": -14493000.0,
        "Net Income From Continuing Operation Net Minority Interest": -14699000.0,
        "Reconciled Depreciation": 204000.0,
        "EBITDA": -14493000.0,
        "EBIT": -14697000.0,
        "Net Interest Income": 802000.0,
        "Interest Expense": 2000.0,
        "Interest Income": 804000.0,
        "Normalized Income": -14699000.0,
        "Net Income From Continuing And Discontinued Operation": -14699000.0,
        "Total Expenses": 15501000.0,
        "Total Operating Income As Reported": -15501000.0,
        "Diluted Average Shares": 13530892.0,
        "Basic Average Shares": 13530892.0,
        "Diluted EPS": -1.09,
        "Basic EPS": -1.09,
        "Diluted NI Availto Com Stockholders": -14699000.0,
        "Net Income Common Stockholders": -14699000.0,
        "Net Income": -14699000.0,
        "Net Income Including Noncontrolling Interests": -14699000.0,
        "Net Income Continuous Operations": -14699000.0,
        "Pretax Income": -14699000.0,
        "Other Income Expense": NaN,
        "Other Non Operating Income Expenses": NaN,
        "Net Non Operating Interest Income Expense": 802000.0,
        "Interest Expense Non Operating": 2000.0,
        "Interest Income Non Operating": 804000.0,
        "Operating Income": -15501000.0,
        "Operating Expense": 15501000.0,
        "Research And Development": 11915000.0,
        "Selling General And Administration": 3586000.0,
        "General And Administrative Expense": 3586000.0,
        "Other Gand A": 3586000.0,
        "Total Revenue": 0.0,
        "Operating Revenue": 0.0
    }
}