{
    "2023-04-30": {
        "Tax Effect Of Unusual Items": NaN,
        "Tax Rate For Calcs": NaN,
        "Normalized EBITDA": NaN,
        "Total Unusual Items": NaN,
        "Total Unusual Items Excluding Goodwill": NaN,
        "Net Income From Continuing Operation Net Minority Interest": NaN,
        "Reconciled Depreciation": NaN,
        "Reconciled Cost Of Revenue": NaN,
        "EBITDA": NaN,
        "EBIT": NaN,
        "Net Interest Income": NaN,
        "Interest Income": NaN,
        "Normalized Income": NaN,
        "Net Income From Continuing And Discontinued Operation": NaN,
        "Total Expenses": NaN,
        "Total Operating Income As Reported": NaN,
        "Diluted Average Shares": NaN,
        "Basic Average Shares": NaN,
        "Diluted EPS": NaN,
        "Basic EPS": NaN,
        "Diluted NI Availto Com Stockholders": NaN,
        "Net Income Common Stockholders": NaN,
        "Net Income": NaN,
        "Net Income Including Noncontrolling Interests": NaN,
        "Net Income Continuous Operations": NaN,
        "Tax Provision": NaN,
        "Pretax Income": NaN,
        "Other Income Expense": NaN,
        "Special Income Charges": NaN,
        "Other Special Charges": NaN,
        "Net Non Operating Interest Income Expense": NaN,
        "Total Other Finance Cost": -2675000.0,
        "Interest Income Non Operating": NaN,
        "Operating Income": NaN,
        "Operating Expense": NaN,
        "Other Operating Expenses": 3281000.0,
        "Depreciation Amortization Depletion Income Statement": NaN,
        "Depreciation And Amortization In Income Statement": NaN,
        "Selling General And Administration": NaN,
        "General And Administrative Expense": NaN,
        "Other Gand A": NaN,
        "Salaries And Wages": NaN,
        "Gross Profit": NaN,
        "Cost Of Revenue": NaN,
        "Total Revenue": NaN,
        "Operating Revenue": NaN
    },
    "2023-01-31": {
        "Tax Effect Of Unusual Items": NaN,
        "Tax Rate For Calcs": NaN,
        "Normalized EBITDA": NaN,
        "Total Unusual Items": NaN,
        "Total Unusual Items Excluding Goodwill": NaN,
        "Net Income From Continuing Operation Net Minority Interest": NaN,
        "Reconciled Depreciation": NaN,
        "Reconciled Cost Of Revenue": NaN,
        "EBITDA": NaN,
        "EBIT": NaN,
        "Net Interest Income": NaN,
        "Interest Income": NaN,
        "Normalized Income": NaN,
        "Net Income From Continuing And Discontinued Operation": NaN,
        "Total Expenses": NaN,
        "Total Operating Income As Reported": NaN,
        "Diluted Average Shares": NaN,
        "Basic Average Shares": NaN,
        "Diluted EPS": NaN,
        "Basic EPS": NaN,
        "Diluted NI Availto Com Stockholders": NaN,
        "Net Income Common Stockholders": NaN,
        "Net Income": NaN,
        "Net Income Including Noncontrolling Interests": NaN,
        "Net Income Continuous Operations": NaN,
        "Tax Provision": NaN,
        "Pretax Income": NaN,
        "Other Income Expense": NaN,
        "Special Income Charges": NaN,
        "Other Special Charges": NaN,
        "Net Non Operating Interest Income Expense": NaN,
        "Total Other Finance Cost": -2085000.0,
        "Interest Income Non Operating": NaN,
        "Operating Income": NaN,
        "Operating Expense": NaN,
        "Other Operating Expenses": 1558000.0,
        "Depreciation Amortization Depletion Income Statement": NaN,
        "Depreciation And Amortization In Income Statement": NaN,
        "Selling General And Administration": NaN,
        "General And Administrative Expense": NaN,
        "Other Gand A": NaN,
        "Salaries And Wages": NaN,
        "Gross Profit": NaN,
        "Cost Of Revenue": NaN,
        "Total Revenue": NaN,
        "Operating Revenue": NaN
    },
    "2022-10-31": {
        "Tax Effect Of Unusual Items": NaN,
        "Tax Rate For Calcs": NaN,
        "Normalized EBITDA": NaN,
        "Total Unusual Items": NaN,
        "Total Unusual Items Excluding Goodwill": NaN,
        "Net Income From Continuing Operation Net Minority Interest": NaN,
        "Reconciled Depreciation": NaN,
        "Reconciled Cost Of Revenue": NaN,
        "EBITDA": NaN,
        "EBIT": NaN,
        "Net Interest Income": NaN,
        "Interest Income": 866000.0,
        "Normalized Income": NaN,
        "Net Income From Continuing And Discontinued Operation": NaN,
        "Total Expenses": NaN,
        "Total Operating Income As Reported": NaN,
        "Diluted Average Shares": NaN,
        "Basic Average Shares": NaN,
        "Diluted EPS": NaN,
        "Basic EPS": NaN,
        "Diluted NI Availto Com Stockholders": NaN,
        "Net Income Common Stockholders": NaN,
        "Net Income": NaN,
        "Net Income Including Noncontrolling Interests": NaN,
        "Net Income Continuous Operations": NaN,
        "Tax Provision": NaN,
        "Pretax Income": NaN,
        "Other Income Expense": NaN,
        "Special Income Charges": NaN,
        "Other Special Charges": NaN,
        "Net Non Operating Interest Income Expense": NaN,
        "Total Other Finance Cost": -866000.0,
        "Interest Income Non Operating": 866000.0,
        "Operating Income": NaN,
        "Operating Expense": NaN,
        "Other Operating Expenses": NaN,
        "Depreciation Amortization Depletion Income Statement": NaN,
        "Depreciation And Amortization In Income Statement": NaN,
        "Selling General And Administration": NaN,
        "General And Administrative Expense": NaN,
        "Other Gand A": NaN,
        "Salaries And Wages": NaN,
        "Gross Profit": NaN,
        "Cost Of Revenue": NaN,
        "Total Revenue": NaN,
        "Operating Revenue": NaN
    },
    "2022-07-31": {
        "Tax Effect Of Unusual Items": 0.0,
        "Tax Rate For Calcs": 0.154,
        "Normalized EBITDA": 23543000.0,
        "Net Income From Continuing Operation Net Minority Interest": 14097000.0,
        "Reconciled Depreciation": 6998000.0,
        "Reconciled Cost Of Revenue": 307453000.0,
        "EBITDA": 23543000.0,
        "EBIT": 16545000.0,
        "Net Interest Income": 123000.0,
        "Interest Income": NaN,
        "Normalized Income": 14097000.0,
        "Net Income From Continuing And Discontinued Operation": 14097000.0,
        "Total Expenses": 435937000.0,
        "Total Operating Income As Reported": 16545000.0,
        "Diluted Average Shares": 62818000.0,
        "Basic Average Shares": 62584000.0,
        "Diluted EPS": 0.22,
        "Basic EPS": 0.23,
        "Diluted NI Availto Com Stockholders": 14097000.0,
        "Net Income Common Stockholders": 14097000.0,
        "Net Income": 14097000.0,
        "Net Income Including Noncontrolling Interests": 14097000.0,
        "Net Income Continuous Operations": 14097000.0,
        "Tax Provision": 2571000.0,
        "Pretax Income": 16668000.0,
        "Net Non Operating Interest Income Expense": 123000.0,
        "Total Other Finance Cost": -123000.0,
        "Interest Income Non Operating": NaN,
        "Operating Income": 16545000.0,
        "Operating Expense": 127065000.0,
        "Other Operating Expenses": 3020000.0,
        "Depreciation Amortization Depletion Income Statement": 5579000.0,
        "Depreciation And Amortization In Income Statement": 5579000.0,
        "Selling General And Administration": 118466000.0,
        "General And Administrative Expense": NaN,
        "Other Gand A": NaN,
        "Salaries And Wages": NaN,
        "Gross Profit": 143610000.0,
        "Cost Of Revenue": 308872000.0,
        "Total Revenue": 452482000.0,
        "Operating Revenue": 452482000.0
    },
    "2022-04-30": {
        "Diluted EPS": 0.2,
        "Total Revenue": 407,
        "Gross Profit": 141,
        "Operating Income": 17,
        "EBIT": 24,
        "Net Income": 13
    },
    "2022-01-31": {
        "Diluted EPS": 0.71,
        "Total Revenue": 501,
        "Gross Profit": 183,
        "Operating Income": 57,
        "EBIT": 64,
        "Net Income": 45
    },
    "2021-10-31": {
        "Diluted EPS": 0.36,
        "Total Revenue": 383,
        "Gross Profit": 153,
        "Operating Income": 30,
        "EBIT": 37,
        "Net Income": 23
    },
    "2021-07-31": {
        "Diluted EPS": 0.52,
        "Total Revenue": 416,
        "Gross Profit": 163,
        "Operating Income": 46,
        "EBIT": 52,
        "Net Income": 34
    },
    "2021-04-30": {
        "Diluted EPS": 0.84,
        "Total Revenue": 452,
        "Gross Profit": 183,
        "Operating Income": 71,
        "EBIT": 77,
        "Net Income": 55
    },
    "2021-01-31": {
        "Diluted EPS": 0.99,
        "Total Revenue": 516,
        "Gross Profit": 205,
        "Operating Income": 85,
        "EBIT": 91,
        "Net Income": 65
    },
    "2020-10-31": {
        "Diluted EPS": 0.68,
        "Total Revenue": 414,
        "Gross Profit": 172,
        "Operating Income": 58,
        "EBIT": 64,
        "Net Income": 45
    },
    "2020-07-31": {
        "Diluted EPS": 1.5,
        "Total Revenue": 529,
        "Gross Profit": 207,
        "Operating Income": 92,
        "EBIT": 98,
        "Net Income": 99
    },
    "2020-04-30": {
        "Diluted EPS": 0.51,
        "Total Revenue": 349,
        "Gross Profit": 140,
        "Operating Income": 43,
        "EBIT": 48,
        "Net Income": 33
    },
    "2020-01-31": {
        "Diluted EPS": 0.76,
        "Total Revenue": 422,
        "Gross Profit": 166,
        "Operating Income": 65,
        "EBIT": 69,
        "Net Income": 50
    },
    "2019-10-31": {
        "Diluted EPS": 0.41,
        "Total Revenue": 327,
        "Gross Profit": 133,
        "Operating Income": 36,
        "EBIT": 40,
        "Net Income": 27
    },
    "2019-07-31": {
        "Diluted EPS": 0.38,
        "Total Revenue": 334,
        "Gross Profit": 124,
        "Operating Income": 31,
        "EBIT": 35,
        "Net Income": 25
    },
    "2019-04-30": {
        "Diluted EPS": 0.59,
        "Total Revenue": 325,
        "Gross Profit": 133,
        "Operating Income": 41,
        "EBIT": 45,
        "Net Income": 39
    },
    "2019-01-31": {
        "Diluted EPS": 0.76,
        "Total Revenue": 394,
        "Gross Profit": 157,
        "Operating Income": 62,
        "EBIT": 66,
        "Net Income": 50
    },
    "2018-10-31": {
        "Diluted EPS": 0.38,
        "Total Revenue": 284,
        "Gross Profit": 115,
        "Operating Income": 29,
        "EBIT": 33,
        "Net Income": 25
    },
    "2018-07-31": {
        "Diluted EPS": 0.45,
        "Total Revenue": 288,
        "Gross Profit": 113,
        "Operating Income": 35,
        "EBIT": 38,
        "Net Income": 30
    },
    "2018-04-30": {
        "Diluted EPS": 0.46,
        "Total Revenue": 276,
        "Gross Profit": 113,
        "Operating Income": 36,
        "EBIT": 40,
        "Net Income": 30
    },
    "2018-01-31": {
        "Diluted EPS": 1.08,
        "Total Revenue": 357,
        "Gross Profit": 140,
        "Operating Income": 54,
        "EBIT": 58,
        "Net Income": 70
    },
    "2017-10-31": {
        "Diluted EPS": 0.29,
        "Total Revenue": 238,
        "Gross Profit": 98,
        "Operating Income": 24,
        "EBIT": 27,
        "Net Income": 19
    },
    "2017-07-31": {
        "Diluted EPS": 0.3,
        "Total Revenue": 255,
        "Gross Profit": 100,
        "Operating Income": 30,
        "EBIT": 33,
        "Net Income": 20
    },
    "2017-04-30": {
        "Diluted EPS": 0.29,
        "Total Revenue": 228,
        "Gross Profit": 93,
        "Operating Income": 27,
        "EBIT": 30,
        "Net Income": 19
    },
    "2017-01-31": {
        "Diluted EPS": 0.39,
        "Total Revenue": 283,
        "Gross Profit": 113,
        "Operating Income": 41,
        "EBIT": 44,
        "Net Income": 24
    },
    "2016-10-31": {
        "Diluted EPS": 0.17,
        "Total Revenue": 202,
        "Gross Profit": 84,
        "Operating Income": 19,
        "EBIT": 22,
        "Net Income": 10
    },
    "2016-07-31": {
        "Diluted EPS": 0.21,
        "Total Revenue": 211,
        "Gross Profit": 84,
        "Operating Income": 22,
        "EBIT": 25,
        "Net Income": 13
    },
    "2016-04-30": {
        "Diluted EPS": 0.19,
        "Total Revenue": 194,
        "Gross Profit": 79,
        "Operating Income": 21,
        "EBIT": 24,
        "Net Income": 12
    },
    "2016-01-31": {
        "Diluted EPS": 0.28,
        "Total Revenue": 243,
        "Gross Profit": 99,
        "Operating Income": 33,
        "EBIT": 36,
        "Net Income": 16
    },
    "2015-10-31": {
        "Diluted EPS": 0.11,
        "Total Revenue": 175,
        "Gross Profit": 70,
        "Operating Income": 14,
        "EBIT": 17,
        "Net Income": 7
    },
    "2015-07-31": {
        "Diluted EPS": 0.12,
        "Total Revenue": 182,
        "Gross Profit": 70,
        "Operating Income": 17,
        "EBIT": 20,
        "Net Income": 6
    },
    "2015-04-30": {
        "Diluted EPS": 0.13,
        "Total Revenue": 162,
        "Gross Profit": 64,
        "Operating Income": 15,
        "EBIT": 18,
        "Net Income": 7
    },
    "2015-01-31": {
        "Diluted EPS": 0.0,
        "Total Revenue": NaN,
        "Gross Profit": NaN,
        "Operating Income": NaN,
        "EBIT": NaN,
        "Net Income": NaN
    },
    "2014-10-31": {
        "Diluted EPS": 0.1,
        "Total Revenue": 150,
        "Gross Profit": 60,
        "Operating Income": 13,
        "EBIT": 15,
        "Net Income": 5
    },
    "2014-07-31": {
        "Diluted EPS": 0.12,
        "Total Revenue": 153,
        "Gross Profit": 59,
        "Operating Income": 14,
        "EBIT": 14,
        "Net Income": 6
    },
    "2014-01-31": {
        "Diluted EPS": 0.0,
        "Total Revenue": NaN,
        "Gross Profit": NaN,
        "Operating Income": NaN,
        "EBIT": NaN,
        "Net Income": NaN
    },
    "2023-07-31": {
        "Tax Effect Of Unusual Items": NaN,
        "Tax Rate For Calcs": NaN,
        "Normalized EBITDA": NaN,
        "Total Unusual Items": NaN,
        "Total Unusual Items Excluding Goodwill": NaN,
        "Net Income From Continuing Operation Net Minority Interest": NaN,
        "Reconciled Depreciation": NaN,
        "Reconciled Cost Of Revenue": NaN,
        "EBITDA": NaN,
        "EBIT": NaN,
        "Net Interest Income": NaN,
        "Interest Income": NaN,
        "Normalized Income": NaN,
        "Net Income From Continuing And Discontinued Operation": NaN,
        "Total Expenses": NaN,
        "Total Operating Income As Reported": NaN,
        "Diluted Average Shares": NaN,
        "Basic Average Shares": NaN,
        "Diluted EPS": NaN,
        "Basic EPS": NaN,
        "Diluted NI Availto Com Stockholders": NaN,
        "Net Income Common Stockholders": NaN,
        "Net Income": NaN,
        "Net Income Including Noncontrolling Interests": NaN,
        "Net Income Continuous Operations": NaN,
        "Tax Provision": NaN,
        "Pretax Income": NaN,
        "Other Income Expense": NaN,
        "Special Income Charges": NaN,
        "Other Special Charges": NaN,
        "Net Non Operating Interest Income Expense": NaN,
        "Interest Income Non Operating": NaN,
        "Operating Income": NaN,
        "Operating Expense": NaN,
        "Other Operating Expenses": NaN,
        "Depreciation Amortization Depletion Income Statement": NaN,
        "Depreciation And Amortization In Income Statement": NaN,
        "Selling General And Administration": NaN,
        "General And Administrative Expense": 134623000.0,
        "Other Gand A": 131523000.0,
        "Salaries And Wages": 3100000.0,
        "Gross Profit": NaN,
        "Cost Of Revenue": NaN,
        "Total Revenue": NaN,
        "Operating Revenue": NaN
    },
    "2023-10-31": {
        "Tax Effect Of Unusual Items": NaN,
        "Tax Rate For Calcs": NaN,
        "Normalized EBITDA": NaN,
        "Total Unusual Items": -6293000.0,
        "Total Unusual Items Excluding Goodwill": -6293000.0,
        "Net Income From Continuing Operation Net Minority Interest": NaN,
        "Reconciled Depreciation": NaN,
        "Reconciled Cost Of Revenue": NaN,
        "EBITDA": NaN,
        "EBIT": NaN,
        "Net Interest Income": NaN,
        "Interest Income": NaN,
        "Normalized Income": NaN,
        "Net Income From Continuing And Discontinued Operation": NaN,
        "Total Expenses": NaN,
        "Total Operating Income As Reported": NaN,
        "Diluted Average Shares": NaN,
        "Basic Average Shares": NaN,
        "Diluted EPS": NaN,
        "Basic EPS": NaN,
        "Diluted NI Availto Com Stockholders": NaN,
        "Net Income Common Stockholders": NaN,
        "Net Income": NaN,
        "Net Income Including Noncontrolling Interests": NaN,
        "Net Income Continuous Operations": NaN,
        "Tax Provision": NaN,
        "Pretax Income": NaN,
        "Other Income Expense": -6293000.0,
        "Special Income Charges": -6293000.0,
        "Other Special Charges": 6293000.0,
        "Net Non Operating Interest Income Expense": NaN,
        "Interest Income Non Operating": NaN,
        "Operating Income": NaN,
        "Operating Expense": NaN,
        "Other Operating Expenses": NaN,
        "Depreciation Amortization Depletion Income Statement": NaN,
        "Depreciation And Amortization In Income Statement": NaN,
        "Selling General And Administration": NaN,
        "Gross Profit": NaN,
        "Cost Of Revenue": NaN,
        "Total Revenue": NaN,
        "Operating Revenue": NaN
    },
    "2024-01-31": {
        "Tax Effect Of Unusual Items": NaN,
        "Tax Rate For Calcs": NaN,
        "Normalized EBITDA": NaN,
        "Total Unusual Items": -1632000.0,
        "Total Unusual Items Excluding Goodwill": -1632000.0,
        "Net Income From Continuing Operation Net Minority Interest": NaN,
        "Reconciled Depreciation": NaN,
        "Reconciled Cost Of Revenue": NaN,
        "EBITDA": NaN,
        "EBIT": NaN,
        "Net Interest Income": NaN,
        "Interest Income": NaN,
        "Normalized Income": NaN,
        "Net Income From Continuing And Discontinued Operation": NaN,
        "Total Expenses": NaN,
        "Total Operating Income As Reported": NaN,
        "Diluted Average Shares": NaN,
        "Basic Average Shares": NaN,
        "Diluted EPS": NaN,
        "Basic EPS": NaN,
        "Diluted NI Availto Com Stockholders": NaN,
        "Net Income Common Stockholders": NaN,
        "Net Income": NaN,
        "Net Income Including Noncontrolling Interests": NaN,
        "Net Income Continuous Operations": NaN,
        "Tax Provision": NaN,
        "Pretax Income": NaN,
        "Other Income Expense": -1632000.0,
        "Special Income Charges": -1632000.0,
        "Other Special Charges": 1632000.0,
        "Net Non Operating Interest Income Expense": NaN,
        "Interest Income Non Operating": NaN,
        "Operating Income": NaN,
        "Operating Expense": NaN,
        "Other Operating Expenses": NaN,
        "Depreciation Amortization Depletion Income Statement": NaN,
        "Depreciation And Amortization In Income Statement": NaN,
        "Selling General And Administration": NaN,
        "Gross Profit": NaN,
        "Cost Of Revenue": NaN,
        "Total Revenue": NaN,
        "Operating Revenue": NaN
    },
    "2024-04-30": {
        "Tax Effect Of Unusual Items": NaN,
        "Tax Rate For Calcs": NaN,
        "Normalized EBITDA": NaN,
        "Total Unusual Items": -2726000.0,
        "Total Unusual Items Excluding Goodwill": -2726000.0,
        "Net Income From Continuing Operation Net Minority Interest": NaN,
        "Reconciled Depreciation": NaN,
        "Reconciled Cost Of Revenue": NaN,
        "EBITDA": NaN,
        "EBIT": NaN,
        "Net Interest Income": NaN,
        "Interest Income": NaN,
        "Normalized Income": NaN,
        "Net Income From Continuing And Discontinued Operation": NaN,
        "Total Expenses": NaN,
        "Total Operating Income As Reported": NaN,
        "Diluted Average Shares": NaN,
        "Basic Average Shares": NaN,
        "Diluted EPS": NaN,
        "Basic EPS": NaN,
        "Diluted NI Availto Com Stockholders": NaN,
        "Net Income Common Stockholders": NaN,
        "Net Income": NaN,
        "Net Income Including Noncontrolling Interests": NaN,
        "Net Income Continuous Operations": NaN,
        "Tax Provision": NaN,
        "Pretax Income": NaN,
        "Other Income Expense": -2726000.0,
        "Special Income Charges": -2726000.0,
        "Other Special Charges": 2726000.0,
        "Net Non Operating Interest Income Expense": NaN,
        "Interest Income Non Operating": NaN,
        "Operating Income": NaN,
        "Operating Expense": NaN,
        "Other Operating Expenses": NaN,
        "Depreciation Amortization Depletion Income Statement": NaN,
        "Depreciation And Amortization In Income Statement": NaN,
        "Selling General And Administration": NaN,
        "Gross Profit": NaN,
        "Cost Of Revenue": NaN,
        "Total Revenue": NaN,
        "Operating Revenue": NaN
    },
    "2024-07-31": {
        "Tax Effect Of Unusual Items": NaN,
        "Tax Rate For Calcs": NaN,
        "Normalized EBITDA": NaN,
        "Total Unusual Items": NaN,
        "Total Unusual Items Excluding Goodwill": NaN,
        "Net Income From Continuing Operation Net Minority Interest": NaN,
        "Reconciled Depreciation": NaN,
        "Reconciled Cost Of Revenue": NaN,
        "EBITDA": NaN,
        "EBIT": NaN,
        "Net Interest Income": NaN,
        "Interest Income": NaN,
        "Normalized Income": NaN,
        "Net Income From Continuing And Discontinued Operation": NaN,
        "Total Expenses": NaN,
        "Total Operating Income As Reported": NaN,
        "Diluted Average Shares": NaN,
        "Basic Average Shares": NaN,
        "Diluted EPS": NaN,
        "Basic EPS": NaN,
        "Diluted NI Availto Com Stockholders": NaN,
        "Net Income Common Stockholders": NaN,
        "Net Income": NaN,
        "Net Income Including Noncontrolling Interests": NaN,
        "Net Income Continuous Operations": NaN,
        "Tax Provision": NaN,
        "Pretax Income": NaN,
        "Other Income Expense": NaN,
        "Special Income Charges": NaN,
        "Other Special Charges": NaN,
        "Net Non Operating Interest Income Expense": NaN,
        "Interest Income Non Operating": NaN,
        "Operating Income": NaN,
        "Operating Expense": NaN,
        "Other Operating Expenses": 4595000.0,
        "Depreciation Amortization Depletion Income Statement": NaN,
        "Depreciation And Amortization In Income Statement": NaN,
        "Selling General And Administration": NaN,
        "Gross Profit": NaN,
        "Cost Of Revenue": NaN,
        "Total Revenue": NaN,
        "Operating Revenue": NaN
    },
    "2024-10-31": {
        "Tax Effect Of Unusual Items": -1872414.0,
        "Tax Rate For Calcs": 0.261,
        "Normalized EBITDA": 70544000.0,
        "Total Unusual Items": -7174000.0,
        "Total Unusual Items Excluding Goodwill": -7174000.0,
        "Net Income From Continuing Operation Net Minority Interest": 35884000.0,
        "Reconciled Depreciation": 11674000.0,
        "Reconciled Cost Of Revenue": 299591000.0,
        "EBITDA": 63370000.0,
        "EBIT": 51696000.0,
        "Net Interest Income": 4028000.0,
        "Interest Income": 4028000.0,
        "Normalized Income": 41185586.0,
        "Net Income From Continuing And Discontinued Operation": 35884000.0,
        "Total Expenses": 465732000.0,
        "Total Operating Income As Reported": 44522000.0,
        "Diluted Average Shares": 61764000.0,
        "Basic Average Shares": 61330000.0,
        "Diluted EPS": 0.58,
        "Basic EPS": 0.59,
        "Diluted NI Availto Com Stockholders": 35884000.0,
        "Net Income Common Stockholders": 35884000.0,
        "Net Income": 35884000.0,
        "Net Income Including Noncontrolling Interests": 35884000.0,
        "Net Income Continuous Operations": 35884000.0,
        "Tax Provision": 12666000.0,
        "Pretax Income": 48550000.0,
        "Other Income Expense": -7174000.0,
        "Special Income Charges": -7174000.0,
        "Other Special Charges": 7174000.0,
        "Net Non Operating Interest Income Expense": 4028000.0,
        "Interest Income Non Operating": 4028000.0,
        "Operating Income": 51696000.0,
        "Operating Expense": 162763000.0,
        "Other Operating Expenses": 7174000.0,
        "Depreciation Amortization Depletion Income Statement": 8296000.0,
        "Depreciation And Amortization In Income Statement": 8296000.0,
        "Selling General And Administration": 154467000.0,
        "Gross Profit": 214459000.0,
        "Cost Of Revenue": 302969000.0,
        "Total Revenue": 517428000.0,
        "Operating Revenue": 517428000.0
    },
    "2025-01-31": {
        "Tax Effect Of Unusual Items": -1220730.232406,
        "Tax Rate For Calcs": 0.253054,
        "Normalized EBITDA": 109924000.0,
        "Total Unusual Items": -4824000.0,
        "Total Unusual Items Excluding Goodwill": -4824000.0,
        "Net Income From Continuing Operation Net Minority Interest": 68554000.0,
        "Reconciled Depreciation": 12551000.0,
        "Reconciled Cost Of Revenue": 392137000.0,
        "EBITDA": 105100000.0,
        "EBIT": 92549000.0,
        "Net Interest Income": 4054000.0,
        "Interest Income": 4054000.0,
        "Normalized Income": 72157269.767594,
        "Net Income From Continuing And Discontinued Operation": 68554000.0,
        "Total Expenses": 574535000.0,
        "Total Operating Income As Reported": 87725000.0,
        "Diluted Average Shares": 61884000.0,
        "Basic Average Shares": 61335000.0,
        "Diluted EPS": 1.11,
        "Basic EPS": 1.12,
        "Diluted NI Availto Com Stockholders": 68554000.0,
        "Net Income Common Stockholders": 68554000.0,
        "Net Income": 68554000.0,
        "Net Income Including Noncontrolling Interests": 68554000.0,
        "Net Income Continuous Operations": 68554000.0,
        "Tax Provision": 23225000.0,
        "Pretax Income": 91779000.0,
        "Other Income Expense": -4824000.0,
        "Special Income Charges": -4824000.0,
        "Other Special Charges": 4824000.0,
        "Net Non Operating Interest Income Expense": 4054000.0,
        "Interest Income Non Operating": 4054000.0,
        "Operating Income": 92549000.0,
        "Operating Expense": 179055000.0,
        "Other Operating Expenses": 4824000.0,
        "Depreciation Amortization Depletion Income Statement": 9208000.0,
        "Depreciation And Amortization In Income Statement": 9208000.0,
        "Selling General And Administration": 169847000.0,
        "Gross Profit": 271604000.0,
        "Cost Of Revenue": 395480000.0,
        "Total Revenue": 667084000.0,
        "Operating Revenue": 667084000.0
    },
    "2025-04-30": {
        "Tax Effect Of Unusual Items": -1464320.0,
        "Tax Rate For Calcs": 0.22,
        "Normalized EBITDA": 82270000.0,
        "Total Unusual Items": -6656000.0,
        "Total Unusual Items Excluding Goodwill": -6656000.0,
        "Net Income From Continuing Operation Net Minority Interest": 47560000.0,
        "Reconciled Depreciation": 12772000.0,
        "Reconciled Cost Of Revenue": 336321000.0,
        "EBITDA": 75614000.0,
        "EBIT": 62842000.0,
        "Net Interest Income": 4788000.0,
        "Interest Income": 4788000.0,
        "Normalized Income": 52751680.0,
        "Net Income From Continuing And Discontinued Operation": 47560000.0,
        "Total Expenses": 513925000.0,
        "Total Operating Income As Reported": 56186000.0,
        "Diluted Average Shares": 61816000.0,
        "Basic Average Shares": 61343000.0,
        "Diluted EPS": 0.77,
        "Basic EPS": 0.78,
        "Diluted NI Availto Com Stockholders": 47560000.0,
        "Net Income Common Stockholders": 47560000.0,
        "Net Income": 47560000.0,
        "Net Income Including Noncontrolling Interests": 47560000.0,
        "Net Income Continuous Operations": 47560000.0,
        "Tax Provision": 13414000.0,
        "Pretax Income": 60974000.0,
        "Other Income Expense": -6656000.0,
        "Special Income Charges": -6656000.0,
        "Other Special Charges": 6656000.0,
        "Net Non Operating Interest Income Expense": 4788000.0,
        "Interest Income Non Operating": 4788000.0,
        "Operating Income": 62842000.0,
        "Operating Expense": 174189000.0,
        "Other Operating Expenses": 6656000.0,
        "Depreciation Amortization Depletion Income Statement": 9357000.0,
        "Depreciation And Amortization In Income Statement": 9357000.0,
        "Selling General And Administration": 164832000.0,
        "Gross Profit": 237031000.0,
        "Cost Of Revenue": 339736000.0,
        "Total Revenue": 576767000.0,
        "Operating Revenue": 576767000.0
    },
    "2025-07-31": {
        "Tax Effect Of Unusual Items": -2225056.0,
        "Tax Rate For Calcs": 0.248,
        "Normalized EBITDA": 108407000.0,
        "Total Unusual Items": -8972000.0,
        "Total Unusual Items Excluding Goodwill": -8972000.0,
        "Net Income From Continuing Operation Net Minority Interest": 61310000.0,
        "Reconciled Depreciation": 13489000.0,
        "Reconciled Cost Of Revenue": 404645000.0,
        "EBITDA": 99435000.0,
        "EBIT": 85946000.0,
        "Net Interest Income": 4534000.0,
        "Interest Income": 4534000.0,
        "Normalized Income": 68056944.0,
        "Net Income From Continuing And Discontinued Operation": 61310000.0,
        "Total Expenses": 593610000.0,
        "Total Operating Income As Reported": 76974000.0,
        "Diluted Average Shares": 61796000.0,
        "Basic Average Shares": 61340000.0,
        "Diluted EPS": 0.99,
        "Basic EPS": 1.0,
        "Diluted NI Availto Com Stockholders": 61310000.0,
        "Net Income Common Stockholders": 61310000.0,
        "Net Income": 61310000.0,
        "Net Income Including Noncontrolling Interests": 61310000.0,
        "Net Income Continuous Operations": 61310000.0,
        "Tax Provision": 20198000.0,
        "Pretax Income": 81508000.0,
        "Other Income Expense": -8972000.0,
        "Special Income Charges": -8972000.0,
        "Other Special Charges": 8972000.0,
        "Net Non Operating Interest Income Expense": 4534000.0,
        "Interest Income Non Operating": 4534000.0,
        "Operating Income": 85946000.0,
        "Operating Expense": 185392000.0,
        "Other Operating Expenses": 8972000.0,
        "Depreciation Amortization Depletion Income Statement": 9916000.0,
        "Depreciation And Amortization In Income Statement": 9916000.0,
        "Selling General And Administration": 175476000.0,
        "Gross Profit": 271338000.0,
        "Cost Of Revenue": 408218000.0,
        "Total Revenue": 679556000.0,
        "Operating Revenue": 679556000.0
    },
    "2025-10-31": {
        "Tax Effect Of Unusual Items": -1702230.0,
        "Tax Rate For Calcs": 0.23,
        "Normalized EBITDA": 84404000.0,
        "Total Unusual Items": -7401000.0,
        "Total Unusual Items Excluding Goodwill": -7401000.0,
        "Net Income From Continuing Operation Net Minority Interest": 46172000.0,
        "Reconciled Depreciation": 14188000.0,
        "Reconciled Cost Of Revenue": 356343000.0,
        "EBITDA": 77003000.0,
        "EBIT": 62815000.0,
        "Net Interest Income": 4524000.0,
        "Interest Income": 4524000.0,
        "Normalized Income": 51870770.0,
        "Net Income From Continuing And Discontinued Operation": 46172000.0,
        "Total Expenses": 550804000.0,
        "Total Operating Income As Reported": 55414000.0,
        "Diluted Average Shares": 61814000.0,
        "Basic Average Shares": 61346000.0,
        "Diluted EPS": 0.75,
        "Basic EPS": 0.75,
        "Diluted NI Availto Com Stockholders": 46172000.0,
        "Net Income Common Stockholders": 46172000.0,
        "Net Income": 46172000.0,
        "Net Income Including Noncontrolling Interests": 46172000.0,
        "Net Income Continuous Operations": 46172000.0,
        "Tax Provision": 13766000.0,
        "Pretax Income": 59938000.0,
        "Other Income Expense": -7401000.0,
        "Special Income Charges": -7401000.0,
        "Other Special Charges": 7401000.0,
        "Net Non Operating Interest Income Expense": 4524000.0,
        "Interest Income Non Operating": 4524000.0,
        "Operating Income": 62815000.0,
        "Operating Expense": 190839000.0,
        "Other Operating Expenses": NaN,
        "Depreciation Amortization Depletion Income Statement": 10566000.0,
        "Depreciation And Amortization In Income Statement": 10566000.0,
        "Selling General And Administration": 180273000.0,
        "Gross Profit": 253654000.0,
        "Cost Of Revenue": 359965000.0,
        "Total Revenue": 613619000.0,
        "Operating Revenue": 613619000.0
    }
}