{
    "2023-03-31": {
        "Tax Effect Of Unusual Items": 0.0,
        "Tax Rate For Calcs": 0.21,
        "Normalized EBITDA": -11471000.0,
        "Total Unusual Items": NaN,
        "Total Unusual Items Excluding Goodwill": NaN,
        "Net Income From Continuing Operation Net Minority Interest": -13706000.0,
        "Reconciled Depreciation": 2148000.0,
        "Reconciled Cost Of Revenue": 18749000.0,
        "EBITDA": -11471000.0,
        "EBIT": -13619000.0,
        "Net Interest Income": 3385000.0,
        "Interest Expense": 69000.0,
        "Interest Income": 3454000.0,
        "Normalized Income": -13706000.0,
        "Net Income From Continuing And Discontinued Operation": -13706000.0,
        "Total Expenses": 69313000.0,
        "Total Operating Income As Reported": -17073000.0,
        "Diluted Average Shares": 161691506.0,
        "Basic Average Shares": 161691506.0,
        "Diluted EPS": -0.08,
        "Basic EPS": -0.08,
        "Diluted NI Availto Com Stockholders": -13706000.0,
        "Net Income Common Stockholders": -13706000.0,
        "Otherunder Preferred Stock Dividend": NaN,
        "Net Income": -13706000.0,
        "Net Income Including Noncontrolling Interests": -13706000.0,
        "Net Income Continuous Operations": -13706000.0,
        "Tax Provision": 18000.0,
        "Pretax Income": -13688000.0,
        "Other Income Expense": NaN,
        "Other Non Operating Income Expenses": NaN,
        "Special Income Charges": NaN,
        "Restructuring And Mergern Acquisition": NaN,
        "Net Non Operating Interest Income Expense": 3385000.0,
        "Interest Expense Non Operating": 69000.0,
        "Interest Income Non Operating": 3454000.0,
        "Operating Income": -17073000.0,
        "Operating Expense": 50564000.0,
        "Research And Development": 20473000.0,
        "Selling General And Administration": 30091000.0,
        "Selling And Marketing Expense": 12881000.0,
        "General And Administrative Expense": 17210000.0,
        "Other Gand A": 17210000.0,
        "Gross Profit": 33491000.0,
        "Cost Of Revenue": 18749000.0,
        "Total Revenue": 52240000.0,
        "Operating Revenue": 52240000.0
    },
    "2022-12-31": {
        "Tax Effect Of Unusual Items": NaN,
        "Tax Rate For Calcs": NaN,
        "Normalized EBITDA": NaN,
        "Total Unusual Items": NaN,
        "Total Unusual Items Excluding Goodwill": NaN,
        "Net Income From Continuing Operation Net Minority Interest": NaN,
        "Reconciled Depreciation": NaN,
        "Reconciled Cost Of Revenue": NaN,
        "EBITDA": NaN,
        "EBIT": NaN,
        "Net Interest Income": NaN,
        "Interest Expense": NaN,
        "Interest Income": NaN,
        "Normalized Income": NaN,
        "Net Income From Continuing And Discontinued Operation": NaN,
        "Total Expenses": NaN,
        "Total Operating Income As Reported": NaN,
        "Diluted Average Shares": NaN,
        "Basic Average Shares": NaN,
        "Diluted EPS": NaN,
        "Basic EPS": NaN,
        "Diluted NI Availto Com Stockholders": NaN,
        "Net Income Common Stockholders": NaN,
        "Otherunder Preferred Stock Dividend": 0.0,
        "Net Income": NaN,
        "Net Income Including Noncontrolling Interests": NaN,
        "Net Income Continuous Operations": NaN,
        "Tax Provision": NaN,
        "Pretax Income": NaN,
        "Other Income Expense": 1000.0,
        "Other Non Operating Income Expenses": 1000.0,
        "Special Income Charges": NaN,
        "Restructuring And Mergern Acquisition": NaN,
        "Net Non Operating Interest Income Expense": NaN,
        "Interest Expense Non Operating": NaN,
        "Interest Income Non Operating": NaN,
        "Operating Income": NaN,
        "Operating Expense": NaN,
        "Research And Development": NaN,
        "Selling General And Administration": NaN,
        "Selling And Marketing Expense": NaN,
        "General And Administrative Expense": NaN,
        "Other Gand A": NaN,
        "Gross Profit": NaN,
        "Cost Of Revenue": NaN,
        "Total Revenue": NaN,
        "Operating Revenue": NaN
    },
    "2022-09-30": {
        "Tax Effect Of Unusual Items": NaN,
        "Tax Rate For Calcs": NaN,
        "Normalized EBITDA": NaN,
        "Total Unusual Items": 0.0,
        "Total Unusual Items Excluding Goodwill": 0.0,
        "Net Income From Continuing Operation Net Minority Interest": NaN,
        "Reconciled Depreciation": NaN,
        "Reconciled Cost Of Revenue": NaN,
        "EBITDA": NaN,
        "EBIT": NaN,
        "Net Interest Income": NaN,
        "Interest Expense": NaN,
        "Interest Income": NaN,
        "Normalized Income": NaN,
        "Net Income From Continuing And Discontinued Operation": NaN,
        "Total Expenses": NaN,
        "Total Operating Income As Reported": NaN,
        "Diluted Average Shares": NaN,
        "Basic Average Shares": NaN,
        "Diluted EPS": NaN,
        "Basic EPS": NaN,
        "Diluted NI Availto Com Stockholders": NaN,
        "Net Income Common Stockholders": NaN,
        "Otherunder Preferred Stock Dividend": 0.0,
        "Net Income": NaN,
        "Net Income Including Noncontrolling Interests": NaN,
        "Net Income Continuous Operations": NaN,
        "Tax Provision": NaN,
        "Pretax Income": NaN,
        "Other Income Expense": NaN,
        "Other Non Operating Income Expenses": -7000.0,
        "Special Income Charges": 0.0,
        "Restructuring And Mergern Acquisition": 0.0,
        "Net Non Operating Interest Income Expense": NaN,
        "Interest Expense Non Operating": NaN,
        "Interest Income Non Operating": NaN,
        "Operating Income": NaN,
        "Operating Expense": NaN,
        "Research And Development": NaN,
        "Selling General And Administration": NaN,
        "Selling And Marketing Expense": NaN,
        "General And Administrative Expense": NaN,
        "Other Gand A": NaN,
        "Gross Profit": NaN,
        "Cost Of Revenue": NaN,
        "Total Revenue": NaN,
        "Operating Revenue": NaN
    },
    "2022-06-30": {
        "Tax Effect Of Unusual Items": 0.0,
        "Tax Rate For Calcs": 0.4,
        "Normalized EBITDA": -10429000.0,
        "Total Unusual Items": NaN,
        "Total Unusual Items Excluding Goodwill": NaN,
        "Net Income From Continuing Operation Net Minority Interest": -11673000.0,
        "Reconciled Depreciation": 963000.0,
        "Reconciled Cost Of Revenue": 14168000.0,
        "EBITDA": -10429000.0,
        "EBIT": -11392000.0,
        "Net Interest Income": 487000.0,
        "Interest Expense": 46000.0,
        "Interest Income": 533000.0,
        "Normalized Income": -11673000.0,
        "Net Income From Continuing And Discontinued Operation": -11673000.0,
        "Total Expenses": 57533000.0,
        "Total Operating Income As Reported": -11932000.0,
        "Diluted Average Shares": 160429125.0,
        "Basic Average Shares": 160429125.0,
        "Diluted EPS": -0.07,
        "Basic EPS": -0.07,
        "Diluted NI Availto Com Stockholders": -11673000.0,
        "Net Income Common Stockholders": -11673000.0,
        "Otherunder Preferred Stock Dividend": 0.0,
        "Net Income": -11673000.0,
        "Net Income Including Noncontrolling Interests": -11673000.0,
        "Net Income Continuous Operations": -11673000.0,
        "Tax Provision": 235000.0,
        "Pretax Income": -11438000.0,
        "Other Income Expense": 7000.0,
        "Other Non Operating Income Expenses": 7000.0,
        "Special Income Charges": NaN,
        "Restructuring And Mergern Acquisition": NaN,
        "Net Non Operating Interest Income Expense": 487000.0,
        "Interest Expense Non Operating": 46000.0,
        "Interest Income Non Operating": 533000.0,
        "Operating Income": -11932000.0,
        "Operating Expense": 43365000.0,
        "Research And Development": 17233000.0,
        "Selling General And Administration": 26132000.0,
        "Selling And Marketing Expense": 8897000.0,
        "General And Administrative Expense": 17235000.0,
        "Other Gand A": 17235000.0,
        "Gross Profit": 31433000.0,
        "Cost Of Revenue": 14168000.0,
        "Total Revenue": 45601000.0,
        "Operating Revenue": 45601000.0
    },
    "2023-06-30": {
        "Tax Effect Of Unusual Items": NaN,
        "Tax Rate For Calcs": NaN,
        "Normalized EBITDA": NaN,
        "Total Unusual Items": -6682000.0,
        "Total Unusual Items Excluding Goodwill": -6682000.0,
        "Net Income From Continuing Operation Net Minority Interest": NaN,
        "Reconciled Depreciation": NaN,
        "Reconciled Cost Of Revenue": NaN,
        "EBITDA": NaN,
        "EBIT": NaN,
        "Net Interest Income": NaN,
        "Interest Expense": NaN,
        "Interest Income": NaN,
        "Normalized Income": NaN,
        "Net Income From Continuing And Discontinued Operation": NaN,
        "Total Expenses": NaN,
        "Total Operating Income As Reported": NaN,
        "Diluted Average Shares": NaN,
        "Basic Average Shares": NaN,
        "Diluted EPS": NaN,
        "Basic EPS": NaN,
        "Diluted NI Availto Com Stockholders": NaN,
        "Net Income Common Stockholders": NaN,
        "Net Income": NaN,
        "Net Income Including Noncontrolling Interests": NaN,
        "Net Income Continuous Operations": NaN,
        "Tax Provision": NaN,
        "Pretax Income": NaN,
        "Other Income Expense": -6682000.0,
        "Other Non Operating Income Expenses": NaN,
        "Special Income Charges": -6682000.0,
        "Restructuring And Mergern Acquisition": 6682000.0,
        "Net Non Operating Interest Income Expense": NaN,
        "Interest Expense Non Operating": NaN,
        "Interest Income Non Operating": NaN,
        "Operating Income": NaN,
        "Operating Expense": NaN,
        "Research And Development": NaN,
        "Selling General And Administration": NaN,
        "Selling And Marketing Expense": NaN,
        "General And Administrative Expense": NaN,
        "Other Gand A": NaN,
        "Gross Profit": NaN,
        "Cost Of Revenue": NaN,
        "Total Revenue": NaN,
        "Operating Revenue": NaN
    },
    "2022-03-31": {
        "Diluted EPS": -0.07,
        "Total Revenue": 43,
        "Gross Profit": 30,
        "Operating Income": -13,
        "EBIT": -12,
        "Net Income": -12
    },
    "2021-12-31": {
        "Diluted EPS": 0.39,
        "Total Revenue": 40,
        "Gross Profit": 32,
        "Operating Income": -7,
        "EBIT": -6,
        "Net Income": -2
    },
    "2021-09-30": {
        "Diluted EPS": -0.08,
        "Total Revenue": 37,
        "Gross Profit": 29,
        "Operating Income": -11,
        "EBIT": -11,
        "Net Income": -11
    },
    "2021-06-30": {
        "Diluted EPS": -0.02,
        "Total Revenue": 36,
        "Gross Profit": 29,
        "Operating Income": -2,
        "EBIT": -2,
        "Net Income": -2
    },
    "2021-03-31": {
        "Diluted EPS": -0.63,
        "Total Revenue": 36,
        "Gross Profit": 29,
        "Operating Income": -7,
        "EBIT": -7,
        "Net Income": -26
    },
    "2020-12-31": {
        "Diluted EPS": 0.0,
        "Total Revenue": 31,
        "Gross Profit": 25,
        "Operating Income": 6,
        "EBIT": 6,
        "Net Income": -3
    },
    "2020-09-30": {
        "Diluted EPS": 0.0,
        "Total Revenue": 28,
        "Gross Profit": 23,
        "Operating Income": 7,
        "EBIT": 8,
        "Net Income": 0
    },
    "2020-06-30": {
        "Diluted EPS": 0.0,
        "Total Revenue": 24,
        "Gross Profit": 20,
        "Operating Income": 6,
        "EBIT": 6,
        "Net Income": NaN
    },
    "2020-03-31": {
        "Diluted EPS": -0.16,
        "Total Revenue": 16,
        "Gross Profit": 12,
        "Operating Income": -3,
        "EBIT": -2,
        "Net Income": -3
    },
    "2019-12-31": {
        "Diluted EPS": 0.0,
        "Total Revenue": NaN,
        "Gross Profit": NaN,
        "Operating Income": NaN,
        "EBIT": NaN,
        "Net Income": NaN
    },
    "2018-12-31": {
        "Diluted EPS": 0.0,
        "Total Revenue": NaN,
        "Gross Profit": NaN,
        "Operating Income": NaN,
        "EBIT": NaN,
        "Net Income": NaN
    },
    "2023-09-30": {
        "Tax Effect Of Unusual Items": NaN,
        "Tax Rate For Calcs": NaN,
        "Normalized EBITDA": NaN,
        "Total Unusual Items": -166000.0,
        "Total Unusual Items Excluding Goodwill": -166000.0,
        "Net Income From Continuing Operation Net Minority Interest": NaN,
        "Reconciled Depreciation": NaN,
        "Reconciled Cost Of Revenue": NaN,
        "EBITDA": NaN,
        "EBIT": NaN,
        "Net Interest Income": NaN,
        "Interest Expense": NaN,
        "Interest Income": NaN,
        "Normalized Income": NaN,
        "Net Income From Continuing And Discontinued Operation": NaN,
        "Total Expenses": NaN,
        "Total Operating Income As Reported": NaN,
        "Diluted Average Shares": NaN,
        "Basic Average Shares": NaN,
        "Diluted EPS": NaN,
        "Basic EPS": NaN,
        "Diluted NI Availto Com Stockholders": NaN,
        "Net Income Common Stockholders": NaN,
        "Net Income": NaN,
        "Net Income Including Noncontrolling Interests": NaN,
        "Net Income Continuous Operations": NaN,
        "Tax Provision": NaN,
        "Pretax Income": NaN,
        "Other Income Expense": NaN,
        "Other Non Operating Income Expenses": NaN,
        "Special Income Charges": -166000.0,
        "Restructuring And Mergern Acquisition": 166000.0,
        "Net Non Operating Interest Income Expense": NaN,
        "Interest Expense Non Operating": NaN,
        "Interest Income Non Operating": NaN,
        "Operating Income": NaN,
        "Operating Expense": NaN,
        "Research And Development": NaN,
        "Selling General And Administration": NaN,
        "Selling And Marketing Expense": NaN,
        "General And Administrative Expense": NaN,
        "Other Gand A": NaN,
        "Gross Profit": NaN,
        "Cost Of Revenue": NaN,
        "Total Revenue": NaN,
        "Operating Revenue": NaN
    },
    "2023-12-31": {
        "Tax Effect Of Unusual Items": NaN,
        "Tax Rate For Calcs": NaN,
        "Normalized EBITDA": NaN,
        "Total Unusual Items": 0.0,
        "Total Unusual Items Excluding Goodwill": 0.0,
        "Net Income From Continuing Operation Net Minority Interest": NaN,
        "Reconciled Depreciation": NaN,
        "Reconciled Cost Of Revenue": NaN,
        "EBITDA": NaN,
        "EBIT": NaN,
        "Net Interest Income": NaN,
        "Interest Expense": NaN,
        "Interest Income": NaN,
        "Normalized Income": NaN,
        "Net Income From Continuing And Discontinued Operation": NaN,
        "Total Expenses": NaN,
        "Total Operating Income As Reported": NaN,
        "Diluted Average Shares": NaN,
        "Basic Average Shares": NaN,
        "Diluted EPS": NaN,
        "Basic EPS": NaN,
        "Diluted NI Availto Com Stockholders": NaN,
        "Net Income Common Stockholders": NaN,
        "Net Income": NaN,
        "Net Income Including Noncontrolling Interests": NaN,
        "Net Income Continuous Operations": NaN,
        "Tax Provision": NaN,
        "Pretax Income": NaN,
        "Other Income Expense": -2000.0,
        "Other Non Operating Income Expenses": -2000.0,
        "Special Income Charges": 0.0,
        "Restructuring And Mergern Acquisition": 0.0,
        "Net Non Operating Interest Income Expense": NaN,
        "Interest Expense Non Operating": NaN,
        "Interest Income Non Operating": NaN,
        "Operating Income": NaN,
        "Operating Expense": NaN,
        "Research And Development": NaN,
        "Selling General And Administration": NaN,
        "Selling And Marketing Expense": NaN,
        "General And Administrative Expense": NaN,
        "Other Gand A": NaN,
        "Gross Profit": NaN,
        "Cost Of Revenue": NaN,
        "Total Revenue": NaN,
        "Operating Revenue": NaN
    },
    "2024-03-31": {
        "Tax Effect Of Unusual Items": 0.0,
        "Tax Rate For Calcs": 0.21,
        "Normalized EBITDA": 853000.0,
        "Total Unusual Items": NaN,
        "Total Unusual Items Excluding Goodwill": NaN,
        "Net Income From Continuing Operation Net Minority Interest": -2356000.0,
        "Reconciled Depreciation": 3103000.0,
        "Reconciled Cost Of Revenue": 29303000.0,
        "EBITDA": 853000.0,
        "EBIT": -2250000.0,
        "Net Interest Income": 4838000.0,
        "Interest Expense": 69000.0,
        "Interest Income": 4907000.0,
        "Normalized Income": -2356000.0,
        "Net Income From Continuing And Discontinued Operation": -2356000.0,
        "Total Expenses": 73671000.0,
        "Total Operating Income As Reported": -7160000.0,
        "Diluted Average Shares": 162320759.0,
        "Basic Average Shares": 162320759.0,
        "Diluted EPS": -0.01,
        "Basic EPS": -0.01,
        "Diluted NI Availto Com Stockholders": -2356000.0,
        "Net Income Common Stockholders": -2356000.0,
        "Net Income": -2356000.0,
        "Net Income Including Noncontrolling Interests": -2356000.0,
        "Net Income Continuous Operations": -2356000.0,
        "Tax Provision": 37000.0,
        "Pretax Income": -2319000.0,
        "Other Income Expense": 3000.0,
        "Other Non Operating Income Expenses": 3000.0,
        "Special Income Charges": NaN,
        "Restructuring And Mergern Acquisition": NaN,
        "Net Non Operating Interest Income Expense": 4838000.0,
        "Interest Expense Non Operating": 69000.0,
        "Interest Income Non Operating": 4907000.0,
        "Operating Income": -7160000.0,
        "Operating Expense": 44368000.0,
        "Research And Development": 16999000.0,
        "Selling General And Administration": 27369000.0,
        "Selling And Marketing Expense": 14613000.0,
        "General And Administrative Expense": 12756000.0,
        "Other Gand A": 12756000.0,
        "Gross Profit": 37208000.0,
        "Cost Of Revenue": 29303000.0,
        "Total Revenue": 66511000.0,
        "Operating Revenue": 66511000.0
    },
    "2024-06-30": {
        "Tax Effect Of Unusual Items": 0.0,
        "Tax Rate For Calcs": 0.013262,
        "Normalized EBITDA": 9307000.0,
        "Total Unusual Items": 0.0,
        "Total Unusual Items Excluding Goodwill": 0.0,
        "Net Income From Continuing Operation Net Minority Interest": 5729000.0,
        "Reconciled Depreciation": 3486000.0,
        "Reconciled Cost Of Revenue": 30599000.0,
        "EBITDA": 9307000.0,
        "EBIT": 5821000.0,
        "Net Interest Income": 4829000.0,
        "Interest Expense": 15000.0,
        "Interest Income": 4844000.0,
        "Normalized Income": 5729000.0,
        "Net Income From Continuing And Discontinued Operation": 5729000.0,
        "Total Expenses": 69527000.0,
        "Total Operating Income As Reported": 977000.0,
        "Diluted Average Shares": 170472824.0,
        "Basic Average Shares": 161197680.0,
        "Diluted EPS": 0.03,
        "Basic EPS": 0.04,
        "Diluted NI Availto Com Stockholders": 5729000.0,
        "Net Income Common Stockholders": 5729000.0,
        "Net Income": 5729000.0,
        "Net Income Including Noncontrolling Interests": 5729000.0,
        "Net Income Continuous Operations": 5729000.0,
        "Tax Provision": 77000.0,
        "Pretax Income": 5806000.0,
        "Other Income Expense": NaN,
        "Other Non Operating Income Expenses": NaN,
        "Special Income Charges": 0.0,
        "Restructuring And Mergern Acquisition": 0.0,
        "Net Non Operating Interest Income Expense": 4829000.0,
        "Interest Expense Non Operating": 15000.0,
        "Interest Income Non Operating": 4844000.0,
        "Operating Income": 977000.0,
        "Operating Expense": 38928000.0,
        "Research And Development": 16957000.0,
        "Selling General And Administration": 21971000.0,
        "Selling And Marketing Expense": 13307000.0,
        "General And Administrative Expense": 8664000.0,
        "Other Gand A": 8664000.0,
        "Gross Profit": 39905000.0,
        "Cost Of Revenue": 30599000.0,
        "Total Revenue": 70504000.0,
        "Operating Revenue": 70504000.0
    },
    "2024-09-30": {
        "Tax Effect Of Unusual Items": -503160.0,
        "Tax Rate For Calcs": 0.21,
        "Normalized EBITDA": 2603000.0,
        "Total Unusual Items": -2396000.0,
        "Total Unusual Items Excluding Goodwill": -2396000.0,
        "Net Income From Continuing Operation Net Minority Interest": -3635000.0,
        "Reconciled Depreciation": 3791000.0,
        "Reconciled Cost Of Revenue": 32844000.0,
        "EBITDA": 207000.0,
        "EBIT": -3584000.0,
        "Net Interest Income": 4922000.0,
        "Interest Expense": 14000.0,
        "Interest Income": 4936000.0,
        "Normalized Income": -1742160.0,
        "Net Income From Continuing And Discontinued Operation": -3635000.0,
        "Total Expenses": 77976000.0,
        "Total Operating Income As Reported": -8519000.0,
        "Diluted Average Shares": 162477259.0,
        "Basic Average Shares": 162477259.0,
        "Diluted EPS": -0.02,
        "Basic EPS": -0.02,
        "Diluted NI Availto Com Stockholders": -3635000.0,
        "Net Income Common Stockholders": -3635000.0,
        "Net Income": -3635000.0,
        "Net Income Including Noncontrolling Interests": -3635000.0,
        "Net Income Continuous Operations": -3635000.0,
        "Tax Provision": 37000.0,
        "Pretax Income": -3598000.0,
        "Other Income Expense": -2397000.0,
        "Other Non Operating Income Expenses": -1000.0,
        "Special Income Charges": -2396000.0,
        "Restructuring And Mergern Acquisition": 2396000.0,
        "Net Non Operating Interest Income Expense": 4922000.0,
        "Interest Expense Non Operating": 14000.0,
        "Interest Income Non Operating": 4936000.0,
        "Operating Income": -6123000.0,
        "Operating Expense": 45132000.0,
        "Research And Development": 17170000.0,
        "Selling General And Administration": 27962000.0,
        "Selling And Marketing Expense": 12832000.0,
        "General And Administrative Expense": 15130000.0,
        "Other Gand A": 15130000.0,
        "Gross Profit": 39009000.0,
        "Cost Of Revenue": 32844000.0,
        "Total Revenue": 71853000.0,
        "Operating Revenue": 71853000.0
    },
    "2024-12-31": {
        "Tax Effect Of Unusual Items": 0.0,
        "Tax Rate For Calcs": 0.21,
        "Normalized EBITDA": 4243000.0,
        "Total Unusual Items": 0.0,
        "Total Unusual Items Excluding Goodwill": 0.0,
        "Net Income From Continuing Operation Net Minority Interest": -635000.0,
        "Reconciled Depreciation": 4056000.0,
        "Reconciled Cost Of Revenue": 35769000.0,
        "EBITDA": 4243000.0,
        "EBIT": 187000.0,
        "Net Interest Income": 4578000.0,
        "Interest Expense": 15000.0,
        "Interest Income": 4593000.0,
        "Normalized Income": -635000.0,
        "Net Income From Continuing And Discontinued Operation": -635000.0,
        "Total Expenses": 80509000.0,
        "Total Operating Income As Reported": -4439000.0,
        "Diluted Average Shares": 164405190.0,
        "Basic Average Shares": 164405190.0,
        "Diluted EPS": 0.0,
        "Basic EPS": 0.0,
        "Diluted NI Availto Com Stockholders": -635000.0,
        "Net Income Common Stockholders": -635000.0,
        "Net Income": -635000.0,
        "Net Income Including Noncontrolling Interests": -635000.0,
        "Net Income Continuous Operations": -635000.0,
        "Tax Provision": 807000.0,
        "Pretax Income": 172000.0,
        "Other Income Expense": 33000.0,
        "Other Non Operating Income Expenses": 33000.0,
        "Special Income Charges": 0.0,
        "Restructuring And Mergern Acquisition": 0.0,
        "Net Non Operating Interest Income Expense": 4578000.0,
        "Interest Expense Non Operating": 15000.0,
        "Interest Income Non Operating": 4593000.0,
        "Operating Income": -4439000.0,
        "Operating Expense": 44740000.0,
        "Research And Development": 17357000.0,
        "Selling General And Administration": 27383000.0,
        "Selling And Marketing Expense": 12390000.0,
        "General And Administrative Expense": 14993000.0,
        "Other Gand A": 14993000.0,
        "Gross Profit": 40301000.0,
        "Cost Of Revenue": 35769000.0,
        "Total Revenue": 76070000.0,
        "Operating Revenue": 76070000.0
    },
    "2025-03-31": {
        "Tax Effect Of Unusual Items": 0.0,
        "Tax Rate For Calcs": 0.043432,
        "Normalized EBITDA": 6146000.0,
        "Total Unusual Items": NaN,
        "Total Unusual Items Excluding Goodwill": NaN,
        "Net Income From Continuing Operation Net Minority Interest": 1806000.0,
        "Reconciled Depreciation": 4243000.0,
        "Reconciled Cost Of Revenue": 36366000.0,
        "EBITDA": 6146000.0,
        "EBIT": 1903000.0,
        "Net Interest Income": 4182000.0,
        "Interest Expense": 15000.0,
        "Interest Income": 4197000.0,
        "Normalized Income": 1806000.0,
        "Net Income From Continuing And Discontinued Operation": 1806000.0,
        "Total Expenses": 83096000.0,
        "Total Operating Income As Reported": -2416000.0,
        "Diluted Average Shares": 178703591.0,
        "Basic Average Shares": 166330328.0,
        "Diluted EPS": 0.01,
        "Basic EPS": 0.01,
        "Diluted NI Availto Com Stockholders": 1806000.0,
        "Net Income Common Stockholders": 1806000.0,
        "Net Income": 1806000.0,
        "Net Income Including Noncontrolling Interests": 1806000.0,
        "Net Income Continuous Operations": 1806000.0,
        "Tax Provision": 82000.0,
        "Pretax Income": 1888000.0,
        "Other Income Expense": 122000.0,
        "Other Non Operating Income Expenses": 122000.0,
        "Special Income Charges": NaN,
        "Restructuring And Mergern Acquisition": NaN,
        "Net Non Operating Interest Income Expense": 4182000.0,
        "Interest Expense Non Operating": 15000.0,
        "Interest Income Non Operating": 4197000.0,
        "Operating Income": -2416000.0,
        "Operating Expense": 46730000.0,
        "Research And Development": 17108000.0,
        "Selling General And Administration": 29622000.0,
        "Selling And Marketing Expense": 13832000.0,
        "General And Administrative Expense": 15790000.0,
        "Other Gand A": 15790000.0,
        "Gross Profit": 44314000.0,
        "Cost Of Revenue": 36366000.0,
        "Total Revenue": 80680000.0,
        "Operating Revenue": 80680000.0
    }
}