{
    "2023-03-31": {
        "Tax Effect Of Unusual Items": NaN,
        "Tax Rate For Calcs": NaN,
        "Normalized EBITDA": NaN,
        "Total Unusual Items": 0.0,
        "Total Unusual Items Excluding Goodwill": 0.0,
        "Net Income From Continuing Operation Net Minority Interest": NaN,
        "Reconciled Depreciation": NaN,
        "Reconciled Cost Of Revenue": NaN,
        "EBITDA": NaN,
        "EBIT": NaN,
        "Net Interest Income": NaN,
        "Interest Expense": NaN,
        "Interest Income": NaN,
        "Normalized Income": NaN,
        "Net Income From Continuing And Discontinued Operation": NaN,
        "Total Expenses": NaN,
        "Total Operating Income As Reported": NaN,
        "Diluted Average Shares": NaN,
        "Basic Average Shares": NaN,
        "Diluted EPS": NaN,
        "Basic EPS": NaN,
        "Diluted NI Availto Com Stockholders": NaN,
        "Net Income Common Stockholders": NaN,
        "Net Income": NaN,
        "Net Income Including Noncontrolling Interests": NaN,
        "Net Income Continuous Operations": NaN,
        "Tax Provision": NaN,
        "Pretax Income": NaN,
        "Other Income Expense": NaN,
        "Other Non Operating Income Expenses": NaN,
        "Special Income Charges": 0.0,
        "Net Non Operating Interest Income Expense": NaN,
        "Interest Expense Non Operating": NaN,
        "Interest Income Non Operating": NaN,
        "Operating Income": NaN,
        "Operating Expense": NaN,
        "Depreciation Amortization Depletion Income Statement": NaN,
        "Depreciation And Amortization In Income Statement": NaN,
        "Amortization": NaN,
        "Amortization Of Intangibles Income Statement": NaN,
        "Selling General And Administration": NaN,
        "Gross Profit": NaN,
        "Cost Of Revenue": NaN,
        "Total Revenue": NaN,
        "Operating Revenue": NaN
    },
    "2022-12-31": {
        "Tax Effect Of Unusual Items": NaN,
        "Tax Rate For Calcs": NaN,
        "Normalized EBITDA": NaN,
        "Total Unusual Items": 0.0,
        "Total Unusual Items Excluding Goodwill": 0.0,
        "Net Income From Continuing Operation Net Minority Interest": NaN,
        "Reconciled Depreciation": NaN,
        "Reconciled Cost Of Revenue": NaN,
        "EBITDA": NaN,
        "EBIT": NaN,
        "Net Interest Income": NaN,
        "Interest Expense": NaN,
        "Interest Income": NaN,
        "Normalized Income": NaN,
        "Net Income From Continuing And Discontinued Operation": NaN,
        "Total Expenses": NaN,
        "Total Operating Income As Reported": NaN,
        "Diluted Average Shares": NaN,
        "Basic Average Shares": NaN,
        "Diluted EPS": NaN,
        "Basic EPS": NaN,
        "Diluted NI Availto Com Stockholders": NaN,
        "Net Income Common Stockholders": NaN,
        "Net Income": NaN,
        "Net Income Including Noncontrolling Interests": NaN,
        "Net Income Continuous Operations": NaN,
        "Tax Provision": NaN,
        "Pretax Income": NaN,
        "Other Income Expense": NaN,
        "Other Non Operating Income Expenses": NaN,
        "Special Income Charges": 0.0,
        "Other Special Charges": 0.0,
        "Net Non Operating Interest Income Expense": NaN,
        "Interest Expense Non Operating": NaN,
        "Interest Income Non Operating": NaN,
        "Operating Income": NaN,
        "Operating Expense": NaN,
        "Depreciation Amortization Depletion Income Statement": NaN,
        "Depreciation And Amortization In Income Statement": NaN,
        "Amortization": NaN,
        "Amortization Of Intangibles Income Statement": NaN,
        "Selling General And Administration": NaN,
        "Gross Profit": NaN,
        "Cost Of Revenue": NaN,
        "Total Revenue": NaN,
        "Operating Revenue": NaN
    },
    "2022-09-30": {
        "Tax Effect Of Unusual Items": 0.0,
        "Tax Rate For Calcs": 0.2,
        "Normalized EBITDA": 97993000.0,
        "Total Unusual Items": 0.0,
        "Total Unusual Items Excluding Goodwill": 0.0,
        "Net Income From Continuing Operation Net Minority Interest": 60763000.0,
        "Reconciled Depreciation": 11552000.0,
        "Reconciled Cost Of Revenue": 45403000.0,
        "EBITDA": 97993000.0,
        "EBIT": 86441000.0,
        "Net Interest Income": -10499000.0,
        "Interest Expense": 10499000.0,
        "Normalized Income": 60763000.0,
        "Net Income From Continuing And Discontinued Operation": 60763000.0,
        "Total Expenses": 87762000.0,
        "Total Operating Income As Reported": 88692000.0,
        "Diluted Average Shares": 691257654.0,
        "Basic Average Shares": 649099780.0,
        "Diluted EPS": 0.09,
        "Basic EPS": 0.09,
        "Diluted NI Availto Com Stockholders": 60763000.0,
        "Net Income Common Stockholders": 60763000.0,
        "Net Income": 60763000.0,
        "Net Income Including Noncontrolling Interests": 60763000.0,
        "Net Income Continuous Operations": 60763000.0,
        "Tax Provision": 15179000.0,
        "Pretax Income": 75942000.0,
        "Other Income Expense": -2251000.0,
        "Other Non Operating Income Expenses": -2251000.0,
        "Special Income Charges": 0.0,
        "Other Special Charges": NaN,
        "Net Non Operating Interest Income Expense": -10499000.0,
        "Interest Expense Non Operating": 10499000.0,
        "Operating Income": 88692000.0,
        "Operating Expense": 41136000.0,
        "Other Taxes": NaN,
        "Depreciation Amortization Depletion Income Statement": 10329000.0,
        "Depreciation And Amortization In Income Statement": 10329000.0,
        "Amortization": 10329000.0,
        "Amortization Of Intangibles Income Statement": 10329000.0,
        "Selling General And Administration": 30807000.0,
        "Gross Profit": 129828000.0,
        "Cost Of Revenue": 46626000.0,
        "Total Revenue": 176454000.0,
        "Operating Revenue": 176454000.0
    },
    "2022-06-30": {
        "Tax Effect Of Unusual Items": 0.0,
        "Tax Rate For Calcs": 0.203,
        "Normalized EBITDA": 131352000.0,
        "Total Unusual Items": 0.0,
        "Total Unusual Items Excluding Goodwill": 0.0,
        "Net Income From Continuing Operation Net Minority Interest": 87715000.0,
        "Reconciled Depreciation": 12552000.0,
        "Reconciled Cost Of Revenue": 52216000.0,
        "EBITDA": 131352000.0,
        "EBIT": 118800000.0,
        "Net Interest Income": -8694000.0,
        "Interest Expense": 8694000.0,
        "Normalized Income": 87715000.0,
        "Net Income From Continuing And Discontinued Operation": 87715000.0,
        "Total Expenses": 90879000.0,
        "Total Operating Income As Reported": 120024000.0,
        "Diluted Average Shares": 691365072.0,
        "Basic Average Shares": 648973952.0,
        "Diluted EPS": 0.13,
        "Basic EPS": 0.14,
        "Diluted NI Availto Com Stockholders": 87715000.0,
        "Net Income Common Stockholders": 87715000.0,
        "Net Income": 87715000.0,
        "Net Income Including Noncontrolling Interests": 87715000.0,
        "Net Income Continuous Operations": 87715000.0,
        "Tax Provision": 22391000.0,
        "Pretax Income": 110106000.0,
        "Other Income Expense": -1224000.0,
        "Other Non Operating Income Expenses": -1224000.0,
        "Special Income Charges": 0.0,
        "Other Special Charges": NaN,
        "Net Non Operating Interest Income Expense": -8694000.0,
        "Interest Expense Non Operating": 8694000.0,
        "Operating Income": 120024000.0,
        "Operating Expense": 36406000.0,
        "Other Taxes": NaN,
        "Depreciation Amortization Depletion Income Statement": 10295000.0,
        "Depreciation And Amortization In Income Statement": 10295000.0,
        "Amortization": 10295000.0,
        "Amortization Of Intangibles Income Statement": 10295000.0,
        "Selling General And Administration": 26111000.0,
        "Gross Profit": 156430000.0,
        "Cost Of Revenue": 54473000.0,
        "Total Revenue": 210903000.0,
        "Operating Revenue": 210903000.0
    },
    "2022-03-31": {
        "Diluted EPS": 0.09,
        "Total Revenue": 186,
        "Gross Profit": 141,
        "Operating Income": 109,
        "EBIT": 121,
        "Net Income": 62
    },
    "2021-12-31": {
        "Diluted EPS": 0.09,
        "Total Revenue": 166,
        "Gross Profit": 132,
        "Operating Income": 98,
        "EBIT": 111,
        "Net Income": 69
    },
    "2021-09-30": {
        "Diluted EPS": 0.08,
        "Total Revenue": 162,
        "Gross Profit": 127,
        "Operating Income": 87,
        "EBIT": 100,
        "Net Income": 57
    },
    "2021-06-30": {
        "Diluted EPS": 0.08,
        "Total Revenue": 152,
        "Gross Profit": 121,
        "Operating Income": 77,
        "EBIT": 90,
        "Net Income": 49
    },
    "2021-03-31": {
        "Diluted EPS": 0.07,
        "Total Revenue": 118,
        "Gross Profit": 94,
        "Operating Income": 72,
        "EBIT": 85,
        "Net Income": 46
    },
    "2020-12-31": {
        "Diluted EPS": 0.0,
        "Total Revenue": NaN,
        "Gross Profit": NaN,
        "Operating Income": NaN,
        "EBIT": NaN,
        "Net Income": NaN
    },
    "2020-09-30": {
        "Diluted EPS": 0.04,
        "Total Revenue": 89,
        "Gross Profit": 63,
        "Operating Income": 44,
        "EBIT": 44,
        "Net Income": 28
    },
    "2019-12-31": {
        "Diluted EPS": 0.0,
        "Total Revenue": NaN,
        "Gross Profit": NaN,
        "Operating Income": NaN,
        "EBIT": NaN,
        "Net Income": NaN
    },
    "2023-06-30": {
        "Tax Effect Of Unusual Items": NaN,
        "Tax Rate For Calcs": NaN,
        "Normalized EBITDA": NaN,
        "Total Unusual Items": 0.0,
        "Total Unusual Items Excluding Goodwill": 0.0,
        "Net Income From Continuing Operation Net Minority Interest": NaN,
        "Reconciled Depreciation": NaN,
        "Reconciled Cost Of Revenue": NaN,
        "EBITDA": NaN,
        "EBIT": NaN,
        "Net Interest Income": NaN,
        "Interest Expense": NaN,
        "Interest Income": NaN,
        "Normalized Income": NaN,
        "Net Income From Continuing And Discontinued Operation": NaN,
        "Total Expenses": NaN,
        "Total Operating Income As Reported": NaN,
        "Diluted Average Shares": 680349161.0,
        "Basic Average Shares": 654345056.0,
        "Diluted EPS": 0.01,
        "Basic EPS": 0.01,
        "Diluted NI Availto Com Stockholders": NaN,
        "Net Income Common Stockholders": NaN,
        "Net Income": NaN,
        "Net Income Including Noncontrolling Interests": NaN,
        "Net Income Continuous Operations": NaN,
        "Tax Provision": NaN,
        "Pretax Income": NaN,
        "Other Income Expense": NaN,
        "Other Non Operating Income Expenses": NaN,
        "Special Income Charges": 0.0,
        "Net Non Operating Interest Income Expense": NaN,
        "Interest Expense Non Operating": NaN,
        "Interest Income Non Operating": NaN,
        "Operating Income": NaN,
        "Operating Expense": NaN,
        "Depreciation Amortization Depletion Income Statement": NaN,
        "Depreciation And Amortization In Income Statement": NaN,
        "Amortization": NaN,
        "Amortization Of Intangibles Income Statement": NaN,
        "Selling General And Administration": NaN,
        "Gross Profit": NaN,
        "Cost Of Revenue": NaN,
        "Total Revenue": NaN,
        "Operating Revenue": NaN
    },
    "2023-09-30": {
        "Tax Effect Of Unusual Items": NaN,
        "Tax Rate For Calcs": NaN,
        "Normalized EBITDA": NaN,
        "Total Unusual Items": 0.0,
        "Total Unusual Items Excluding Goodwill": 0.0,
        "Net Income From Continuing Operation Net Minority Interest": NaN,
        "Reconciled Depreciation": NaN,
        "Reconciled Cost Of Revenue": NaN,
        "EBITDA": NaN,
        "EBIT": NaN,
        "Net Interest Income": NaN,
        "Interest Expense": NaN,
        "Interest Income": NaN,
        "Normalized Income": NaN,
        "Net Income From Continuing And Discontinued Operation": NaN,
        "Total Expenses": NaN,
        "Total Operating Income As Reported": NaN,
        "Diluted Average Shares": NaN,
        "Basic Average Shares": NaN,
        "Diluted EPS": NaN,
        "Basic EPS": NaN,
        "Diluted NI Availto Com Stockholders": NaN,
        "Net Income Common Stockholders": NaN,
        "Net Income": NaN,
        "Net Income Including Noncontrolling Interests": NaN,
        "Net Income Continuous Operations": NaN,
        "Tax Provision": NaN,
        "Pretax Income": NaN,
        "Other Income Expense": NaN,
        "Other Non Operating Income Expenses": NaN,
        "Special Income Charges": 0.0,
        "Net Non Operating Interest Income Expense": NaN,
        "Interest Expense Non Operating": NaN,
        "Interest Income Non Operating": NaN,
        "Operating Income": NaN,
        "Operating Expense": NaN,
        "Depreciation Amortization Depletion Income Statement": NaN,
        "Depreciation And Amortization In Income Statement": NaN,
        "Amortization": NaN,
        "Amortization Of Intangibles Income Statement": NaN,
        "Selling General And Administration": NaN,
        "Gross Profit": NaN,
        "Cost Of Revenue": NaN,
        "Total Revenue": NaN,
        "Operating Revenue": NaN
    },
    "2023-12-31": {
        "Tax Effect Of Unusual Items": NaN,
        "Tax Rate For Calcs": NaN,
        "Normalized EBITDA": NaN,
        "Total Unusual Items": 0.0,
        "Total Unusual Items Excluding Goodwill": 0.0,
        "Net Income From Continuing Operation Net Minority Interest": NaN,
        "Reconciled Depreciation": NaN,
        "Reconciled Cost Of Revenue": NaN,
        "EBITDA": NaN,
        "EBIT": NaN,
        "Net Interest Income": NaN,
        "Interest Expense": NaN,
        "Interest Income": NaN,
        "Normalized Income": NaN,
        "Net Income From Continuing And Discontinued Operation": NaN,
        "Total Expenses": NaN,
        "Total Operating Income As Reported": NaN,
        "Diluted Average Shares": NaN,
        "Basic Average Shares": NaN,
        "Diluted EPS": NaN,
        "Basic EPS": NaN,
        "Diluted NI Availto Com Stockholders": NaN,
        "Net Income Common Stockholders": NaN,
        "Net Income": NaN,
        "Net Income Including Noncontrolling Interests": NaN,
        "Net Income Continuous Operations": NaN,
        "Tax Provision": NaN,
        "Pretax Income": NaN,
        "Other Income Expense": NaN,
        "Other Non Operating Income Expenses": NaN,
        "Special Income Charges": 0.0,
        "Net Non Operating Interest Income Expense": NaN,
        "Interest Expense Non Operating": NaN,
        "Interest Income Non Operating": NaN,
        "Operating Income": NaN,
        "Operating Expense": NaN,
        "Depreciation Amortization Depletion Income Statement": NaN,
        "Depreciation And Amortization In Income Statement": NaN,
        "Amortization": NaN,
        "Amortization Of Intangibles Income Statement": NaN,
        "Selling General And Administration": NaN,
        "Gross Profit": NaN,
        "Cost Of Revenue": NaN,
        "Total Revenue": NaN,
        "Operating Revenue": NaN
    },
    "2024-03-31": {
        "Tax Effect Of Unusual Items": 0.0,
        "Tax Rate For Calcs": 0.252966,
        "Normalized EBITDA": 38498000.0,
        "Total Unusual Items": NaN,
        "Total Unusual Items Excluding Goodwill": NaN,
        "Net Income From Continuing Operation Net Minority Interest": 7746000.0,
        "Reconciled Depreciation": 13625000.0,
        "Reconciled Cost Of Revenue": 25227000.0,
        "EBITDA": 38498000.0,
        "EBIT": 24873000.0,
        "Net Interest Income": -8301000.0,
        "Interest Expense": 14504000.0,
        "Interest Income": 6203000.0,
        "Normalized Income": 7746000.0,
        "Net Income From Continuing And Discontinued Operation": 7746000.0,
        "Total Expenses": 79289000.0,
        "Total Operating Income As Reported": 19617000.0,
        "Diluted Average Shares": 663565291.0,
        "Basic Average Shares": 660821930.0,
        "Diluted EPS": 0.01,
        "Basic EPS": 0.01,
        "Diluted NI Availto Com Stockholders": 7746000.0,
        "Net Income Common Stockholders": 7746000.0,
        "Net Income": 7746000.0,
        "Net Income Including Noncontrolling Interests": 7746000.0,
        "Net Income Continuous Operations": 7746000.0,
        "Tax Provision": 2623000.0,
        "Pretax Income": 10369000.0,
        "Other Income Expense": -947000.0,
        "Other Non Operating Income Expenses": -947000.0,
        "Special Income Charges": NaN,
        "Net Non Operating Interest Income Expense": -8301000.0,
        "Interest Expense Non Operating": 14504000.0,
        "Interest Income Non Operating": 6203000.0,
        "Operating Income": 19617000.0,
        "Operating Expense": 51726000.0,
        "Depreciation Amortization Depletion Income Statement": 11289000.0,
        "Depreciation And Amortization In Income Statement": 11289000.0,
        "Amortization": 11289000.0,
        "Amortization Of Intangibles Income Statement": 11289000.0,
        "Selling General And Administration": 40437000.0,
        "Gross Profit": 71343000.0,
        "Cost Of Revenue": 27563000.0,
        "Total Revenue": 98906000.0,
        "Operating Revenue": 98906000.0
    },
    "2024-06-30": {
        "Tax Effect Of Unusual Items": 0.0,
        "Tax Rate For Calcs": 0.247,
        "Normalized EBITDA": 35446000.0,
        "Total Unusual Items": NaN,
        "Total Unusual Items Excluding Goodwill": NaN,
        "Net Income From Continuing Operation Net Minority Interest": 5779000.0,
        "Reconciled Depreciation": 13173000.0,
        "Reconciled Cost Of Revenue": 29069000.0,
        "EBITDA": 35446000.0,
        "EBIT": 22273000.0,
        "Net Interest Income": -8335000.0,
        "Interest Expense": 14594000.0,
        "Interest Income": 6259000.0,
        "Normalized Income": 5779000.0,
        "Net Income From Continuing And Discontinued Operation": 5779000.0,
        "Total Expenses": 87665000.0,
        "Total Operating Income As Reported": 16278000.0,
        "Diluted Average Shares": 663545258.0,
        "Basic Average Shares": 661734667.0,
        "Diluted EPS": 0.01,
        "Basic EPS": 0.01,
        "Diluted NI Availto Com Stockholders": 5779000.0,
        "Net Income Common Stockholders": 5779000.0,
        "Net Income": 5779000.0,
        "Net Income Including Noncontrolling Interests": 5779000.0,
        "Net Income Continuous Operations": 5779000.0,
        "Tax Provision": 1900000.0,
        "Pretax Income": 7679000.0,
        "Other Income Expense": -264000.0,
        "Other Non Operating Income Expenses": -264000.0,
        "Special Income Charges": NaN,
        "Net Non Operating Interest Income Expense": -8335000.0,
        "Interest Expense Non Operating": 14594000.0,
        "Interest Income Non Operating": 6259000.0,
        "Operating Income": 16278000.0,
        "Operating Expense": 56159000.0,
        "Depreciation Amortization Depletion Income Statement": 10736000.0,
        "Depreciation And Amortization In Income Statement": 10736000.0,
        "Amortization": 10736000.0,
        "Amortization Of Intangibles Income Statement": 10736000.0,
        "Selling General And Administration": 45423000.0,
        "Gross Profit": 72437000.0,
        "Cost Of Revenue": 31506000.0,
        "Total Revenue": 103943000.0,
        "Operating Revenue": 103943000.0
    },
    "2024-09-30": {
        "Tax Effect Of Unusual Items": 0.0,
        "Tax Rate For Calcs": 0.247,
        "Normalized EBITDA": 48727000.0,
        "Total Unusual Items": NaN,
        "Total Unusual Items Excluding Goodwill": NaN,
        "Net Income From Continuing Operation Net Minority Interest": 14797000.0,
        "Reconciled Depreciation": 13456000.0,
        "Reconciled Cost Of Revenue": 34672000.0,
        "EBITDA": 48727000.0,
        "EBIT": 35271000.0,
        "Net Interest Income": -9005000.0,
        "Interest Expense": 15610000.0,
        "Interest Income": 6605000.0,
        "Normalized Income": 14797000.0,
        "Net Income From Continuing And Discontinued Operation": 14797000.0,
        "Total Expenses": 91084000.0,
        "Total Operating Income As Reported": 27996000.0,
        "Diluted Average Shares": 666151359.0,
        "Basic Average Shares": 662248231.0,
        "Diluted EPS": 0.02,
        "Basic EPS": 0.02,
        "Diluted NI Availto Com Stockholders": 14797000.0,
        "Net Income Common Stockholders": 14797000.0,
        "Net Income": 14797000.0,
        "Net Income Including Noncontrolling Interests": 14797000.0,
        "Net Income Continuous Operations": 14797000.0,
        "Tax Provision": 4864000.0,
        "Pretax Income": 19661000.0,
        "Other Income Expense": 670000.0,
        "Other Non Operating Income Expenses": 670000.0,
        "Special Income Charges": NaN,
        "Net Non Operating Interest Income Expense": -9005000.0,
        "Interest Expense Non Operating": 15610000.0,
        "Interest Income Non Operating": 6605000.0,
        "Operating Income": 27996000.0,
        "Operating Expense": 53738000.0,
        "Depreciation Amortization Depletion Income Statement": 10782000.0,
        "Depreciation And Amortization In Income Statement": 10782000.0,
        "Amortization": 10782000.0,
        "Amortization Of Intangibles Income Statement": 10782000.0,
        "Selling General And Administration": 42956000.0,
        "Gross Profit": 81734000.0,
        "Cost Of Revenue": 37346000.0,
        "Total Revenue": 119080000.0,
        "Operating Revenue": 119080000.0
    },
    "2024-12-31": {
        "Tax Effect Of Unusual Items": 0.0,
        "Tax Rate For Calcs": 0.184959,
        "Normalized EBITDA": 17323000.0,
        "Total Unusual Items": NaN,
        "Total Unusual Items Excluding Goodwill": NaN,
        "Net Income From Continuing Operation Net Minority Interest": -8800000.0,
        "Reconciled Depreciation": 13243000.0,
        "Reconciled Cost Of Revenue": 31584000.0,
        "EBITDA": 17323000.0,
        "EBIT": 4080000.0,
        "Net Interest Income": -8565000.0,
        "Interest Expense": 14877000.0,
        "Interest Income": 6312000.0,
        "Normalized Income": -8800000.0,
        "Net Income From Continuing And Discontinued Operation": -8800000.0,
        "Total Expenses": 101611000.0,
        "Total Operating Income As Reported": 3045000.0,
        "Diluted Average Shares": 663154824.0,
        "Basic Average Shares": 663154824.0,
        "Diluted EPS": -0.01,
        "Basic EPS": -0.01,
        "Diluted NI Availto Com Stockholders": -8800000.0,
        "Net Income Common Stockholders": -8800000.0,
        "Net Income": -8800000.0,
        "Net Income Including Noncontrolling Interests": -8800000.0,
        "Net Income Continuous Operations": -8800000.0,
        "Tax Provision": -1997000.0,
        "Pretax Income": -10797000.0,
        "Other Income Expense": -1362000.0,
        "Other Non Operating Income Expenses": -1362000.0,
        "Special Income Charges": NaN,
        "Net Non Operating Interest Income Expense": -8565000.0,
        "Interest Expense Non Operating": 14877000.0,
        "Interest Income Non Operating": 6312000.0,
        "Operating Income": -870000.0,
        "Operating Expense": 67646000.0,
        "Depreciation Amortization Depletion Income Statement": 10862000.0,
        "Depreciation And Amortization In Income Statement": 10862000.0,
        "Amortization": 10862000.0,
        "Amortization Of Intangibles Income Statement": 10862000.0,
        "Selling General And Administration": 52869000.0,
        "Gross Profit": 66776000.0,
        "Cost Of Revenue": 33965000.0,
        "Total Revenue": 100741000.0,
        "Operating Revenue": 100741000.0
    },
    "2025-03-31": {
        "Tax Effect Of Unusual Items": 0.0,
        "Tax Rate For Calcs": 0.21,
        "Normalized EBITDA": 27978000.0,
        "Total Unusual Items": NaN,
        "Total Unusual Items Excluding Goodwill": NaN,
        "Net Income From Continuing Operation Net Minority Interest": 465000.0,
        "Reconciled Depreciation": 13372000.0,
        "Reconciled Cost Of Revenue": 27143000.0,
        "EBITDA": 27978000.0,
        "EBIT": 14606000.0,
        "Net Interest Income": -7773000.0,
        "Interest Expense": 13725000.0,
        "Interest Income": 5952000.0,
        "Normalized Income": 465000.0,
        "Net Income From Continuing And Discontinued Operation": 465000.0,
        "Total Expenses": 88502000.0,
        "Total Operating Income As Reported": 8476000.0,
        "Diluted Average Shares": 666460714.0,
        "Basic Average Shares": 664685462.0,
        "Diluted EPS": 0.0,
        "Basic EPS": 0.0,
        "Diluted NI Availto Com Stockholders": 465000.0,
        "Net Income Common Stockholders": 465000.0,
        "Net Income": 465000.0,
        "Net Income Including Noncontrolling Interests": 465000.0,
        "Net Income Continuous Operations": 465000.0,
        "Tax Provision": 416000.0,
        "Pretax Income": 881000.0,
        "Other Income Expense": 178000.0,
        "Other Non Operating Income Expenses": 178000.0,
        "Special Income Charges": NaN,
        "Net Non Operating Interest Income Expense": -7773000.0,
        "Interest Expense Non Operating": 13725000.0,
        "Interest Income Non Operating": 5952000.0,
        "Operating Income": 8476000.0,
        "Operating Expense": 58880000.0,
        "Depreciation Amortization Depletion Income Statement": 10893000.0,
        "Depreciation And Amortization In Income Statement": 10893000.0,
        "Amortization": 10893000.0,
        "Amortization Of Intangibles Income Statement": 10893000.0,
        "Selling General And Administration": 47987000.0,
        "Gross Profit": 67356000.0,
        "Cost Of Revenue": 29622000.0,
        "Total Revenue": 96978000.0,
        "Operating Revenue": 96978000.0
    },
    "2025-06-30": {
        "Tax Effect Of Unusual Items": 0.0,
        "Tax Rate For Calcs": 0.146,
        "Normalized EBITDA": 16516000.0,
        "Total Unusual Items": NaN,
        "Total Unusual Items Excluding Goodwill": NaN,
        "Net Income From Continuing Operation Net Minority Interest": -7742000.0,
        "Reconciled Depreciation": 13206000.0,
        "Reconciled Cost Of Revenue": 28373000.0,
        "EBITDA": 16516000.0,
        "EBIT": 3310000.0,
        "Net Interest Income": -8848000.0,
        "Interest Expense": 12375000.0,
        "Interest Income": 3527000.0,
        "Normalized Income": -7742000.0,
        "Net Income From Continuing And Discontinued Operation": -7742000.0,
        "Total Expenses": 107488000.0,
        "Total Operating Income As Reported": -1204000.0,
        "Diluted Average Shares": 665953788.0,
        "Basic Average Shares": 665953788.0,
        "Diluted EPS": -0.01,
        "Basic EPS": -0.01,
        "Diluted NI Availto Com Stockholders": -7742000.0,
        "Net Income Common Stockholders": -7742000.0,
        "Net Income": -7742000.0,
        "Net Income Including Noncontrolling Interests": -7742000.0,
        "Net Income Continuous Operations": -7742000.0,
        "Tax Provision": -1323000.0,
        "Pretax Income": -9065000.0,
        "Other Income Expense": 987000.0,
        "Other Non Operating Income Expenses": 987000.0,
        "Special Income Charges": NaN,
        "Net Non Operating Interest Income Expense": -8848000.0,
        "Interest Expense Non Operating": 12375000.0,
        "Interest Income Non Operating": 3527000.0,
        "Operating Income": -1204000.0,
        "Operating Expense": 76839000.0,
        "Depreciation Amortization Depletion Income Statement": 10930000.0,
        "Depreciation And Amortization In Income Statement": 10930000.0,
        "Amortization": 10930000.0,
        "Amortization Of Intangibles Income Statement": 10930000.0,
        "Selling General And Administration": 65909000.0,
        "Gross Profit": 75635000.0,
        "Cost Of Revenue": 30649000.0,
        "Total Revenue": 106284000.0,
        "Operating Revenue": 106284000.0
    }
}