{
    "2023-03-31": {
        "Tax Effect Of Unusual Items": 0.0,
        "Tax Rate For Calcs": 0.291852,
        "Normalized EBITDA": 1259000.0,
        "Net Income From Continuing Operation Net Minority Interest": -15000000.0,
        "Reconciled Depreciation": 24222000.0,
        "Reconciled Cost Of Revenue": 165600000.0,
        "EBITDA": 1259000.0,
        "EBIT": -22963000.0,
        "Net Interest Income": 1781000.0,
        "Normalized Income": -15000000.0,
        "Net Income From Continuing And Discontinued Operation": -15000000.0,
        "Total Expenses": 313592000.0,
        "Total Operating Income As Reported": -22963000.0,
        "Diluted Average Shares": 44887000.0,
        "Basic Average Shares": 44887000.0,
        "Diluted EPS": -0.33,
        "Basic EPS": -0.33,
        "Diluted NI Availto Com Stockholders": -15000000.0,
        "Net Income Common Stockholders": -15000000.0,
        "Net Income": -15000000.0,
        "Net Income Including Noncontrolling Interests": -15000000.0,
        "Net Income Continuous Operations": -15000000.0,
        "Tax Provision": -6182000.0,
        "Pretax Income": -21182000.0,
        "Net Non Operating Interest Income Expense": 1781000.0,
        "Total Other Finance Cost": -1781000.0,
        "Operating Income": -22963000.0,
        "Operating Expense": 147992000.0,
        "Research And Development": 22878000.0,
        "Selling General And Administration": 125114000.0,
        "General And Administrative Expense": NaN,
        "Other Gand A": NaN,
        "Salaries And Wages": NaN,
        "Gross Profit": 125029000.0,
        "Cost Of Revenue": 165600000.0,
        "Total Revenue": 290629000.0,
        "Operating Revenue": 290629000.0
    },
    "2022-12-31": {
        "Tax Effect Of Unusual Items": 0.0,
        "Tax Rate For Calcs": 0.20009,
        "Normalized EBITDA": -13740000.0,
        "Net Income From Continuing Operation Net Minority Interest": -28408000.0,
        "Reconciled Depreciation": 24617000.0,
        "Reconciled Cost Of Revenue": 175921000.0,
        "EBITDA": -13740000.0,
        "EBIT": -38357000.0,
        "Net Interest Income": 2843000.0,
        "Normalized Income": -28408000.0,
        "Net Income From Continuing And Discontinued Operation": -28408000.0,
        "Total Expenses": 336031000.0,
        "Total Operating Income As Reported": -38357000.0,
        "Diluted Average Shares": 44678000.0,
        "Basic Average Shares": 44678000.0,
        "Diluted EPS": -0.64,
        "Basic EPS": -0.64,
        "Diluted NI Availto Com Stockholders": -28408000.0,
        "Net Income Common Stockholders": -28408000.0,
        "Net Income": -28408000.0,
        "Net Income Including Noncontrolling Interests": -28408000.0,
        "Net Income Continuous Operations": -28408000.0,
        "Tax Provision": -7106000.0,
        "Pretax Income": -35514000.0,
        "Net Non Operating Interest Income Expense": 2843000.0,
        "Total Other Finance Cost": -2843000.0,
        "Operating Income": -38357000.0,
        "Operating Expense": 160110000.0,
        "Research And Development": 28413000.0,
        "Selling General And Administration": 131697000.0,
        "General And Administrative Expense": NaN,
        "Other Gand A": NaN,
        "Salaries And Wages": NaN,
        "Gross Profit": 121753000.0,
        "Cost Of Revenue": 175921000.0,
        "Total Revenue": 297674000.0,
        "Operating Revenue": 297674000.0
    },
    "2022-09-30": {
        "Tax Effect Of Unusual Items": 0.0,
        "Tax Rate For Calcs": 0.031356,
        "Normalized EBITDA": 43199000.0,
        "Net Income From Continuing Operation Net Minority Interest": 16774000.0,
        "Reconciled Depreciation": 24734000.0,
        "Reconciled Cost Of Revenue": 188964000.0,
        "EBITDA": 43199000.0,
        "EBIT": 18465000.0,
        "Net Interest Income": -1148000.0,
        "Interest Income": NaN,
        "Normalized Income": 16774000.0,
        "Net Income From Continuing And Discontinued Operation": 16774000.0,
        "Total Expenses": 329594000.0,
        "Total Operating Income As Reported": 18465000.0,
        "Diluted Average Shares": 45819000.0,
        "Basic Average Shares": 44441000.0,
        "Diluted EPS": 0.37,
        "Basic EPS": 0.38,
        "Diluted NI Availto Com Stockholders": 16774000.0,
        "Net Income Common Stockholders": 16774000.0,
        "Net Income": 16774000.0,
        "Net Income Including Noncontrolling Interests": 16774000.0,
        "Net Income Continuous Operations": 16774000.0,
        "Tax Provision": 543000.0,
        "Pretax Income": 17317000.0,
        "Net Non Operating Interest Income Expense": -1148000.0,
        "Total Other Finance Cost": 1148000.0,
        "Interest Income Non Operating": NaN,
        "Operating Income": 18465000.0,
        "Operating Expense": 140630000.0,
        "Research And Development": 25171000.0,
        "Selling General And Administration": 115459000.0,
        "General And Administrative Expense": NaN,
        "Other Gand A": NaN,
        "Salaries And Wages": NaN,
        "Gross Profit": 159095000.0,
        "Cost Of Revenue": 188964000.0,
        "Total Revenue": 348059000.0,
        "Operating Revenue": 348059000.0
    },
    "2022-06-30": {
        "Tax Effect Of Unusual Items": 0.0,
        "Tax Rate For Calcs": 0.158251,
        "Normalized EBITDA": 37872000.0,
        "Net Income From Continuing Operation Net Minority Interest": 9069000.0,
        "Reconciled Depreciation": 25387000.0,
        "Reconciled Cost Of Revenue": 173294000.0,
        "EBITDA": 37872000.0,
        "EBIT": 12485000.0,
        "Net Interest Income": -1711000.0,
        "Interest Income": NaN,
        "Normalized Income": 9069000.0,
        "Net Income From Continuing And Discontinued Operation": 9069000.0,
        "Total Expenses": 318901000.0,
        "Total Operating Income As Reported": 12485000.0,
        "Diluted Average Shares": 46260000.0,
        "Basic Average Shares": 44219000.0,
        "Diluted EPS": 0.2,
        "Basic EPS": 0.21,
        "Diluted NI Availto Com Stockholders": 9069000.0,
        "Net Income Common Stockholders": 9069000.0,
        "Net Income": 9069000.0,
        "Net Income Including Noncontrolling Interests": 9069000.0,
        "Net Income Continuous Operations": 9069000.0,
        "Tax Provision": 1705000.0,
        "Pretax Income": 10774000.0,
        "Net Non Operating Interest Income Expense": -1711000.0,
        "Total Other Finance Cost": 1711000.0,
        "Interest Income Non Operating": NaN,
        "Operating Income": 12485000.0,
        "Operating Expense": 145607000.0,
        "Research And Development": 26355000.0,
        "Selling General And Administration": 119252000.0,
        "General And Administrative Expense": NaN,
        "Other Gand A": NaN,
        "Salaries And Wages": NaN,
        "Gross Profit": 158092000.0,
        "Cost Of Revenue": 173294000.0,
        "Total Revenue": 331386000.0,
        "Operating Revenue": 331386000.0
    },
    "2023-06-30": {
        "Tax Effect Of Unusual Items": NaN,
        "Tax Rate For Calcs": NaN,
        "Normalized EBITDA": NaN,
        "Net Income From Continuing Operation Net Minority Interest": NaN,
        "Reconciled Depreciation": NaN,
        "Reconciled Cost Of Revenue": NaN,
        "EBITDA": NaN,
        "EBIT": NaN,
        "Net Interest Income": NaN,
        "Normalized Income": NaN,
        "Net Income From Continuing And Discontinued Operation": NaN,
        "Total Expenses": NaN,
        "Total Operating Income As Reported": NaN,
        "Diluted Average Shares": NaN,
        "Basic Average Shares": NaN,
        "Diluted EPS": NaN,
        "Basic EPS": NaN,
        "Diluted NI Availto Com Stockholders": NaN,
        "Net Income Common Stockholders": NaN,
        "Net Income": NaN,
        "Net Income Including Noncontrolling Interests": NaN,
        "Net Income Continuous Operations": NaN,
        "Tax Provision": NaN,
        "Pretax Income": NaN,
        "Net Non Operating Interest Income Expense": NaN,
        "Total Other Finance Cost": NaN,
        "Operating Income": NaN,
        "Operating Expense": NaN,
        "Research And Development": NaN,
        "Selling General And Administration": NaN,
        "General And Administrative Expense": 103558000.0,
        "Other Gand A": 93434000.0,
        "Salaries And Wages": 10124000.0,
        "Gross Profit": NaN,
        "Cost Of Revenue": NaN,
        "Total Revenue": NaN,
        "Operating Revenue": NaN
    },
    "2022-03-31": {
        "Diluted EPS": 0.17,
        "Total Revenue": 319,
        "Gross Profit": 150,
        "Operating Income": 5,
        "EBIT": 31,
        "Net Income": 8
    },
    "2021-12-31": {
        "Diluted EPS": 0.28,
        "Total Revenue": 311,
        "Gross Profit": 149,
        "Operating Income": 12,
        "EBIT": 40,
        "Net Income": 14
    },
    "2021-09-30": {
        "Diluted EPS": 0.61,
        "Total Revenue": 296,
        "Gross Profit": 147,
        "Operating Income": 29,
        "EBIT": 56,
        "Net Income": 29
    },
    "2021-06-30": {
        "Diluted EPS": 0.43,
        "Total Revenue": 273,
        "Gross Profit": 136,
        "Operating Income": 29,
        "EBIT": 55,
        "Net Income": 20
    },
    "2021-03-31": {
        "Diluted EPS": 0.3,
        "Total Revenue": 252,
        "Gross Profit": 122,
        "Operating Income": 20,
        "EBIT": 46,
        "Net Income": 14
    },
    "2020-12-31": {
        "Diluted EPS": 0.38,
        "Total Revenue": 249,
        "Gross Profit": 124,
        "Operating Income": 20,
        "EBIT": 46,
        "Net Income": 16
    },
    "2020-09-30": {
        "Diluted EPS": 0.2,
        "Total Revenue": 214,
        "Gross Profit": 97,
        "Operating Income": 10,
        "EBIT": 28,
        "Net Income": 9
    },
    "2020-06-30": {
        "Diluted EPS": -0.1,
        "Total Revenue": 200,
        "Gross Profit": 83,
        "Operating Income": -7,
        "EBIT": 10,
        "Net Income": -4
    },
    "2020-03-31": {
        "Diluted EPS": 0.26,
        "Total Revenue": 230,
        "Gross Profit": 110,
        "Operating Income": 12,
        "EBIT": 29,
        "Net Income": 11
    },
    "2019-12-31": {
        "Diluted EPS": 0.52,
        "Total Revenue": 248,
        "Gross Profit": 124,
        "Operating Income": 22,
        "EBIT": 39,
        "Net Income": 22
    },
    "2019-09-30": {
        "Diluted EPS": 0.46,
        "Total Revenue": 229,
        "Gross Profit": 112,
        "Operating Income": 25,
        "EBIT": 42,
        "Net Income": 20
    },
    "2019-06-30": {
        "Diluted EPS": 0.37,
        "Total Revenue": 217,
        "Gross Profit": 104,
        "Operating Income": 19,
        "EBIT": 35,
        "Net Income": 16
    },
    "2019-03-31": {
        "Diluted EPS": 0.08,
        "Total Revenue": 203,
        "Gross Profit": 97,
        "Operating Income": 13,
        "EBIT": 29,
        "Net Income": 3
    },
    "2018-12-31": {
        "Diluted EPS": 0.37,
        "Total Revenue": 212,
        "Gross Profit": 102,
        "Operating Income": 19,
        "EBIT": 33,
        "Net Income": 15
    },
    "2018-09-30": {
        "Diluted EPS": 0.33,
        "Total Revenue": 204,
        "Gross Profit": 99,
        "Operating Income": 17,
        "EBIT": 31,
        "Net Income": 14
    },
    "2018-06-30": {
        "Diluted EPS": 0.16,
        "Total Revenue": 189,
        "Gross Profit": 89,
        "Operating Income": 7,
        "EBIT": 20,
        "Net Income": 7
    },
    "2018-03-31": {
        "Diluted EPS": 0.07,
        "Total Revenue": 183,
        "Gross Profit": 82,
        "Operating Income": 1,
        "EBIT": 14,
        "Net Income": 3
    },
    "2017-12-31": {
        "Diluted EPS": 0.82,
        "Total Revenue": 196,
        "Gross Profit": 93,
        "Operating Income": 16,
        "EBIT": 30,
        "Net Income": 31
    },
    "2017-09-30": {
        "Diluted EPS": 0.2,
        "Total Revenue": 187,
        "Gross Profit": 85,
        "Operating Income": 12,
        "EBIT": 25,
        "Net Income": 8
    },
    "2017-06-30": {
        "Diluted EPS": 0.05,
        "Total Revenue": 181,
        "Gross Profit": 78,
        "Operating Income": -1,
        "EBIT": 13,
        "Net Income": 2
    },
    "2017-03-31": {
        "Diluted EPS": -0.28,
        "Total Revenue": 149,
        "Gross Profit": 62,
        "Operating Income": -17,
        "EBIT": -4,
        "Net Income": -10
    },
    "2016-12-31": {
        "Diluted EPS": 0.25,
        "Total Revenue": 175,
        "Gross Profit": 78,
        "Operating Income": 15,
        "EBIT": 30,
        "Net Income": 9
    },
    "2016-09-30": {
        "Diluted EPS": 0.05,
        "Total Revenue": 177,
        "Gross Profit": 82,
        "Operating Income": 5,
        "EBIT": 20,
        "Net Income": 2
    },
    "2016-06-30": {
        "Diluted EPS": -0.03,
        "Total Revenue": 173,
        "Gross Profit": 78,
        "Operating Income": 0,
        "EBIT": 15,
        "Net Income": -1
    },
    "2016-03-31": {
        "Diluted EPS": -0.01,
        "Total Revenue": 171,
        "Gross Profit": 80,
        "Operating Income": 2,
        "EBIT": 17,
        "Net Income": 0
    },
    "2015-12-31": {
        "Diluted EPS": 0.21,
        "Total Revenue": 130,
        "Gross Profit": 65,
        "Operating Income": 12,
        "EBIT": 19,
        "Net Income": 8
    },
    "2015-09-30": {
        "Diluted EPS": 0.22,
        "Total Revenue": 125,
        "Gross Profit": 64,
        "Operating Income": 14,
        "EBIT": 20,
        "Net Income": 8
    },
    "2015-06-30": {
        "Diluted EPS": 0.24,
        "Total Revenue": 113,
        "Gross Profit": 57,
        "Operating Income": 12,
        "EBIT": 19,
        "Net Income": 9
    },
    "2015-03-31": {
        "Diluted EPS": 0.17,
        "Total Revenue": 116,
        "Gross Profit": 62,
        "Operating Income": 10,
        "EBIT": 16,
        "Net Income": 6
    },
    "2014-12-31": {
        "Diluted EPS": 0.25,
        "Total Revenue": 122,
        "Gross Profit": 64,
        "Operating Income": 13,
        "EBIT": 19,
        "Net Income": 9
    },
    "2014-09-30": {
        "Diluted EPS": 0.2,
        "Total Revenue": 113,
        "Gross Profit": 60,
        "Operating Income": 14,
        "EBIT": 19,
        "Net Income": 7
    },
    "2014-06-30": {
        "Diluted EPS": 0.21,
        "Total Revenue": 105,
        "Gross Profit": 56,
        "Operating Income": 13,
        "EBIT": 17,
        "Net Income": 8
    },
    "2014-03-31": {
        "Diluted EPS": 0.17,
        "Total Revenue": 102,
        "Gross Profit": 54,
        "Operating Income": 10,
        "EBIT": 15,
        "Net Income": 6
    },
    "2013-12-31": {
        "Diluted EPS": 0.19,
        "Total Revenue": 106,
        "Gross Profit": 57,
        "Operating Income": 11,
        "EBIT": 16,
        "Net Income": 7
    },
    "2013-09-30": {
        "Diluted EPS": 0.21,
        "Total Revenue": 94,
        "Gross Profit": 52,
        "Operating Income": 11,
        "EBIT": 15,
        "Net Income": 8
    },
    "2013-06-30": {
        "Diluted EPS": 0.17,
        "Total Revenue": 94,
        "Gross Profit": 49,
        "Operating Income": 9,
        "EBIT": 14,
        "Net Income": 6
    },
    "2013-03-31": {
        "Diluted EPS": 0.1,
        "Total Revenue": 87,
        "Gross Profit": 45,
        "Operating Income": 4,
        "EBIT": 9,
        "Net Income": 3
    },
    "2012-12-31": {
        "Diluted EPS": 0.16,
        "Total Revenue": 90,
        "Gross Profit": 49,
        "Operating Income": 10,
        "EBIT": 14,
        "Net Income": 6
    },
    "2012-09-30": {
        "Diluted EPS": 0.2,
        "Total Revenue": 84,
        "Gross Profit": 46,
        "Operating Income": 11,
        "EBIT": 15,
        "Net Income": 7
    },
    "2012-06-30": {
        "Diluted EPS": 0.04,
        "Total Revenue": 75,
        "Gross Profit": 39,
        "Operating Income": 2,
        "EBIT": 5,
        "Net Income": 1
    },
    "2012-03-31": {
        "Diluted EPS": 0.07,
        "Total Revenue": 64,
        "Gross Profit": 36,
        "Operating Income": 4,
        "EBIT": 6,
        "Net Income": 2
    },
    "2011-12-31": {
        "Diluted EPS": 0.11,
        "Total Revenue": 63,
        "Gross Profit": 36,
        "Operating Income": 6,
        "EBIT": 8,
        "Net Income": 4
    },
    "2011-09-30": {
        "Diluted EPS": 0.09,
        "Total Revenue": 64,
        "Gross Profit": 34,
        "Operating Income": 5,
        "EBIT": 7,
        "Net Income": 3
    },
    "2011-06-30": {
        "Diluted EPS": 0.08,
        "Total Revenue": 61,
        "Gross Profit": 34,
        "Operating Income": 4,
        "EBIT": 6,
        "Net Income": 3
    },
    "2011-03-31": {
        "Diluted EPS": 0.02,
        "Total Revenue": 57,
        "Gross Profit": 32,
        "Operating Income": 1,
        "EBIT": 3,
        "Net Income": 1
    },
    "2010-12-31": {
        "Diluted EPS": 0.02,
        "Total Revenue": 57,
        "Gross Profit": 31,
        "Operating Income": 2,
        "EBIT": 4,
        "Net Income": 1
    },
    "2010-09-30": {
        "Diluted EPS": 0.04,
        "Total Revenue": 56,
        "Gross Profit": 30,
        "Operating Income": 3,
        "EBIT": 5,
        "Net Income": 1
    },
    "2010-06-30": {
        "Diluted EPS": 0.06,
        "Total Revenue": 55,
        "Gross Profit": 29,
        "Operating Income": 3,
        "EBIT": 6,
        "Net Income": 2
    },
    "2010-03-31": {
        "Diluted EPS": 0.03,
        "Total Revenue": 54,
        "Gross Profit": 28,
        "Operating Income": 2,
        "EBIT": 4,
        "Net Income": 1
    },
    "2009-12-31": {
        "Diluted EPS": 0.01,
        "Total Revenue": 55,
        "Gross Profit": 27,
        "Operating Income": 1,
        "EBIT": 4,
        "Net Income": 1
    },
    "2009-09-30": {
        "Diluted EPS": 0.03,
        "Total Revenue": 54,
        "Gross Profit": 27,
        "Operating Income": 1,
        "EBIT": 3,
        "Net Income": 1
    },
    "2009-06-30": {
        "Diluted EPS": 0.03,
        "Total Revenue": 53,
        "Gross Profit": 27,
        "Operating Income": 1,
        "EBIT": 4,
        "Net Income": 1
    },
    "2009-03-31": {
        "Diluted EPS": -0.06,
        "Total Revenue": 52,
        "Gross Profit": 24,
        "Operating Income": -3,
        "EBIT": 0,
        "Net Income": -2
    },
    "2023-09-30": {
        "Tax Effect Of Unusual Items": NaN,
        "Tax Rate For Calcs": NaN,
        "Normalized EBITDA": NaN,
        "Net Income From Continuing Operation Net Minority Interest": NaN,
        "Reconciled Depreciation": NaN,
        "Reconciled Cost Of Revenue": NaN,
        "EBITDA": NaN,
        "EBIT": NaN,
        "Net Interest Income": NaN,
        "Normalized Income": NaN,
        "Net Income From Continuing And Discontinued Operation": NaN,
        "Total Expenses": NaN,
        "Total Operating Income As Reported": NaN,
        "Diluted Average Shares": 45595000.0,
        "Basic Average Shares": 45333000.0,
        "Diluted EPS": 0.12,
        "Basic EPS": 0.12,
        "Diluted NI Availto Com Stockholders": NaN,
        "Net Income Common Stockholders": NaN,
        "Net Income": NaN,
        "Net Income Including Noncontrolling Interests": NaN,
        "Net Income Continuous Operations": NaN,
        "Tax Provision": NaN,
        "Pretax Income": NaN,
        "Net Non Operating Interest Income Expense": NaN,
        "Total Other Finance Cost": NaN,
        "Operating Income": NaN,
        "Operating Expense": NaN,
        "Research And Development": NaN,
        "Selling General And Administration": NaN,
        "Gross Profit": NaN,
        "Cost Of Revenue": NaN,
        "Total Revenue": NaN,
        "Operating Revenue": NaN
    },
    "2023-12-31": {
        "Tax Effect Of Unusual Items": 0.0,
        "Tax Rate For Calcs": 0.223686,
        "Normalized EBITDA": 359000.0,
        "Net Income From Continuing Operation Net Minority Interest": -14375000.0,
        "Reconciled Depreciation": 23724000.0,
        "Reconciled Cost Of Revenue": 153443000.0,
        "EBITDA": 359000.0,
        "EBIT": -23365000.0,
        "Net Interest Income": 4848000.0,
        "Normalized Income": -14375000.0,
        "Net Income From Continuing And Discontinued Operation": -14375000.0,
        "Total Expenses": 282212000.0,
        "Total Operating Income As Reported": -23365000.0,
        "Diluted Average Shares": 45495000.0,
        "Basic Average Shares": 45495000.0,
        "Diluted EPS": -0.32,
        "Basic EPS": -0.32,
        "Diluted NI Availto Com Stockholders": -14375000.0,
        "Net Income Common Stockholders": -14375000.0,
        "Net Income": -14375000.0,
        "Net Income Including Noncontrolling Interests": -14375000.0,
        "Net Income Continuous Operations": -14375000.0,
        "Tax Provision": -4142000.0,
        "Pretax Income": -18517000.0,
        "Net Non Operating Interest Income Expense": 4848000.0,
        "Total Other Finance Cost": -4848000.0,
        "Operating Income": -23365000.0,
        "Operating Expense": 128769000.0,
        "Research And Development": 26819000.0,
        "Selling General And Administration": 101950000.0,
        "Gross Profit": 105404000.0,
        "Cost Of Revenue": 153443000.0,
        "Total Revenue": 258847000.0,
        "Operating Revenue": 258847000.0
    },
    "2024-03-31": {
        "Tax Effect Of Unusual Items": 0.0,
        "Tax Rate For Calcs": 0.120857,
        "Normalized EBITDA": 1336000.0,
        "Net Income From Continuing Operation Net Minority Interest": -15676000.0,
        "Reconciled Depreciation": 23183000.0,
        "Reconciled Cost Of Revenue": 153528000.0,
        "EBITDA": 1336000.0,
        "EBIT": -21847000.0,
        "Net Interest Income": 4016000.0,
        "Normalized Income": -15676000.0,
        "Net Income From Continuing And Discontinued Operation": -15676000.0,
        "Total Expenses": 267998000.0,
        "Total Operating Income As Reported": -21847000.0,
        "Diluted Average Shares": 45732000.0,
        "Basic Average Shares": 45732000.0,
        "Diluted EPS": -0.34,
        "Basic EPS": -0.34,
        "Diluted NI Availto Com Stockholders": -15676000.0,
        "Net Income Common Stockholders": -15676000.0,
        "Net Income": -15676000.0,
        "Net Income Including Noncontrolling Interests": -15676000.0,
        "Net Income Continuous Operations": -15676000.0,
        "Tax Provision": -2155000.0,
        "Pretax Income": -17831000.0,
        "Net Non Operating Interest Income Expense": 4016000.0,
        "Total Other Finance Cost": -4016000.0,
        "Operating Income": -21847000.0,
        "Operating Expense": 114470000.0,
        "Research And Development": 22056000.0,
        "Selling General And Administration": 92414000.0,
        "Gross Profit": 92623000.0,
        "Cost Of Revenue": 153528000.0,
        "Total Revenue": 246151000.0,
        "Operating Revenue": 246151000.0
    },
    "2024-06-30": {
        "Tax Effect Of Unusual Items": 0.0,
        "Tax Rate For Calcs": 0.21,
        "Normalized EBITDA": 26031000.0,
        "Net Income From Continuing Operation Net Minority Interest": 3735000.0,
        "Reconciled Depreciation": 22807000.0,
        "Reconciled Cost Of Revenue": 162437000.0,
        "EBITDA": 26031000.0,
        "EBIT": 3224000.0,
        "Net Interest Income": 4973000.0,
        "Normalized Income": 3735000.0,
        "Net Income From Continuing And Discontinued Operation": 3735000.0,
        "Total Expenses": 273564000.0,
        "Total Operating Income As Reported": 3224000.0,
        "Diluted Average Shares": 46036000.0,
        "Basic Average Shares": 45953000.0,
        "Diluted EPS": 0.08,
        "Basic EPS": 0.08,
        "Diluted NI Availto Com Stockholders": 3735000.0,
        "Net Income Common Stockholders": 3735000.0,
        "Net Income": 3735000.0,
        "Net Income Including Noncontrolling Interests": 3735000.0,
        "Net Income Continuous Operations": 3735000.0,
        "Tax Provision": 4462000.0,
        "Pretax Income": 8197000.0,
        "Net Non Operating Interest Income Expense": 4973000.0,
        "Total Other Finance Cost": -4973000.0,
        "Operating Income": 3224000.0,
        "Operating Expense": 111127000.0,
        "Research And Development": 21102000.0,
        "Selling General And Administration": 90025000.0,
        "Gross Profit": 114351000.0,
        "Cost Of Revenue": 162437000.0,
        "Total Revenue": 276788000.0,
        "Operating Revenue": 276788000.0
    },
    "2024-09-30": {
        "Tax Effect Of Unusual Items": 0.0,
        "Tax Rate For Calcs": 0.257762,
        "Normalized EBITDA": 28119000.0,
        "Net Income From Continuing Operation Net Minority Interest": 8630000.0,
        "Reconciled Depreciation": 21555000.0,
        "Reconciled Cost Of Revenue": 160152000.0,
        "EBITDA": 28119000.0,
        "EBIT": 6564000.0,
        "Net Interest Income": 5063000.0,
        "Normalized Income": 8630000.0,
        "Net Income From Continuing And Discontinued Operation": 8630000.0,
        "Total Expenses": 275856000.0,
        "Total Operating Income As Reported": 6564000.0,
        "Diluted Average Shares": 46427000.0,
        "Basic Average Shares": 46153000.0,
        "Diluted EPS": 0.19,
        "Basic EPS": 0.19,
        "Diluted NI Availto Com Stockholders": 8630000.0,
        "Net Income Common Stockholders": 8630000.0,
        "Net Income": 8630000.0,
        "Net Income Including Noncontrolling Interests": 8630000.0,
        "Net Income Continuous Operations": 8630000.0,
        "Tax Provision": 2997000.0,
        "Pretax Income": 11627000.0,
        "Net Non Operating Interest Income Expense": 5063000.0,
        "Total Other Finance Cost": -5063000.0,
        "Operating Income": 6564000.0,
        "Operating Expense": 115704000.0,
        "Research And Development": 21214000.0,
        "Selling General And Administration": 94490000.0,
        "Gross Profit": 122268000.0,
        "Cost Of Revenue": 160152000.0,
        "Total Revenue": 282420000.0,
        "Operating Revenue": 282420000.0
    },
    "2024-12-31": {
        "Tax Effect Of Unusual Items": 0.0,
        "Tax Rate For Calcs": 0.328729,
        "Normalized EBITDA": 34606000.0,
        "Net Income From Continuing Operation Net Minority Interest": 15842000.0,
        "Reconciled Depreciation": 22210000.0,
        "Reconciled Cost Of Revenue": 165118000.0,
        "EBITDA": 34606000.0,
        "EBIT": 12396000.0,
        "Net Interest Income": 11204000.0,
        "Normalized Income": 15842000.0,
        "Net Income From Continuing And Discontinued Operation": 15842000.0,
        "Total Expenses": 294483000.0,
        "Total Operating Income As Reported": 12396000.0,
        "Diluted Average Shares": NaN,
        "Basic Average Shares": NaN,
        "Diluted EPS": NaN,
        "Basic EPS": NaN,
        "Diluted NI Availto Com Stockholders": 15842000.0,
        "Net Income Common Stockholders": 15842000.0,
        "Net Income": 15842000.0,
        "Net Income Including Noncontrolling Interests": 15842000.0,
        "Net Income Continuous Operations": 15842000.0,
        "Tax Provision": 7758000.0,
        "Pretax Income": 23600000.0,
        "Net Non Operating Interest Income Expense": 11204000.0,
        "Total Other Finance Cost": -11204000.0,
        "Operating Income": 12396000.0,
        "Operating Expense": 129365000.0,
        "Research And Development": 26040000.0,
        "Selling General And Administration": 103325000.0,
        "Gross Profit": 141761000.0,
        "Cost Of Revenue": 165118000.0,
        "Total Revenue": 306879000.0,
        "Operating Revenue": 306879000.0
    }
}