{
    "2023-06-30": {
        "Tax Effect Of Unusual Items": 0.0,
        "Tax Rate For Calcs": 0.234,
        "Net Income From Continuing Operation Net Minority Interest": 155036000.0,
        "Reconciled Depreciation": 15325000.0,
        "Net Interest Income": 382171000.0,
        "Interest Expense": 162731000.0,
        "Interest Income": 544902000.0,
        "Normalized Income": 155036000.0,
        "Net Income From Continuing And Discontinued Operation": 155036000.0,
        "Diluted Average Shares": 291266000.0,
        "Basic Average Shares": 290559000.0,
        "Diluted EPS": 0.519698,
        "Basic EPS": 0.519698,
        "Diluted NI Availto Com Stockholders": 151003000.0,
        "Net Income Common Stockholders": 151003000.0,
        "Preferred Stock Dividends": 4033000.0,
        "Net Income": 155036000.0,
        "Net Income Including Noncontrolling Interests": 155036000.0,
        "Net Income Continuous Operations": 155036000.0,
        "Tax Provision": 47393000.0,
        "Pretax Income": 202429000.0,
        "Securities Amortization": 2762000.0,
        "Gain On Sale Of Security": 17000.0,
        "Depreciation Amortization Depletion Income Statement": 6060000.0,
        "Depreciation And Amortization In Income Statement": 6060000.0,
        "Amortization": 6060000.0,
        "Amortization Of Intangibles Income Statement": 6060000.0,
        "Selling General And Administration": 155267000.0,
        "Selling And Marketing Expense": 9833000.0,
        "General And Administrative Expense": 145434000.0,
        "Other Gand A": NaN,
        "Insurance And Claims": 9624000.0,
        "Salaries And Wages": 135810000.0,
        "Total Revenue": 463800000.0,
        "Operating Revenue": 463800000.0,
        "Occupancy And Equipment": 34048000.0,
        "Professional Expense And Contract Services Expense": 6397000.0,
        "Other Non Interest Expense": 42050000.0
    },
    "2023-03-31": {
        "Tax Effect Of Unusual Items": NaN,
        "Tax Rate For Calcs": NaN,
        "Net Income From Continuing Operation Net Minority Interest": NaN,
        "Reconciled Depreciation": NaN,
        "Net Interest Income": NaN,
        "Interest Expense": NaN,
        "Interest Income": NaN,
        "Normalized Income": NaN,
        "Net Income From Continuing And Discontinued Operation": NaN,
        "Diluted Average Shares": NaN,
        "Basic Average Shares": NaN,
        "Diluted EPS": NaN,
        "Basic EPS": NaN,
        "Diluted NI Availto Com Stockholders": NaN,
        "Net Income Common Stockholders": NaN,
        "Preferred Stock Dividends": NaN,
        "Net Income": NaN,
        "Net Income Including Noncontrolling Interests": NaN,
        "Net Income Continuous Operations": NaN,
        "Tax Provision": NaN,
        "Pretax Income": NaN,
        "Securities Amortization": NaN,
        "Gain On Sale Of Security": NaN,
        "Depreciation Amortization Depletion Income Statement": NaN,
        "Depreciation And Amortization In Income Statement": NaN,
        "Amortization": NaN,
        "Amortization Of Intangibles Income Statement": NaN,
        "Selling General And Administration": NaN,
        "Selling And Marketing Expense": NaN,
        "General And Administrative Expense": NaN,
        "Other Gand A": 23663000.0,
        "Insurance And Claims": NaN,
        "Salaries And Wages": NaN,
        "Total Revenue": NaN,
        "Operating Revenue": NaN,
        "Occupancy And Equipment": NaN,
        "Professional Expense And Contract Services Expense": NaN,
        "Other Non Interest Expense": NaN
    },
    "2022-12-31": {
        "Tax Effect Of Unusual Items": NaN,
        "Tax Rate For Calcs": NaN,
        "Net Income From Continuing Operation Net Minority Interest": NaN,
        "Reconciled Depreciation": NaN,
        "Net Interest Income": NaN,
        "Interest Expense": NaN,
        "Interest Income": NaN,
        "Normalized Income": NaN,
        "Net Income From Continuing And Discontinued Operation": NaN,
        "Diluted Average Shares": NaN,
        "Basic Average Shares": NaN,
        "Diluted EPS": NaN,
        "Basic EPS": NaN,
        "Diluted NI Availto Com Stockholders": NaN,
        "Net Income Common Stockholders": NaN,
        "Preferred Stock Dividends": NaN,
        "Net Income": NaN,
        "Net Income Including Noncontrolling Interests": NaN,
        "Net Income Continuous Operations": NaN,
        "Tax Provision": NaN,
        "Pretax Income": NaN,
        "Securities Amortization": NaN,
        "Gain On Sale Of Security": NaN,
        "Depreciation Amortization Depletion Income Statement": NaN,
        "Depreciation And Amortization In Income Statement": NaN,
        "Amortization": NaN,
        "Amortization Of Intangibles Income Statement": NaN,
        "Selling General And Administration": NaN,
        "Selling And Marketing Expense": NaN,
        "General And Administrative Expense": NaN,
        "Other Gand A": -60755000.0,
        "Insurance And Claims": NaN,
        "Salaries And Wages": NaN,
        "Total Revenue": NaN,
        "Operating Revenue": NaN,
        "Occupancy And Equipment": NaN,
        "Professional Expense And Contract Services Expense": NaN,
        "Other Non Interest Expense": NaN
    },
    "2022-09-30": {
        "Tax Effect Of Unusual Items": NaN,
        "Tax Rate For Calcs": NaN,
        "Net Income From Continuing Operation Net Minority Interest": NaN,
        "Reconciled Depreciation": NaN,
        "Net Interest Income": NaN,
        "Interest Expense": NaN,
        "Interest Income": NaN,
        "Normalized Income": NaN,
        "Net Income From Continuing And Discontinued Operation": NaN,
        "Diluted Average Shares": NaN,
        "Basic Average Shares": NaN,
        "Diluted EPS": NaN,
        "Basic EPS": NaN,
        "Diluted NI Availto Com Stockholders": NaN,
        "Net Income Common Stockholders": NaN,
        "Preferred Stock Dividends": NaN,
        "Net Income": NaN,
        "Net Income Including Noncontrolling Interests": NaN,
        "Net Income Continuous Operations": NaN,
        "Tax Provision": NaN,
        "Pretax Income": NaN,
        "Securities Amortization": NaN,
        "Gain On Sale Of Security": NaN,
        "Depreciation Amortization Depletion Income Statement": NaN,
        "Depreciation And Amortization In Income Statement": NaN,
        "Amortization": NaN,
        "Amortization Of Intangibles Income Statement": NaN,
        "Selling General And Administration": NaN,
        "Selling And Marketing Expense": NaN,
        "General And Administrative Expense": NaN,
        "Other Gand A": 25661000.0,
        "Insurance And Claims": NaN,
        "Salaries And Wages": NaN,
        "Total Revenue": NaN,
        "Operating Revenue": NaN
    },
    "2022-06-30": {
        "Tax Effect Of Unusual Items": 0.0,
        "Tax Rate For Calcs": 0.178379,
        "Total Unusual Items": NaN,
        "Total Unusual Items Excluding Goodwill": NaN,
        "Net Income From Continuing Operation Net Minority Interest": 114985000.0,
        "Reconciled Depreciation": 7170000.0,
        "Net Interest Income": 337472000.0,
        "Interest Expense": 16886000.0,
        "Interest Income": 354358000.0,
        "Normalized Income": 114985000.0,
        "Net Income From Continuing And Discontinued Operation": 114985000.0,
        "Diluted Average Shares": 291881000.0,
        "Basic Average Shares": 290862000.0,
        "Diluted EPS": 0.38,
        "Basic EPS": 0.38,
        "Diluted NI Availto Com Stockholders": 110952000.0,
        "Net Income Common Stockholders": 110952000.0,
        "Preferred Stock Dividends": 4033000.0,
        "Net Income": 114985000.0,
        "Net Income Including Noncontrolling Interests": 114985000.0,
        "Net Income Continuous Operations": 114985000.0,
        "Tax Provision": 24964000.0,
        "Pretax Income": 139949000.0,
        "Securities Amortization": 1525000.0,
        "Gain On Sale Of Security": -85000.0,
        "Depreciation Amortization Depletion Income Statement": 7170000.0,
        "Depreciation And Amortization In Income Statement": 7170000.0,
        "Amortization": 7170000.0,
        "Amortization Of Intangibles Income Statement": 7170000.0,
        "Selling General And Administration": 207396000.0,
        "Selling And Marketing Expense": 9119000.0,
        "General And Administrative Expense": 198277000.0,
        "Other Gand A": 31761000.0,
        "Insurance And Claims": 4699000.0,
        "Salaries And Wages": 161817000.0,
        "Total Revenue": 426589000.0,
        "Operating Revenue": 426589000.0
    },
    "2022-03-31": {
        "Diluted EPS": -0.13,
        "Total Revenue": 301,
        "Gross Profit": 288,
        "Operating Income": -36,
        "EBIT": NaN,
        "Net Income": -30
    },
    "2021-12-31": {
        "Diluted EPS": 0.34,
        "Total Revenue": 208,
        "Gross Profit": 198,
        "Operating Income": 68,
        "EBIT": NaN,
        "Net Income": 56
    },
    "2021-09-30": {
        "Diluted EPS": 0.43,
        "Total Revenue": 217,
        "Gross Profit": 206,
        "Operating Income": 89,
        "EBIT": NaN,
        "Net Income": 72
    },
    "2021-06-30": {
        "Diluted EPS": 0.38,
        "Total Revenue": 212,
        "Gross Profit": 201,
        "Operating Income": 77,
        "EBIT": NaN,
        "Net Income": 63
    },
    "2021-03-31": {
        "Diluted EPS": 0.52,
        "Total Revenue": 216,
        "Gross Profit": 205,
        "Operating Income": 104,
        "EBIT": NaN,
        "Net Income": 87
    },
    "2020-12-31": {
        "Diluted EPS": 0.44,
        "Total Revenue": 232,
        "Gross Profit": 220,
        "Operating Income": 78,
        "EBIT": NaN,
        "Net Income": 74
    },
    "2020-09-30": {
        "Diluted EPS": 0.47,
        "Total Revenue": 225,
        "Gross Profit": 210,
        "Operating Income": 90,
        "EBIT": NaN,
        "Net Income": 78
    },
    "2020-06-30": {
        "Diluted EPS": 0.32,
        "Total Revenue": 220,
        "Gross Profit": 204,
        "Operating Income": 61,
        "EBIT": NaN,
        "Net Income": 52
    },
    "2020-03-31": {
        "Diluted EPS": 0.13,
        "Total Revenue": 226,
        "Gross Profit": 201,
        "Operating Income": 26,
        "EBIT": NaN,
        "Net Income": 23
    },
    "2019-12-31": {
        "Diluted EPS": 0.29,
        "Total Revenue": 224,
        "Gross Profit": 197,
        "Operating Income": 61,
        "EBIT": NaN,
        "Net Income": 49
    },
    "2019-09-30": {
        "Diluted EPS": 0.41,
        "Total Revenue": 240,
        "Gross Profit": 207,
        "Operating Income": 83,
        "EBIT": NaN,
        "Net Income": 70
    },
    "2019-06-30": {
        "Diluted EPS": 0.36,
        "Total Revenue": 240,
        "Gross Profit": 206,
        "Operating Income": 77,
        "EBIT": NaN,
        "Net Income": 63
    },
    "2019-03-31": {
        "Diluted EPS": 0.32,
        "Total Revenue": 225,
        "Gross Profit": 193,
        "Operating Income": 69,
        "EBIT": NaN,
        "Net Income": 56
    },
    "2018-12-31": {
        "Diluted EPS": 0.28,
        "Total Revenue": 233,
        "Gross Profit": 204,
        "Operating Income": 50,
        "EBIT": NaN,
        "Net Income": 47
    },
    "2018-09-30": {
        "Diluted EPS": 0.34,
        "Total Revenue": 201,
        "Gross Profit": 177,
        "Operating Income": 57,
        "EBIT": NaN,
        "Net Income": 51
    },
    "2018-06-30": {
        "Diluted EPS": 0.29,
        "Total Revenue": 203,
        "Gross Profit": 181,
        "Operating Income": 48,
        "EBIT": NaN,
        "Net Income": 44
    },
    "2018-03-31": {
        "Diluted EPS": 0.31,
        "Total Revenue": 190,
        "Gross Profit": 170,
        "Operating Income": 53,
        "EBIT": NaN,
        "Net Income": 48
    },
    "2017-12-31": {
        "Diluted EPS": -0.15,
        "Total Revenue": 180,
        "Gross Profit": 163,
        "Operating Income": 19,
        "EBIT": NaN,
        "Net Income": -18
    },
    "2017-09-30": {
        "Diluted EPS": 0.29,
        "Total Revenue": 170,
        "Gross Profit": 155,
        "Operating Income": 51,
        "EBIT": NaN,
        "Net Income": 39
    },
    "2017-06-30": {
        "Diluted EPS": 0.28,
        "Total Revenue": 167,
        "Gross Profit": 154,
        "Operating Income": 49,
        "EBIT": NaN,
        "Net Income": 39
    },
    "2017-03-31": {
        "Diluted EPS": 0.27,
        "Total Revenue": 161,
        "Gross Profit": 149,
        "Operating Income": 46,
        "EBIT": NaN,
        "Net Income": 36
    },
    "2016-12-31": {
        "Diluted EPS": 0.25,
        "Total Revenue": 185,
        "Gross Profit": 173,
        "Operating Income": 48,
        "EBIT": NaN,
        "Net Income": 33
    },
    "2016-09-30": {
        "Diluted EPS": 0.25,
        "Total Revenue": 167,
        "Gross Profit": 155,
        "Operating Income": 46,
        "EBIT": NaN,
        "Net Income": 35
    },
    "2016-06-30": {
        "Diluted EPS": 0.31,
        "Total Revenue": 204,
        "Gross Profit": 193,
        "Operating Income": 70,
        "EBIT": NaN,
        "Net Income": 39
    },
    "2016-03-31": {
        "Diluted EPS": 0.24,
        "Total Revenue": 145,
        "Gross Profit": 135,
        "Operating Income": 37,
        "EBIT": NaN,
        "Net Income": 27
    },
    "2015-12-31": {
        "Diluted EPS": 0.27,
        "Total Revenue": 156,
        "Gross Profit": 147,
        "Operating Income": 44,
        "EBIT": NaN,
        "Net Income": 32
    },
    "2015-09-30": {
        "Diluted EPS": 0.33,
        "Total Revenue": 165,
        "Gross Profit": 157,
        "Operating Income": 54,
        "EBIT": NaN,
        "Net Income": 38
    },
    "2015-06-30": {
        "Diluted EPS": 0.22,
        "Total Revenue": 155,
        "Gross Profit": 147,
        "Operating Income": 35,
        "EBIT": NaN,
        "Net Income": 26
    },
    "2015-03-31": {
        "Diluted EPS": 0.18,
        "Total Revenue": 154,
        "Gross Profit": 146,
        "Operating Income": 30,
        "EBIT": NaN,
        "Net Income": 21
    },
    "2014-12-31": {
        "Diluted EPS": 0.25,
        "Total Revenue": 148,
        "Gross Profit": 141,
        "Operating Income": 40,
        "EBIT": NaN,
        "Net Income": 29
    },
    "2014-09-30": {
        "Diluted EPS": 0.26,
        "Total Revenue": 149,
        "Gross Profit": 143,
        "Operating Income": 40,
        "EBIT": NaN,
        "Net Income": 29
    },
    "2014-06-30": {
        "Diluted EPS": 0.18,
        "Total Revenue": 129,
        "Gross Profit": 124,
        "Operating Income": 26,
        "EBIT": NaN,
        "Net Income": 19
    },
    "2014-03-31": {
        "Diluted EPS": 0.26,
        "Total Revenue": 129,
        "Gross Profit": 124,
        "Operating Income": 36,
        "EBIT": NaN,
        "Net Income": 27
    },
    "2013-12-31": {
        "Diluted EPS": 0.25,
        "Total Revenue": 131,
        "Gross Profit": 126,
        "Operating Income": 35,
        "EBIT": NaN,
        "Net Income": 25
    },
    "2013-09-30": {
        "Diluted EPS": 0.23,
        "Total Revenue": 132,
        "Gross Profit": 126,
        "Operating Income": 31,
        "EBIT": NaN,
        "Net Income": 24
    },
    "2013-06-30": {
        "Diluted EPS": 0.28,
        "Total Revenue": 132,
        "Gross Profit": 125,
        "Operating Income": 42,
        "EBIT": NaN,
        "Net Income": 28
    },
    "2013-03-31": {
        "Diluted EPS": 0.24,
        "Total Revenue": 132,
        "Gross Profit": 125,
        "Operating Income": 34,
        "EBIT": NaN,
        "Net Income": 24
    },
    "2012-12-31": {
        "Diluted EPS": 0.23,
        "Total Revenue": 144,
        "Gross Profit": 136,
        "Operating Income": 34,
        "EBIT": NaN,
        "Net Income": 23
    },
    "2012-09-30": {
        "Diluted EPS": 0.2,
        "Total Revenue": 124,
        "Gross Profit": 115,
        "Operating Income": 26,
        "EBIT": NaN,
        "Net Income": 20
    },
    "2012-06-30": {
        "Diluted EPS": 0.29,
        "Total Revenue": 134,
        "Gross Profit": 125,
        "Operating Income": 38,
        "EBIT": NaN,
        "Net Income": 27
    },
    "2012-03-31": {
        "Diluted EPS": 0.23,
        "Total Revenue": 133,
        "Gross Profit": 123,
        "Operating Income": 30,
        "EBIT": NaN,
        "Net Income": 22
    },
    "2011-12-31": {
        "Diluted EPS": 0.23,
        "Total Revenue": 135,
        "Gross Profit": 126,
        "Operating Income": 31,
        "EBIT": NaN,
        "Net Income": 22
    },
    "2011-09-30": {
        "Diluted EPS": 0.18,
        "Total Revenue": 134,
        "Gross Profit": 120,
        "Operating Income": 25,
        "EBIT": NaN,
        "Net Income": 17
    },
    "2011-06-30": {
        "Diluted EPS": 0.18,
        "Total Revenue": 120,
        "Gross Profit": 106,
        "Operating Income": 23,
        "EBIT": NaN,
        "Net Income": 17
    },
    "2011-03-31": {
        "Diluted EPS": 0.17,
        "Total Revenue": 119,
        "Gross Profit": 104,
        "Operating Income": 21,
        "EBIT": NaN,
        "Net Income": 16
    },
    "2010-12-31": {
        "Diluted EPS": 0.07,
        "Total Revenue": 113,
        "Gross Profit": 96,
        "Operating Income": 8,
        "EBIT": NaN,
        "Net Income": 6
    },
    "2010-09-30": {
        "Diluted EPS": 0.13,
        "Total Revenue": 115,
        "Gross Profit": 96,
        "Operating Income": 14,
        "EBIT": NaN,
        "Net Income": 12
    },
    "2010-06-30": {
        "Diluted EPS": 0.12,
        "Total Revenue": 119,
        "Gross Profit": 98,
        "Operating Income": 12,
        "EBIT": NaN,
        "Net Income": 11
    },
    "2010-03-31": {
        "Diluted EPS": 0.12,
        "Total Revenue": 120,
        "Gross Profit": 98,
        "Operating Income": 12,
        "EBIT": NaN,
        "Net Income": 10
    },
    "2009-12-31": {
        "Diluted EPS": -0.15,
        "Total Revenue": 117,
        "Gross Profit": 92,
        "Operating Income": -21,
        "EBIT": NaN,
        "Net Income": -9
    },
    "2009-09-30": {
        "Diluted EPS": 0.06,
        "Total Revenue": 122,
        "Gross Profit": 95,
        "Operating Income": -1,
        "EBIT": NaN,
        "Net Income": 4
    },
    "2009-06-30": {
        "Diluted EPS": 0.15,
        "Total Revenue": 135,
        "Gross Profit": 106,
        "Operating Income": 8,
        "EBIT": NaN,
        "Net Income": 10
    },
    "2009-03-31": {
        "Diluted EPS": 0.08,
        "Total Revenue": 130,
        "Gross Profit": 101,
        "Operating Income": 7,
        "EBIT": NaN,
        "Net Income": 6
    },
    "2023-09-30": {
        "Tax Effect Of Unusual Items": NaN,
        "Tax Rate For Calcs": NaN,
        "Net Income From Continuing Operation Net Minority Interest": NaN,
        "Reconciled Depreciation": NaN,
        "Net Interest Income": NaN,
        "Interest Expense": NaN,
        "Interest Income": NaN,
        "Normalized Income": NaN,
        "Net Income From Continuing And Discontinued Operation": NaN,
        "Diluted Average Shares": 291717000.0,
        "Basic Average Shares": 290648000.0,
        "Diluted EPS": 0.49,
        "Basic EPS": 0.49,
        "Diluted NI Availto Com Stockholders": NaN,
        "Net Income Common Stockholders": NaN,
        "Preferred Stock Dividends": NaN,
        "Net Income": NaN,
        "Net Income Including Noncontrolling Interests": NaN,
        "Net Income Continuous Operations": NaN,
        "Tax Provision": NaN,
        "Pretax Income": NaN,
        "Securities Amortization": NaN,
        "Gain On Sale Of Security": NaN,
        "Depreciation Amortization Depletion Income Statement": NaN,
        "Depreciation And Amortization In Income Statement": NaN,
        "Amortization": NaN,
        "Amortization Of Intangibles Income Statement": NaN,
        "Selling General And Administration": NaN,
        "Selling And Marketing Expense": NaN,
        "General And Administrative Expense": NaN,
        "Insurance And Claims": NaN,
        "Salaries And Wages": NaN,
        "Total Revenue": NaN,
        "Operating Revenue": NaN,
        "Occupancy And Equipment": NaN,
        "Professional Expense And Contract Services Expense": NaN,
        "Other Non Interest Expense": NaN
    },
    "2023-12-31": {
        "Tax Effect Of Unusual Items": 0.0,
        "Tax Rate For Calcs": 0.21457,
        "Net Income From Continuing Operation Net Minority Interest": 132480000.0,
        "Reconciled Depreciation": 15887000.0,
        "Net Interest Income": 364408000.0,
        "Interest Expense": 225343000.0,
        "Interest Income": 589751000.0,
        "Normalized Income": 132480000.0,
        "Net Income From Continuing And Discontinued Operation": 132480000.0,
        "Diluted Average Shares": NaN,
        "Basic Average Shares": NaN,
        "Diluted EPS": NaN,
        "Basic EPS": NaN,
        "Diluted NI Availto Com Stockholders": 128446000.0,
        "Net Income Common Stockholders": 128446000.0,
        "Preferred Stock Dividends": 4034000.0,
        "Net Income": 132480000.0,
        "Net Income Including Noncontrolling Interests": 132480000.0,
        "Net Income Continuous Operations": 132480000.0,
        "Tax Provision": 36192000.0,
        "Pretax Income": 168672000.0,
        "Securities Amortization": 7200000.0,
        "Gain On Sale Of Security": 20810000.0,
        "Depreciation Amortization Depletion Income Statement": 5869000.0,
        "Depreciation And Amortization In Income Statement": 5869000.0,
        "Amortization": 5869000.0,
        "Amortization Of Intangibles Income Statement": 5869000.0,
        "Selling General And Administration": 180164000.0,
        "Selling And Marketing Expense": 10813000.0,
        "General And Administrative Expense": 169351000.0,
        "Insurance And Claims": 27702000.0,
        "Salaries And Wages": 141649000.0,
        "Total Revenue": 464502000.0,
        "Operating Revenue": 464502000.0,
        "Occupancy And Equipment": 35283000.0,
        "Professional Expense And Contract Services Expense": 8250000.0,
        "Other Non Interest Expense": 47469000.0
    },
    "2024-03-31": {
        "Tax Effect Of Unusual Items": 0.0,
        "Tax Rate For Calcs": 0.213,
        "Net Income From Continuing Operation Net Minority Interest": 120284000.0,
        "Reconciled Depreciation": 15133000.0,
        "Net Interest Income": 356458000.0,
        "Interest Expense": 239523000.0,
        "Interest Income": 595981000.0,
        "Normalized Income": 120284000.0,
        "Net Income From Continuing And Discontinued Operation": 120284000.0,
        "Diluted Average Shares": 292207000.0,
        "Basic Average Shares": 290980000.0,
        "Diluted EPS": 0.399512,
        "Basic EPS": 0.399512,
        "Diluted NI Availto Com Stockholders": 116250000.0,
        "Net Income Common Stockholders": 116250000.0,
        "Preferred Stock Dividends": 4034000.0,
        "Net Income": 120284000.0,
        "Net Income Including Noncontrolling Interests": 120284000.0,
        "Net Income Continuous Operations": 120284000.0,
        "Tax Provision": 32488000.0,
        "Pretax Income": 152772000.0,
        "Securities Amortization": 2749000.0,
        "Gain On Sale Of Security": -16000.0,
        "Depreciation Amortization Depletion Income Statement": 5455000.0,
        "Depreciation And Amortization In Income Statement": 5455000.0,
        "Amortization": 5455000.0,
        "Amortization Of Intangibles Income Statement": 5455000.0,
        "Selling General And Administration": 171750000.0,
        "Selling And Marketing Expense": 10634000.0,
        "General And Administrative Expense": 161116000.0,
        "Insurance And Claims": 11313000.0,
        "Salaries And Wages": 149803000.0,
        "Total Revenue": 433980000.0,
        "Operating Revenue": 433980000.0,
        "Occupancy And Equipment": 35690000.0,
        "Professional Expense And Contract Services Expense": 6406000.0,
        "Other Non Interest Expense": 40267000.0
    },
    "2024-06-30": {
        "Tax Effect Of Unusual Items": 0.0,
        "Tax Rate For Calcs": 0.225,
        "Net Income From Continuing Operation Net Minority Interest": 121229000.0,
        "Reconciled Depreciation": 16694000.0,
        "Net Interest Income": 388421000.0,
        "Interest Expense": 275242000.0,
        "Interest Income": 663663000.0,
        "Normalized Income": 121229000.0,
        "Net Income From Continuing And Discontinued Operation": 121229000.0,
        "Diluted Average Shares": 316461000.0,
        "Basic Average Shares": 315585000.0,
        "Diluted EPS": 0.37,
        "Basic EPS": 0.371361,
        "Diluted NI Availto Com Stockholders": 117196000.0,
        "Net Income Common Stockholders": 117196000.0,
        "Preferred Stock Dividends": 4033000.0,
        "Net Income": 121229000.0,
        "Net Income Including Noncontrolling Interests": 121229000.0,
        "Net Income Continuous Operations": 121229000.0,
        "Tax Provision": 35250000.0,
        "Pretax Income": 156479000.0,
        "Securities Amortization": 2747000.0,
        "Gain On Sale Of Security": 2000.0,
        "Depreciation Amortization Depletion Income Statement": 7425000.0,
        "Depreciation And Amortization In Income Statement": 7425000.0,
        "Amortization": 7425000.0,
        "Amortization Of Intangibles Income Statement": 7425000.0,
        "Selling General And Administration": 180153000.0,
        "Selling And Marketing Expense": 11284000.0,
        "General And Administrative Expense": 168869000.0,
        "Insurance And Claims": 9676000.0,
        "Salaries And Wages": 159193000.0,
        "Total Revenue": 475692000.0,
        "Operating Revenue": 475692000.0,
        "Occupancy And Equipment": 35251000.0,
        "Professional Expense And Contract Services Expense": 10552000.0,
        "Other Non Interest Expense": 46871000.0
    },
    "2024-09-30": {
        "Tax Effect Of Unusual Items": 0.0,
        "Tax Rate For Calcs": 0.223,
        "Net Income From Continuing Operation Net Minority Interest": 143802000.0,
        "Reconciled Depreciation": 16913000.0,
        "Net Interest Income": 391724000.0,
        "Interest Expense": 288201000.0,
        "Interest Income": 679925000.0,
        "Normalized Income": 143802000.0,
        "Net Income From Continuing And Discontinued Operation": 143802000.0,
        "Diluted Average Shares": 317331000.0,
        "Basic Average Shares": 315622000.0,
        "Diluted EPS": 0.44,
        "Basic EPS": 0.442834,
        "Diluted NI Availto Com Stockholders": 139768000.0,
        "Net Income Common Stockholders": 139768000.0,
        "Preferred Stock Dividends": 4034000.0,
        "Net Income": 143802000.0,
        "Net Income Including Noncontrolling Interests": 143802000.0,
        "Net Income Continuous Operations": 143802000.0,
        "Tax Provision": 41280000.0,
        "Pretax Income": 185082000.0,
        "Securities Amortization": 3277000.0,
        "Gain On Sale Of Security": -76000.0,
        "Depreciation Amortization Depletion Income Statement": 7411000.0,
        "Depreciation And Amortization In Income Statement": 7411000.0,
        "Amortization": 7411000.0,
        "Amortization Of Intangibles Income Statement": 7411000.0,
        "Selling General And Administration": 170252000.0,
        "Selling And Marketing Expense": 11036000.0,
        "General And Administrative Expense": 159216000.0,
        "Insurance And Claims": 11722000.0,
        "Salaries And Wages": 147494000.0,
        "Total Revenue": 485862000.0,
        "Operating Revenue": 485862000.0,
        "Occupancy And Equipment": 37018000.0,
        "Professional Expense And Contract Services Expense": 7278000.0,
        "Other Non Interest Expense": 47047000.0
    },
    "2024-12-31": {
        "Tax Effect Of Unusual Items": 0.0,
        "Tax Rate For Calcs": 0.173193,
        "Net Income From Continuing Operation Net Minority Interest": 153873000.0,
        "Reconciled Depreciation": 16892000.0,
        "Net Interest Income": 394180000.0,
        "Interest Expense": 267902000.0,
        "Interest Income": 662082000.0,
        "Normalized Income": 153873000.0,
        "Net Income From Continuing And Discontinued Operation": 153873000.0,
        "Diluted Average Shares": 318803000.0,
        "Basic Average Shares": 315673000.0,
        "Diluted EPS": 0.47,
        "Basic EPS": 0.47,
        "Diluted NI Availto Com Stockholders": 149839000.0,
        "Net Income Common Stockholders": 149839000.0,
        "Preferred Stock Dividends": 4034000.0,
        "Net Income": 153873000.0,
        "Net Income Including Noncontrolling Interests": 153873000.0,
        "Net Income Continuous Operations": 153873000.0,
        "Tax Provision": 32232000.0,
        "Pretax Income": 186105000.0,
        "Securities Amortization": 4556000.0,
        "Gain On Sale Of Security": -122000.0,
        "Depreciation Amortization Depletion Income Statement": 7237000.0,
        "Depreciation And Amortization In Income Statement": 7237000.0,
        "Amortization": 7237000.0,
        "Amortization Of Intangibles Income Statement": 7237000.0,
        "Selling General And Administration": 171228000.0,
        "Selling And Marketing Expense": 12653000.0,
        "General And Administrative Expense": 158575000.0,
        "Insurance And Claims": 11970000.0,
        "Salaries And Wages": 146605000.0,
        "Total Revenue": 489946000.0,
        "Operating Revenue": 489946000.0,
        "Occupancy And Equipment": 39058000.0,
        "Professional Expense And Contract Services Expense": 11055000.0,
        "Other Non Interest Expense": 43690000.0
    },
    "2025-03-31": {
        "Tax Effect Of Unusual Items": NaN,
        "Tax Rate For Calcs": NaN,
        "Net Income From Continuing Operation Net Minority Interest": NaN,
        "Reconciled Depreciation": NaN,
        "Net Interest Income": NaN,
        "Interest Expense": NaN,
        "Interest Income": NaN,
        "Normalized Income": NaN,
        "Net Income From Continuing And Discontinued Operation": NaN,
        "Diluted Average Shares": 321016000.0,
        "Basic Average Shares": 315925000.0,
        "Diluted EPS": 0.44,
        "Basic EPS": 0.445121,
        "Diluted NI Availto Com Stockholders": NaN,
        "Net Income Common Stockholders": NaN,
        "Preferred Stock Dividends": NaN,
        "Net Income": NaN,
        "Net Income Including Noncontrolling Interests": NaN,
        "Net Income Continuous Operations": NaN,
        "Tax Provision": NaN,
        "Pretax Income": NaN,
        "Securities Amortization": NaN,
        "Gain On Sale Of Security": NaN,
        "Depreciation Amortization Depletion Income Statement": NaN,
        "Depreciation And Amortization In Income Statement": NaN,
        "Amortization": NaN,
        "Amortization Of Intangibles Income Statement": NaN,
        "Selling General And Administration": NaN,
        "Selling And Marketing Expense": NaN,
        "General And Administrative Expense": NaN,
        "Insurance And Claims": NaN,
        "Salaries And Wages": NaN,
        "Total Revenue": NaN,
        "Operating Revenue": NaN,
        "Occupancy And Equipment": NaN,
        "Professional Expense And Contract Services Expense": NaN,
        "Other Non Interest Expense": NaN
    }
}