{
    "2023-03-31": {
        "Tax Effect Of Unusual Items": -450756.0,
        "Tax Rate For Calcs": 0.228,
        "Normalized EBITDA": 57414000.0,
        "Total Unusual Items": -1977000.0,
        "Total Unusual Items Excluding Goodwill": -1977000.0,
        "Net Income From Continuing Operation Net Minority Interest": 22804000.0,
        "Reconciled Depreciation": 6360000.0,
        "Reconciled Cost Of Revenue": 376911000.0,
        "EBITDA": 55437000.0,
        "EBIT": 49077000.0,
        "Net Interest Income": -14076000.0,
        "Interest Expense": 14076000.0,
        "Normalized Income": 24330244.0,
        "Net Income From Continuing And Discontinued Operation": 22804000.0,
        "Total Expenses": 473464000.0,
        "Total Operating Income As Reported": 48890000.0,
        "Diluted Average Shares": 14655000.0,
        "Basic Average Shares": 14340000.0,
        "Diluted EPS": 1.56,
        "Basic EPS": 1.59,
        "Diluted NI Availto Com Stockholders": 22804000.0,
        "Net Income Common Stockholders": 22804000.0,
        "Net Income": 22804000.0,
        "Minority Interests": -4233000.0,
        "Net Income Including Noncontrolling Interests": 27037000.0,
        "Net Income Continuous Operations": 27037000.0,
        "Tax Provision": 7964000.0,
        "Pretax Income": 35001000.0,
        "Other Income Expense": -1790000.0,
        "Other Non Operating Income Expenses": 187000.0,
        "Special Income Charges": -1977000.0,
        "Restructuring And Mergern Acquisition": 1977000.0,
        "Net Non Operating Interest Income Expense": -14076000.0,
        "Interest Expense Non Operating": 14076000.0,
        "Operating Income": 50867000.0,
        "Operating Expense": 95830000.0,
        "Depreciation Amortization Depletion Income Statement": 5637000.0,
        "Depreciation And Amortization In Income Statement": 5637000.0,
        "Selling General And Administration": 90193000.0,
        "Gross Profit": 146697000.0,
        "Cost Of Revenue": 377634000.0,
        "Total Revenue": 524331000.0,
        "Operating Revenue": 524331000.0
    },
    "2022-12-31": {
        "Tax Effect Of Unusual Items": 18012.0,
        "Tax Rate For Calcs": 0.228,
        "Normalized EBITDA": 33278000.0,
        "Total Unusual Items": 79000.0,
        "Total Unusual Items Excluding Goodwill": 79000.0,
        "Net Income From Continuing Operation Net Minority Interest": 8900000.0,
        "Reconciled Depreciation": 6182000.0,
        "Reconciled Cost Of Revenue": 256182000.0,
        "EBITDA": 33357000.0,
        "EBIT": 27175000.0,
        "Net Interest Income": -12363000.0,
        "Interest Expense": 12363000.0,
        "Normalized Income": 8839012.0,
        "Net Income From Continuing And Discontinued Operation": 8900000.0,
        "Total Expenses": 340202000.0,
        "Total Operating Income As Reported": 26536000.0,
        "Diluted Average Shares": 14587000.0,
        "Basic Average Shares": 14297000.0,
        "Diluted EPS": 0.61,
        "Basic EPS": 0.62,
        "Diluted NI Availto Com Stockholders": 8900000.0,
        "Net Income Common Stockholders": 8900000.0,
        "Net Income": 8900000.0,
        "Minority Interests": -2528000.0,
        "Net Income Including Noncontrolling Interests": 11428000.0,
        "Net Income Continuous Operations": 11428000.0,
        "Tax Provision": 3384000.0,
        "Pretax Income": 14812000.0,
        "Other Income Expense": 718000.0,
        "Other Non Operating Income Expenses": 639000.0,
        "Special Income Charges": 79000.0,
        "Restructuring And Mergern Acquisition": -79000.0,
        "Net Non Operating Interest Income Expense": -12363000.0,
        "Interest Expense Non Operating": 12363000.0,
        "Operating Income": 26457000.0,
        "Operating Expense": 83531000.0,
        "Depreciation Amortization Depletion Income Statement": 5693000.0,
        "Depreciation And Amortization In Income Statement": 5693000.0,
        "Selling General And Administration": 77838000.0,
        "Gross Profit": 109988000.0,
        "Cost Of Revenue": 256671000.0,
        "Total Revenue": 366659000.0,
        "Operating Revenue": 366659000.0
    },
    "2022-09-30": {
        "Tax Effect Of Unusual Items": -531199.669626,
        "Tax Rate For Calcs": 0.232982,
        "Normalized EBITDA": 43249000.0,
        "Total Unusual Items": -2280000.0,
        "Total Unusual Items Excluding Goodwill": -2280000.0,
        "Net Income From Continuing Operation Net Minority Interest": 18651000.0,
        "Reconciled Depreciation": 5056000.0,
        "Reconciled Cost Of Revenue": 271314000.0,
        "EBITDA": 40969000.0,
        "EBIT": 35913000.0,
        "Net Interest Income": -6855000.0,
        "Interest Expense": 6855000.0,
        "Normalized Income": 20399800.330374,
        "Net Income From Continuing And Discontinued Operation": 18651000.0,
        "Total Expenses": 356028000.0,
        "Total Operating Income As Reported": 39571000.0,
        "Diluted Average Shares": 14618000.0,
        "Basic Average Shares": 14132000.0,
        "Diluted EPS": 1.28,
        "Basic EPS": 1.32,
        "Diluted NI Availto Com Stockholders": 18651000.0,
        "Net Income Common Stockholders": 18651000.0,
        "Net Income": 18651000.0,
        "Minority Interests": -3637000.0,
        "Net Income Including Noncontrolling Interests": 22288000.0,
        "Net Income Continuous Operations": 22288000.0,
        "Tax Provision": 6770000.0,
        "Pretax Income": 29058000.0,
        "Other Income Expense": -5582000.0,
        "Other Non Operating Income Expenses": -3302000.0,
        "Special Income Charges": -2280000.0,
        "Other Special Charges": 356000.0,
        "Write Off": NaN,
        "Restructuring And Mergern Acquisition": 1924000.0,
        "Net Non Operating Interest Income Expense": -6855000.0,
        "Interest Expense Non Operating": 6855000.0,
        "Operating Income": 41495000.0,
        "Operating Expense": 84714000.0,
        "Depreciation Amortization Depletion Income Statement": 5056000.0,
        "Depreciation And Amortization In Income Statement": 5056000.0,
        "Selling General And Administration": 79658000.0,
        "Gross Profit": 126209000.0,
        "Cost Of Revenue": 271314000.0,
        "Total Revenue": 397523000.0,
        "Operating Revenue": 397523000.0
    },
    "2022-06-30": {
        "Tax Effect Of Unusual Items": -1006830.0,
        "Tax Rate For Calcs": 0.226,
        "Normalized EBITDA": 96440000.0,
        "Total Unusual Items": -4455000.0,
        "Total Unusual Items Excluding Goodwill": -4455000.0,
        "Net Income From Continuing Operation Net Minority Interest": 55977000.0,
        "Reconciled Depreciation": 4275000.0,
        "Reconciled Cost Of Revenue": 384759000.0,
        "EBITDA": 91985000.0,
        "EBIT": 87710000.0,
        "Net Interest Income": -4442000.0,
        "Interest Expense": 4442000.0,
        "Normalized Income": 59425170.0,
        "Net Income From Continuing And Discontinued Operation": 55977000.0,
        "Total Expenses": 476901000.0,
        "Total Operating Income As Reported": 87544000.0,
        "Diluted Average Shares": 14512000.0,
        "Basic Average Shares": 14133000.0,
        "Diluted EPS": 3.86,
        "Basic EPS": 3.96,
        "Diluted NI Availto Com Stockholders": 55977000.0,
        "Net Income Common Stockholders": 55977000.0,
        "Net Income": 55977000.0,
        "Minority Interests": -8506000.0,
        "Net Income Including Noncontrolling Interests": 64483000.0,
        "Net Income Continuous Operations": 64483000.0,
        "Tax Provision": 18785000.0,
        "Pretax Income": 83268000.0,
        "Other Income Expense": -4289000.0,
        "Other Non Operating Income Expenses": 166000.0,
        "Special Income Charges": -4455000.0,
        "Other Special Charges": NaN,
        "Restructuring And Mergern Acquisition": 4455000.0,
        "Net Non Operating Interest Income Expense": -4442000.0,
        "Interest Expense Non Operating": 4442000.0,
        "Operating Income": 91999000.0,
        "Operating Expense": 91940000.0,
        "Depreciation Amortization Depletion Income Statement": 4073000.0,
        "Depreciation And Amortization In Income Statement": 4073000.0,
        "Selling General And Administration": 87867000.0,
        "Gross Profit": 183939000.0,
        "Cost Of Revenue": 384961000.0,
        "Total Revenue": 568900000.0,
        "Operating Revenue": 568900000.0
    },
    "2022-03-31": {
        "Diluted EPS": 2.54,
        "Total Revenue": 442,
        "Gross Profit": 143,
        "Operating Income": 59,
        "EBIT": 64,
        "Net Income": 36
    },
    "2021-12-31": {
        "Diluted EPS": 1.45,
        "Total Revenue": 336,
        "Gross Profit": 101,
        "Operating Income": 31,
        "EBIT": 33,
        "Net Income": 20
    },
    "2021-09-30": {
        "Diluted EPS": 1.38,
        "Total Revenue": 280,
        "Gross Profit": 89,
        "Operating Income": 29,
        "EBIT": 31,
        "Net Income": 16
    },
    "2021-06-30": {
        "Diluted EPS": 3.04,
        "Total Revenue": 404,
        "Gross Profit": 127,
        "Operating Income": 65,
        "EBIT": 66,
        "Net Income": 35
    },
    "2021-03-31": {
        "Diluted EPS": 1.83,
        "Total Revenue": 330,
        "Gross Profit": 89,
        "Operating Income": 39,
        "EBIT": 40,
        "Net Income": 20
    },
    "2020-12-31": {
        "Diluted EPS": 0.71,
        "Total Revenue": 214,
        "Gross Profit": 52,
        "Operating Income": 16,
        "EBIT": 17,
        "Net Income": 8
    },
    "2020-09-30": {
        "Diluted EPS": 0.23,
        "Total Revenue": 271,
        "Gross Profit": 64,
        "Operating Income": 16,
        "EBIT": 17,
        "Net Income": 3
    },
    "2020-06-30": {
        "Diluted EPS": 2.36,
        "Total Revenue": 408,
        "Gross Profit": 95,
        "Operating Income": 51,
        "EBIT": 52,
        "Net Income": 14
    },
    "2020-03-31": {
        "Diluted EPS": 0.18,
        "Total Revenue": 190,
        "Gross Profit": 45,
        "Operating Income": 8,
        "EBIT": 9,
        "Net Income": 1
    },
    "2019-12-31": {
        "Diluted EPS": 0.0,
        "Total Revenue": 154,
        "Gross Profit": 32,
        "Operating Income": 3,
        "EBIT": 3,
        "Net Income": -1
    },
    "2019-09-30": {
        "Diluted EPS": 0.0,
        "Total Revenue": 209,
        "Gross Profit": 46,
        "Operating Income": 12,
        "EBIT": 13,
        "Net Income": 7
    },
    "2019-06-30": {
        "Diluted EPS": 0.0,
        "Total Revenue": 275,
        "Gross Profit": 63,
        "Operating Income": 27,
        "EBIT": 28,
        "Net Income": 32
    },
    "2019-03-31": {
        "Diluted EPS": 0.0,
        "Total Revenue": 181,
        "Gross Profit": 40,
        "Operating Income": 13,
        "EBIT": 13,
        "Net Income": -3
    },
    "2018-12-31": {
        "Diluted EPS": 0.0,
        "Total Revenue": 103,
        "Gross Profit": 23,
        "Operating Income": 1,
        "EBIT": 2,
        "Net Income": 0
    },
    "2018-09-30": {
        "Diluted EPS": 0.0,
        "Total Revenue": NaN,
        "Gross Profit": NaN,
        "Operating Income": NaN,
        "EBIT": NaN,
        "Net Income": NaN
    },
    "2023-06-30": {
        "Tax Effect Of Unusual Items": NaN,
        "Tax Rate For Calcs": NaN,
        "Normalized EBITDA": NaN,
        "Total Unusual Items": NaN,
        "Total Unusual Items Excluding Goodwill": NaN,
        "Net Income From Continuing Operation Net Minority Interest": NaN,
        "Reconciled Depreciation": NaN,
        "Reconciled Cost Of Revenue": NaN,
        "EBITDA": NaN,
        "EBIT": NaN,
        "Net Interest Income": NaN,
        "Interest Expense": NaN,
        "Normalized Income": NaN,
        "Net Income From Continuing And Discontinued Operation": NaN,
        "Total Expenses": NaN,
        "Total Operating Income As Reported": NaN,
        "Diluted Average Shares": 14675000.0,
        "Basic Average Shares": 14314000.0,
        "Diluted EPS": 1.95,
        "Basic EPS": 2.0,
        "Diluted NI Availto Com Stockholders": NaN,
        "Net Income Common Stockholders": NaN,
        "Net Income": NaN,
        "Minority Interests": NaN,
        "Net Income Including Noncontrolling Interests": NaN,
        "Net Income Continuous Operations": NaN,
        "Tax Provision": NaN,
        "Pretax Income": NaN,
        "Other Income Expense": NaN,
        "Other Non Operating Income Expenses": NaN,
        "Special Income Charges": NaN,
        "Restructuring And Mergern Acquisition": NaN,
        "Net Non Operating Interest Income Expense": NaN,
        "Interest Expense Non Operating": NaN,
        "Operating Income": NaN,
        "Operating Expense": NaN,
        "Depreciation Amortization Depletion Income Statement": NaN,
        "Depreciation And Amortization In Income Statement": NaN,
        "Selling General And Administration": NaN,
        "Gross Profit": NaN,
        "Cost Of Revenue": NaN,
        "Total Revenue": NaN,
        "Operating Revenue": NaN
    },
    "2023-09-30": {
        "Tax Effect Of Unusual Items": -26435372.474952,
        "Tax Rate For Calcs": 0.182054,
        "Normalized EBITDA": 34012000.0,
        "Total Unusual Items": -145206000.0,
        "Total Unusual Items Excluding Goodwill": -145206000.0,
        "Net Income From Continuing Operation Net Minority Interest": -98866000.0,
        "Reconciled Depreciation": 7663000.0,
        "Reconciled Cost Of Revenue": 330899000.0,
        "EBITDA": -111194000.0,
        "EBIT": -118857000.0,
        "Net Interest Income": -16685000.0,
        "Interest Expense": 16685000.0,
        "Normalized Income": 19904627.525048,
        "Net Income From Continuing And Discontinued Operation": -98866000.0,
        "Total Expenses": 423214000.0,
        "Total Operating Income As Reported": -117439000.0,
        "Diluted Average Shares": 14360000.0,
        "Basic Average Shares": 14360000.0,
        "Diluted EPS": -6.89,
        "Basic EPS": -6.89,
        "Diluted NI Availto Com Stockholders": -98866000.0,
        "Net Income Common Stockholders": -98866000.0,
        "Net Income": -98866000.0,
        "Minority Interests": 12000000.0,
        "Net Income Including Noncontrolling Interests": -110866000.0,
        "Net Income Continuous Operations": -110866000.0,
        "Tax Provision": -24676000.0,
        "Pretax Income": -135542000.0,
        "Other Income Expense": -146624000.0,
        "Other Non Operating Income Expenses": -1418000.0,
        "Special Income Charges": -145206000.0,
        "Restructuring And Mergern Acquisition": -2196000.0,
        "Net Non Operating Interest Income Expense": -16685000.0,
        "Interest Expense Non Operating": 16685000.0,
        "Operating Income": 27767000.0,
        "Operating Expense": 91240000.0,
        "Depreciation Amortization Depletion Income Statement": 6588000.0,
        "Depreciation And Amortization In Income Statement": 6588000.0,
        "Selling General And Administration": 84652000.0,
        "Gross Profit": 119007000.0,
        "Cost Of Revenue": 331974000.0,
        "Total Revenue": 450981000.0,
        "Operating Revenue": 450981000.0
    },
    "2023-12-31": {
        "Tax Effect Of Unusual Items": -255677.923092,
        "Tax Rate For Calcs": 0.222135,
        "Normalized EBITDA": 12774000.0,
        "Total Unusual Items": -1151000.0,
        "Total Unusual Items Excluding Goodwill": -1151000.0,
        "Net Income From Continuing Operation Net Minority Interest": -7170000.0,
        "Reconciled Depreciation": 4905000.0,
        "Reconciled Cost Of Revenue": 271887000.0,
        "EBITDA": 11623000.0,
        "EBIT": 6718000.0,
        "Net Interest Income": -16964000.0,
        "Interest Expense": 16964000.0,
        "Normalized Income": -6274677.923092,
        "Net Income From Continuing And Discontinued Operation": -7170000.0,
        "Total Expenses": 356391000.0,
        "Total Operating Income As Reported": 6471000.0,
        "Diluted Average Shares": 14540000.0,
        "Basic Average Shares": 14540000.0,
        "Diluted EPS": -0.49,
        "Basic EPS": -0.49,
        "Diluted NI Availto Com Stockholders": -7170000.0,
        "Net Income Common Stockholders": -7170000.0,
        "Net Income": -7170000.0,
        "Minority Interests": 800000.0,
        "Net Income Including Noncontrolling Interests": -7970000.0,
        "Net Income Continuous Operations": -7970000.0,
        "Tax Provision": -2276000.0,
        "Pretax Income": -10246000.0,
        "Other Income Expense": -904000.0,
        "Other Non Operating Income Expenses": 247000.0,
        "Special Income Charges": -1151000.0,
        "Restructuring And Mergern Acquisition": 1151000.0,
        "Net Non Operating Interest Income Expense": -16964000.0,
        "Interest Expense Non Operating": 16964000.0,
        "Operating Income": 7622000.0,
        "Operating Expense": 83821000.0,
        "Depreciation Amortization Depletion Income Statement": 4222000.0,
        "Depreciation And Amortization In Income Statement": 4222000.0,
        "Selling General And Administration": 79599000.0,
        "Gross Profit": 91443000.0,
        "Cost Of Revenue": 272570000.0,
        "Total Revenue": 364013000.0,
        "Operating Revenue": 364013000.0
    },
    "2024-03-31": {
        "Tax Effect Of Unusual Items": -4393218.568057,
        "Tax Rate For Calcs": 0.29048,
        "Normalized EBITDA": 32051000.0,
        "Total Unusual Items": -15124000.0,
        "Total Unusual Items Excluding Goodwill": -15124000.0,
        "Net Income From Continuing Operation Net Minority Interest": -3969000.0,
        "Reconciled Depreciation": 5565000.0,
        "Reconciled Cost Of Revenue": 367266000.0,
        "EBITDA": 16927000.0,
        "EBIT": 11362000.0,
        "Net Interest Income": -17717000.0,
        "Interest Expense": 17717000.0,
        "Normalized Income": 6761781.431943,
        "Net Income From Continuing And Discontinued Operation": -3969000.0,
        "Total Expenses": 459342000.0,
        "Total Operating Income As Reported": 13855000.0,
        "Diluted Average Shares": 14579000.0,
        "Basic Average Shares": 14579000.0,
        "Diluted EPS": -0.27,
        "Basic EPS": -0.27,
        "Diluted NI Availto Com Stockholders": -3969000.0,
        "Net Income Common Stockholders": -3969000.0,
        "Net Income": -3969000.0,
        "Minority Interests": 540000.0,
        "Net Income Including Noncontrolling Interests": -4509000.0,
        "Net Income Continuous Operations": -4509000.0,
        "Tax Provision": -1846000.0,
        "Pretax Income": -6355000.0,
        "Other Income Expense": -17617000.0,
        "Other Non Operating Income Expenses": -2493000.0,
        "Special Income Charges": -15124000.0,
        "Restructuring And Mergern Acquisition": 15124000.0,
        "Net Non Operating Interest Income Expense": -17717000.0,
        "Interest Expense Non Operating": 17717000.0,
        "Operating Income": 28979000.0,
        "Operating Expense": 91383000.0,
        "Depreciation Amortization Depletion Income Statement": 4872000.0,
        "Depreciation And Amortization In Income Statement": 4872000.0,
        "Selling General And Administration": 86511000.0,
        "Gross Profit": 120362000.0,
        "Cost Of Revenue": 367959000.0,
        "Total Revenue": 488321000.0,
        "Operating Revenue": 488321000.0
    },
    "2024-06-30": {
        "Tax Effect Of Unusual Items": -125460.31746,
        "Tax Rate For Calcs": 0.275132,
        "Normalized EBITDA": 47597000.0,
        "Total Unusual Items": -456000.0,
        "Total Unusual Items Excluding Goodwill": -456000.0,
        "Net Income From Continuing Operation Net Minority Interest": 14683000.0,
        "Reconciled Depreciation": 5785000.0,
        "Reconciled Cost Of Revenue": 409142000.0,
        "EBITDA": 47141000.0,
        "EBIT": 41356000.0,
        "Net Interest Income": -18298000.0,
        "Interest Expense": 18298000.0,
        "Normalized Income": 15013539.68254,
        "Net Income From Continuing And Discontinued Operation": 14683000.0,
        "Total Expenses": 501986000.0,
        "Total Operating Income As Reported": 39999000.0,
        "Diluted Average Shares": NaN,
        "Basic Average Shares": NaN,
        "Diluted EPS": NaN,
        "Basic EPS": NaN,
        "Diluted NI Availto Com Stockholders": 14683000.0,
        "Net Income Common Stockholders": 14683000.0,
        "Net Income": 14683000.0,
        "Minority Interests": -2031000.0,
        "Net Income Including Noncontrolling Interests": 16714000.0,
        "Net Income Continuous Operations": 16714000.0,
        "Tax Provision": 6344000.0,
        "Pretax Income": 23058000.0,
        "Other Income Expense": 901000.0,
        "Other Non Operating Income Expenses": 1357000.0,
        "Special Income Charges": -456000.0,
        "Restructuring And Mergern Acquisition": 456000.0,
        "Net Non Operating Interest Income Expense": -18298000.0,
        "Interest Expense Non Operating": 18298000.0,
        "Operating Income": 40455000.0,
        "Operating Expense": 92150000.0,
        "Depreciation Amortization Depletion Income Statement": 5091000.0,
        "Depreciation And Amortization In Income Statement": 5091000.0,
        "Selling General And Administration": 87059000.0,
        "Gross Profit": 132605000.0,
        "Cost Of Revenue": 409836000.0,
        "Total Revenue": 542441000.0,
        "Operating Revenue": 542441000.0
    },
    "2024-09-30": {
        "Tax Effect Of Unusual Items": -266544.722439,
        "Tax Rate For Calcs": 0.186005,
        "Normalized EBITDA": 12733000.0,
        "Total Unusual Items": -1433000.0,
        "Total Unusual Items Excluding Goodwill": -1433000.0,
        "Net Income From Continuing Operation Net Minority Interest": -9249000.0,
        "Reconciled Depreciation": 5932000.0,
        "Reconciled Cost Of Revenue": 286486000.0,
        "EBITDA": 11300000.0,
        "EBIT": 5368000.0,
        "Net Interest Income": -18158000.0,
        "Interest Expense": 18158000.0,
        "Normalized Income": -8082544.722439,
        "Net Income From Continuing And Discontinued Operation": -9249000.0,
        "Total Expenses": 371929000.0,
        "Total Operating Income As Reported": 4493000.0,
        "Diluted Average Shares": 14628000.0,
        "Basic Average Shares": 14628000.0,
        "Diluted EPS": -0.63,
        "Basic EPS": -0.63,
        "Diluted NI Availto Com Stockholders": -9249000.0,
        "Net Income Common Stockholders": -9249000.0,
        "Net Income": -9249000.0,
        "Minority Interests": 1162000.0,
        "Net Income Including Noncontrolling Interests": -10411000.0,
        "Net Income Continuous Operations": -10411000.0,
        "Tax Provision": -2379000.0,
        "Pretax Income": -12790000.0,
        "Other Income Expense": -558000.0,
        "Other Non Operating Income Expenses": 875000.0,
        "Special Income Charges": -1433000.0,
        "Restructuring And Mergern Acquisition": 1433000.0,
        "Net Non Operating Interest Income Expense": -18158000.0,
        "Interest Expense Non Operating": 18158000.0,
        "Operating Income": 5926000.0,
        "Operating Expense": 84727000.0,
        "Depreciation Amortization Depletion Income Statement": 5216000.0,
        "Depreciation And Amortization In Income Statement": 5216000.0,
        "Selling General And Administration": 79511000.0,
        "Gross Profit": 90653000.0,
        "Cost Of Revenue": 287202000.0,
        "Total Revenue": 377855000.0,
        "Operating Revenue": 377855000.0
    },
    "2024-12-31": {
        "Tax Effect Of Unusual Items": -460908.0,
        "Tax Rate For Calcs": 0.279,
        "Normalized EBITDA": 4829000.0,
        "Total Unusual Items": -1652000.0,
        "Total Unusual Items Excluding Goodwill": -1652000.0,
        "Net Income From Continuing Operation Net Minority Interest": -11971000.0,
        "Reconciled Depreciation": 6037000.0,
        "Reconciled Cost Of Revenue": 291038000.0,
        "EBITDA": 3177000.0,
        "EBIT": -2860000.0,
        "Net Interest Income": -16014000.0,
        "Interest Expense": 16014000.0,
        "Normalized Income": -10779908.0,
        "Net Income From Continuing And Discontinued Operation": -11971000.0,
        "Total Expenses": 376135000.0,
        "Total Operating Income As Reported": -1973000.0,
        "Diluted Average Shares": 14831000.0,
        "Basic Average Shares": 14831000.0,
        "Diluted EPS": -0.81,
        "Basic EPS": -0.81,
        "Diluted NI Availto Com Stockholders": -11971000.0,
        "Net Income Common Stockholders": -11971000.0,
        "Net Income": -11971000.0,
        "Minority Interests": 1641000.0,
        "Net Income Including Noncontrolling Interests": -13612000.0,
        "Net Income Continuous Operations": -13612000.0,
        "Tax Provision": -5262000.0,
        "Pretax Income": -18874000.0,
        "Other Income Expense": -2539000.0,
        "Other Non Operating Income Expenses": -887000.0,
        "Special Income Charges": -1652000.0,
        "Restructuring And Mergern Acquisition": 1652000.0,
        "Net Non Operating Interest Income Expense": -16014000.0,
        "Interest Expense Non Operating": 16014000.0,
        "Operating Income": -321000.0,
        "Operating Expense": 84375000.0,
        "Depreciation Amortization Depletion Income Statement": 5315000.0,
        "Depreciation And Amortization In Income Statement": 5315000.0,
        "Selling General And Administration": 79060000.0,
        "Gross Profit": 84054000.0,
        "Cost Of Revenue": 291760000.0,
        "Total Revenue": 375814000.0,
        "Operating Revenue": 375814000.0
    },
    "2025-03-31": {
        "Tax Effect Of Unusual Items": -235173.0,
        "Tax Rate For Calcs": 0.283,
        "Normalized EBITDA": 23083000.0,
        "Total Unusual Items": -831000.0,
        "Total Unusual Items Excluding Goodwill": -831000.0,
        "Net Income From Continuing Operation Net Minority Interest": -368000.0,
        "Reconciled Depreciation": 6171000.0,
        "Reconciled Cost Of Revenue": 372457000.0,
        "EBITDA": 22252000.0,
        "EBIT": 16081000.0,
        "Net Interest Income": -16604000.0,
        "Interest Expense": 16604000.0,
        "Normalized Income": 227827.0,
        "Net Income From Continuing And Discontinued Operation": -368000.0,
        "Total Expenses": 466419000.0,
        "Total Operating Income As Reported": 16271000.0,
        "Diluted Average Shares": 15968000.0,
        "Basic Average Shares": 15968000.0,
        "Diluted EPS": -0.02,
        "Basic EPS": -0.02,
        "Diluted NI Availto Com Stockholders": -368000.0,
        "Net Income Common Stockholders": -368000.0,
        "Net Income": -368000.0,
        "Minority Interests": 7000.0,
        "Net Income Including Noncontrolling Interests": -375000.0,
        "Net Income Continuous Operations": -375000.0,
        "Tax Provision": -148000.0,
        "Pretax Income": -523000.0,
        "Other Income Expense": -1021000.0,
        "Other Non Operating Income Expenses": -190000.0,
        "Special Income Charges": -831000.0,
        "Restructuring And Mergern Acquisition": 831000.0,
        "Net Non Operating Interest Income Expense": -16604000.0,
        "Interest Expense Non Operating": 16604000.0,
        "Operating Income": 17102000.0,
        "Operating Expense": 93309000.0,
        "Depreciation Amortization Depletion Income Statement": 5518000.0,
        "Depreciation And Amortization In Income Statement": 5518000.0,
        "Selling General And Administration": 87791000.0,
        "Gross Profit": 110411000.0,
        "Cost Of Revenue": 373110000.0,
        "Total Revenue": 483521000.0,
        "Operating Revenue": 483521000.0
    },
    "2025-06-30": {
        "Tax Effect Of Unusual Items": -136364.154127,
        "Tax Rate For Calcs": 0.24659,
        "Normalized EBITDA": 37457000.0,
        "Total Unusual Items": -553000.0,
        "Total Unusual Items Excluding Goodwill": -553000.0,
        "Net Income From Continuing Operation Net Minority Interest": 10715000.0,
        "Reconciled Depreciation": 6301000.0,
        "Reconciled Cost Of Revenue": 423493000.0,
        "EBITDA": 36904000.0,
        "EBIT": 30603000.0,
        "Net Interest Income": -16381000.0,
        "Interest Expense": 16381000.0,
        "Normalized Income": 11131635.845873,
        "Net Income From Continuing And Discontinued Operation": 10715000.0,
        "Total Expenses": 521932000.0,
        "Total Operating Income As Reported": 30379000.0,
        "Diluted Average Shares": 16444000.0,
        "Basic Average Shares": 16313000.0,
        "Diluted EPS": 0.65,
        "Basic EPS": 0.66,
        "Diluted NI Availto Com Stockholders": 10715000.0,
        "Net Income Common Stockholders": 10715000.0,
        "Net Income": 10715000.0,
        "Minority Interests": 0.0,
        "Net Income Including Noncontrolling Interests": 10715000.0,
        "Net Income Continuous Operations": 10715000.0,
        "Tax Provision": 3507000.0,
        "Pretax Income": 14222000.0,
        "Other Income Expense": -329000.0,
        "Other Non Operating Income Expenses": 224000.0,
        "Special Income Charges": -553000.0,
        "Restructuring And Mergern Acquisition": 553000.0,
        "Net Non Operating Interest Income Expense": -16381000.0,
        "Interest Expense Non Operating": 16381000.0,
        "Operating Income": 30932000.0,
        "Operating Expense": 97731000.0,
        "Depreciation Amortization Depletion Income Statement": 5593000.0,
        "Depreciation And Amortization In Income Statement": 5593000.0,
        "Selling General And Administration": 92138000.0,
        "Gross Profit": 128663000.0,
        "Cost Of Revenue": 424201000.0,
        "Total Revenue": 552864000.0,
        "Operating Revenue": 552864000.0
    },
    "2025-09-30": {
        "Tax Effect Of Unusual Items": -32978345.718659,
        "Tax Rate For Calcs": 0.228197,
        "Normalized EBITDA": 19745000.0,
        "Total Unusual Items": -144517000.0,
        "Total Unusual Items Excluding Goodwill": -144517000.0,
        "Net Income From Continuing Operation Net Minority Interest": -112958000.0,
        "Reconciled Depreciation": 5931000.0,
        "Reconciled Cost Of Revenue": 355518000.0,
        "EBITDA": -124772000.0,
        "EBIT": -130703000.0,
        "Net Interest Income": -15653000.0,
        "Interest Expense": 15653000.0,
        "Normalized Income": -1419345.718659,
        "Net Income From Continuing And Discontinued Operation": -112958000.0,
        "Total Expenses": 445745000.0,
        "Total Operating Income As Reported": -130127000.0,
        "Diluted Average Shares": 16372000.0,
        "Basic Average Shares": 16372000.0,
        "Diluted EPS": -6.9,
        "Basic EPS": -6.9,
        "Diluted NI Availto Com Stockholders": -112958000.0,
        "Net Income Common Stockholders": -112958000.0,
        "Net Income": -112958000.0,
        "Minority Interests": 0.0,
        "Net Income Including Noncontrolling Interests": -112958000.0,
        "Net Income Continuous Operations": -112958000.0,
        "Tax Provision": -33398000.0,
        "Pretax Income": -146356000.0,
        "Other Income Expense": -145093000.0,
        "Other Non Operating Income Expenses": -576000.0,
        "Special Income Charges": -144517000.0,
        "Restructuring And Mergern Acquisition": 144517000.0,
        "Net Non Operating Interest Income Expense": -15653000.0,
        "Interest Expense Non Operating": 15653000.0,
        "Operating Income": 14390000.0,
        "Operating Expense": 89504000.0,
        "Depreciation Amortization Depletion Income Statement": 5208000.0,
        "Depreciation And Amortization In Income Statement": 5208000.0,
        "Selling General And Administration": 84296000.0,
        "Gross Profit": 103894000.0,
        "Cost Of Revenue": 356241000.0,
        "Total Revenue": 460135000.0,
        "Operating Revenue": 460135000.0
    }
}