{
    "2023-03-31": {
        "Tax Effect Of Unusual Items": -55650.0,
        "Tax Rate For Calcs": 0.21,
        "Normalized EBITDA": -15683000.0,
        "Total Unusual Items": -265000.0,
        "Total Unusual Items Excluding Goodwill": -265000.0,
        "Net Income From Continuing Operation Net Minority Interest": -17590000.0,
        "Reconciled Depreciation": 1417000.0,
        "Reconciled Cost Of Revenue": 13206000.0,
        "EBITDA": -15948000.0,
        "EBIT": -17365000.0,
        "Net Interest Income": 929000.0,
        "Interest Expense": 29000.0,
        "Interest Income": 958000.0,
        "Normalized Income": -17380650.0,
        "Net Income From Continuing And Discontinued Operation": -17590000.0,
        "Total Expenses": 63000000.0,
        "Total Operating Income As Reported": -19937000.0,
        "Diluted Average Shares": 47304983.0,
        "Basic Average Shares": 47304983.0,
        "Diluted EPS": -0.37,
        "Basic EPS": -0.37,
        "Diluted NI Availto Com Stockholders": -17590000.0,
        "Net Income Common Stockholders": -17590000.0,
        "Net Income": -17590000.0,
        "Net Income Including Noncontrolling Interests": -17590000.0,
        "Net Income Continuous Operations": -17590000.0,
        "Tax Provision": 196000.0,
        "Pretax Income": -17394000.0,
        "Other Income Expense": 1614000.0,
        "Other Non Operating Income Expenses": 53000.0,
        "Securities Amortization": -1826000.0,
        "Gain On Sale Of Security": -265000.0,
        "Net Non Operating Interest Income Expense": 929000.0,
        "Interest Expense Non Operating": 29000.0,
        "Interest Income Non Operating": 958000.0,
        "Operating Income": -19937000.0,
        "Operating Expense": 49794000.0,
        "Research And Development": 11099000.0,
        "Selling General And Administration": 38695000.0,
        "Selling And Marketing Expense": 24417000.0,
        "General And Administrative Expense": 14278000.0,
        "Other Gand A": 14278000.0,
        "Gross Profit": 29857000.0,
        "Cost Of Revenue": 13206000.0,
        "Total Revenue": 43063000.0,
        "Operating Revenue": 43063000.0
    },
    "2022-12-31": {
        "Tax Effect Of Unusual Items": 0.0,
        "Tax Rate For Calcs": 0.21,
        "Normalized EBITDA": -9836000.0,
        "Total Unusual Items": NaN,
        "Total Unusual Items Excluding Goodwill": NaN,
        "Net Income From Continuing Operation Net Minority Interest": -12130000.0,
        "Reconciled Depreciation": 1463000.0,
        "Reconciled Cost Of Revenue": 13238000.0,
        "EBITDA": -9836000.0,
        "EBIT": -11299000.0,
        "Net Interest Income": -1272000.0,
        "Interest Expense": 36000.0,
        "Interest Income": NaN,
        "Normalized Income": -12130000.0,
        "Net Income From Continuing And Discontinued Operation": -12130000.0,
        "Total Expenses": 60197000.0,
        "Total Operating Income As Reported": -13630000.0,
        "Diluted Average Shares": 47996905.0,
        "Basic Average Shares": 47996905.0,
        "Diluted EPS": -0.25,
        "Basic EPS": -0.25,
        "Diluted NI Availto Com Stockholders": -12130000.0,
        "Net Income Common Stockholders": -12130000.0,
        "Net Income": -12130000.0,
        "Net Income Including Noncontrolling Interests": -12130000.0,
        "Net Income Continuous Operations": -12130000.0,
        "Tax Provision": 795000.0,
        "Pretax Income": -11335000.0,
        "Other Income Expense": 3567000.0,
        "Other Non Operating Income Expenses": 2362000.0,
        "Securities Amortization": NaN,
        "Gain On Sale Of Security": NaN,
        "Net Non Operating Interest Income Expense": -1272000.0,
        "Interest Expense Non Operating": 36000.0,
        "Interest Income Non Operating": NaN,
        "Operating Income": -13630000.0,
        "Operating Expense": 46959000.0,
        "Research And Development": 11186000.0,
        "Selling General And Administration": 35773000.0,
        "Selling And Marketing Expense": 25003000.0,
        "General And Administrative Expense": 10770000.0,
        "Other Gand A": 10770000.0,
        "Gross Profit": 33329000.0,
        "Cost Of Revenue": 13238000.0,
        "Total Revenue": 46567000.0,
        "Operating Revenue": 46567000.0
    },
    "2022-09-30": {
        "Tax Effect Of Unusual Items": 0.0,
        "Tax Rate For Calcs": 0.21,
        "Normalized EBITDA": -12898000.0,
        "Total Unusual Items": -555000.0,
        "Total Unusual Items Excluding Goodwill": -555000.0,
        "Net Income From Continuing Operation Net Minority Interest": -14387000.0,
        "Reconciled Depreciation": 1407000.0,
        "Reconciled Cost Of Revenue": 13302000.0,
        "EBITDA": -12898000.0,
        "EBIT": -14305000.0,
        "Net Interest Income": -42000.0,
        "Interest Expense": 42000.0,
        "Interest Income": 477000.0,
        "Normalized Income": -14387000.0,
        "Net Income From Continuing And Discontinued Operation": -14387000.0,
        "Total Expenses": 62343000.0,
        "Total Operating Income As Reported": -14768000.0,
        "Diluted Average Shares": 47640200.0,
        "Basic Average Shares": 47640200.0,
        "Diluted EPS": -0.3,
        "Basic EPS": -0.3,
        "Diluted NI Availto Com Stockholders": -14387000.0,
        "Net Income Common Stockholders": -14387000.0,
        "Net Income": -14387000.0,
        "Net Income Including Noncontrolling Interests": -14387000.0,
        "Net Income Continuous Operations": -14387000.0,
        "Tax Provision": 40000.0,
        "Pretax Income": -14347000.0,
        "Other Income Expense": 463000.0,
        "Other Non Operating Income Expenses": 463000.0,
        "Securities Amortization": -447000.0,
        "Gain On Sale Of Security": -555000.0,
        "Net Non Operating Interest Income Expense": -42000.0,
        "Interest Expense Non Operating": 42000.0,
        "Interest Income Non Operating": 477000.0,
        "Operating Income": -14768000.0,
        "Operating Expense": 49041000.0,
        "Research And Development": 11324000.0,
        "Selling General And Administration": 37717000.0,
        "Selling And Marketing Expense": 26553000.0,
        "General And Administrative Expense": 11164000.0,
        "Other Gand A": 11164000.0,
        "Salaries And Wages": NaN,
        "Gross Profit": 34273000.0,
        "Cost Of Revenue": 13302000.0,
        "Total Revenue": 47575000.0,
        "Operating Revenue": 47575000.0
    },
    "2022-06-30": {
        "Tax Effect Of Unusual Items": 0.0,
        "Tax Rate For Calcs": 0.4,
        "Normalized EBITDA": -14783000.0,
        "Total Unusual Items": NaN,
        "Total Unusual Items Excluding Goodwill": NaN,
        "Net Income From Continuing Operation Net Minority Interest": -16212000.0,
        "Reconciled Depreciation": 1339000.0,
        "Reconciled Cost Of Revenue": 13301000.0,
        "EBITDA": -14783000.0,
        "EBIT": -16122000.0,
        "Net Interest Income": -49000.0,
        "Interest Expense": 49000.0,
        "Interest Income": NaN,
        "Normalized Income": -16212000.0,
        "Net Income From Continuing And Discontinued Operation": -16212000.0,
        "Total Expenses": 64257000.0,
        "Total Operating Income As Reported": -16019000.0,
        "Diluted Average Shares": 47187586.0,
        "Basic Average Shares": 47187586.0,
        "Diluted EPS": -0.34,
        "Basic EPS": -0.34,
        "Diluted NI Availto Com Stockholders": -16212000.0,
        "Net Income Common Stockholders": -16212000.0,
        "Net Income": -16212000.0,
        "Net Income Including Noncontrolling Interests": -16212000.0,
        "Net Income Continuous Operations": -16212000.0,
        "Tax Provision": 41000.0,
        "Pretax Income": -16171000.0,
        "Other Income Expense": -103000.0,
        "Other Non Operating Income Expenses": -103000.0,
        "Securities Amortization": NaN,
        "Gain On Sale Of Security": NaN,
        "Net Non Operating Interest Income Expense": -49000.0,
        "Interest Expense Non Operating": 49000.0,
        "Interest Income Non Operating": NaN,
        "Operating Income": -16019000.0,
        "Operating Expense": 50956000.0,
        "Research And Development": 10948000.0,
        "Selling General And Administration": 40008000.0,
        "Selling And Marketing Expense": 28850000.0,
        "General And Administrative Expense": 11158000.0,
        "Other Gand A": 11158000.0,
        "Salaries And Wages": NaN,
        "Gross Profit": 34937000.0,
        "Cost Of Revenue": 13301000.0,
        "Total Revenue": 48238000.0,
        "Operating Revenue": 48238000.0
    },
    "2022-03-31": {
        "Diluted EPS": -0.32,
        "Total Revenue": 48,
        "Gross Profit": 36,
        "Operating Income": -15,
        "EBIT": -10,
        "Net Income": -15
    },
    "2021-12-31": {
        "Diluted EPS": -0.22,
        "Total Revenue": 52,
        "Gross Profit": 39,
        "Operating Income": -10,
        "EBIT": -5,
        "Net Income": -10
    },
    "2021-09-30": {
        "Diluted EPS": -0.2,
        "Total Revenue": 49,
        "Gross Profit": 37,
        "Operating Income": -9,
        "EBIT": -4,
        "Net Income": -9
    },
    "2021-06-30": {
        "Diluted EPS": -0.05,
        "Total Revenue": 52,
        "Gross Profit": 40,
        "Operating Income": -2,
        "EBIT": 2,
        "Net Income": -3
    },
    "2021-03-31": {
        "Diluted EPS": -0.1,
        "Total Revenue": 50,
        "Gross Profit": 39,
        "Operating Income": -2,
        "EBIT": 3,
        "Net Income": -3
    },
    "2020-12-31": {
        "Diluted EPS": 0.17,
        "Total Revenue": 53,
        "Gross Profit": 43,
        "Operating Income": 10,
        "EBIT": 14,
        "Net Income": 10
    },
    "2020-09-30": {
        "Diluted EPS": 0.12,
        "Total Revenue": 43,
        "Gross Profit": 34,
        "Operating Income": 7,
        "EBIT": 11,
        "Net Income": 1
    },
    "2020-06-30": {
        "Diluted EPS": 0.14,
        "Total Revenue": 36,
        "Gross Profit": 28,
        "Operating Income": 7,
        "EBIT": 10,
        "Net Income": 1
    },
    "2020-03-31": {
        "Diluted EPS": -0.37,
        "Total Revenue": 25,
        "Gross Profit": 18,
        "Operating Income": -2,
        "EBIT": 1,
        "Net Income": -3
    },
    "2019-12-31": {
        "Diluted EPS": 0.0,
        "Total Revenue": NaN,
        "Gross Profit": NaN,
        "Operating Income": NaN,
        "EBIT": NaN,
        "Net Income": NaN
    },
    "2018-12-31": {
        "Diluted EPS": 0.0,
        "Total Revenue": NaN,
        "Gross Profit": NaN,
        "Operating Income": NaN,
        "EBIT": NaN,
        "Net Income": NaN
    },
    "2023-06-30": {
        "Tax Effect Of Unusual Items": -47460.0,
        "Tax Rate For Calcs": 0.21,
        "Normalized EBITDA": -10983000.0,
        "Total Unusual Items": -226000.0,
        "Total Unusual Items Excluding Goodwill": -226000.0,
        "Net Income From Continuing Operation Net Minority Interest": -12847000.0,
        "Reconciled Depreciation": 1375000.0,
        "Reconciled Cost Of Revenue": 12200000.0,
        "EBITDA": -11209000.0,
        "EBIT": -12584000.0,
        "Net Interest Income": 1506000.0,
        "Interest Expense": 33000.0,
        "Interest Income": 1539000.0,
        "Normalized Income": -12668460.0,
        "Net Income From Continuing And Discontinued Operation": -12847000.0,
        "Total Expenses": 57863000.0,
        "Total Operating Income As Reported": -15777000.0,
        "Diluted Average Shares": 45866022.0,
        "Basic Average Shares": 45866022.0,
        "Diluted EPS": -0.28,
        "Basic EPS": -0.28,
        "Diluted NI Availto Com Stockholders": -12847000.0,
        "Net Income Common Stockholders": -12847000.0,
        "Net Income": -12847000.0,
        "Net Income Including Noncontrolling Interests": -12847000.0,
        "Net Income Continuous Operations": -12847000.0,
        "Tax Provision": 230000.0,
        "Pretax Income": -12617000.0,
        "Other Income Expense": 1654000.0,
        "Other Non Operating Income Expenses": -5000.0,
        "Securities Amortization": -1885000.0,
        "Gain On Sale Of Security": -226000.0,
        "Net Non Operating Interest Income Expense": 1506000.0,
        "Interest Expense Non Operating": 33000.0,
        "Interest Income Non Operating": 1539000.0,
        "Operating Income": -15777000.0,
        "Operating Expense": 45663000.0,
        "Research And Development": 10930000.0,
        "Selling General And Administration": 34733000.0,
        "Selling And Marketing Expense": 22628000.0,
        "General And Administrative Expense": 12105000.0,
        "Other Gand A": 12105000.0,
        "Gross Profit": 29886000.0,
        "Cost Of Revenue": 12200000.0,
        "Total Revenue": 42086000.0,
        "Operating Revenue": 42086000.0
    },
    "2023-09-30": {
        "Tax Effect Of Unusual Items": -24990.0,
        "Tax Rate For Calcs": 0.21,
        "Normalized EBITDA": -9979000.0,
        "Total Unusual Items": -119000.0,
        "Total Unusual Items Excluding Goodwill": -119000.0,
        "Net Income From Continuing Operation Net Minority Interest": -11474000.0,
        "Reconciled Depreciation": 1249000.0,
        "Reconciled Cost Of Revenue": 10847000.0,
        "EBITDA": -10098000.0,
        "EBIT": -11347000.0,
        "Net Interest Income": 676000.0,
        "Interest Expense": 18000.0,
        "Interest Income": 694000.0,
        "Normalized Income": -11379990.0,
        "Net Income From Continuing And Discontinued Operation": -11474000.0,
        "Total Expenses": 53287000.0,
        "Total Operating Income As Reported": -14065000.0,
        "Diluted Average Shares": 43832475.0,
        "Basic Average Shares": 43832475.0,
        "Diluted EPS": -0.26,
        "Basic EPS": -0.26,
        "Diluted NI Availto Com Stockholders": -11474000.0,
        "Net Income Common Stockholders": -11474000.0,
        "Net Income": -11474000.0,
        "Net Income Including Noncontrolling Interests": -11474000.0,
        "Net Income Continuous Operations": -11474000.0,
        "Tax Provision": 109000.0,
        "Pretax Income": -11365000.0,
        "Other Income Expense": 2024000.0,
        "Other Non Operating Income Expenses": 1000.0,
        "Securities Amortization": -2142000.0,
        "Gain On Sale Of Security": -119000.0,
        "Net Non Operating Interest Income Expense": 676000.0,
        "Interest Expense Non Operating": 18000.0,
        "Interest Income Non Operating": 694000.0,
        "Operating Income": -14065000.0,
        "Operating Expense": 42440000.0,
        "Research And Development": 9730000.0,
        "Selling General And Administration": 32710000.0,
        "Selling And Marketing Expense": 21510000.0,
        "General And Administrative Expense": 11200000.0,
        "Other Gand A": 11200000.0,
        "Gross Profit": 28375000.0,
        "Cost Of Revenue": 10847000.0,
        "Total Revenue": 39222000.0,
        "Operating Revenue": 39222000.0
    },
    "2023-12-31": {
        "Tax Effect Of Unusual Items": NaN,
        "Tax Rate For Calcs": NaN,
        "Normalized EBITDA": NaN,
        "Total Unusual Items": NaN,
        "Total Unusual Items Excluding Goodwill": NaN,
        "Net Income From Continuing Operation Net Minority Interest": NaN,
        "Reconciled Depreciation": NaN,
        "Reconciled Cost Of Revenue": NaN,
        "EBITDA": NaN,
        "EBIT": NaN,
        "Net Interest Income": NaN,
        "Interest Expense": NaN,
        "Interest Income": NaN,
        "Normalized Income": NaN,
        "Net Income From Continuing And Discontinued Operation": NaN,
        "Total Expenses": NaN,
        "Total Operating Income As Reported": NaN,
        "Diluted Average Shares": NaN,
        "Basic Average Shares": NaN,
        "Diluted EPS": NaN,
        "Basic EPS": NaN,
        "Diluted NI Availto Com Stockholders": NaN,
        "Net Income Common Stockholders": NaN,
        "Net Income": NaN,
        "Net Income Including Noncontrolling Interests": NaN,
        "Net Income Continuous Operations": NaN,
        "Tax Provision": NaN,
        "Pretax Income": NaN,
        "Other Income Expense": NaN,
        "Other Non Operating Income Expenses": -1000.0,
        "Securities Amortization": NaN,
        "Gain On Sale Of Security": NaN,
        "Net Non Operating Interest Income Expense": NaN,
        "Interest Expense Non Operating": NaN,
        "Interest Income Non Operating": NaN,
        "Operating Income": NaN,
        "Operating Expense": NaN,
        "Research And Development": NaN,
        "Selling General And Administration": NaN,
        "Selling And Marketing Expense": NaN,
        "General And Administrative Expense": NaN,
        "Other Gand A": NaN,
        "Gross Profit": NaN,
        "Cost Of Revenue": NaN,
        "Total Revenue": NaN,
        "Operating Revenue": NaN
    },
    "2024-03-31": {
        "Tax Effect Of Unusual Items": -18270.0,
        "Tax Rate For Calcs": 0.21,
        "Normalized EBITDA": -8877000.0,
        "Total Unusual Items": -87000.0,
        "Total Unusual Items Excluding Goodwill": -87000.0,
        "Net Income From Continuing Operation Net Minority Interest": -10703000.0,
        "Reconciled Depreciation": 1233000.0,
        "Reconciled Cost Of Revenue": 9782000.0,
        "EBITDA": -8964000.0,
        "EBIT": -10197000.0,
        "Net Interest Income": 844000.0,
        "Interest Expense": 11000.0,
        "Interest Income": 855000.0,
        "Normalized Income": -10634270.0,
        "Net Income From Continuing And Discontinued Operation": -10703000.0,
        "Total Expenses": 50201000.0,
        "Total Operating Income As Reported": -12474000.0,
        "Diluted Average Shares": 41313674.0,
        "Basic Average Shares": 41313674.0,
        "Diluted EPS": -0.26,
        "Basic EPS": -0.26,
        "Diluted NI Availto Com Stockholders": -10703000.0,
        "Net Income Common Stockholders": -10703000.0,
        "Net Income": -10703000.0,
        "Net Income Including Noncontrolling Interests": -10703000.0,
        "Net Income Continuous Operations": -10703000.0,
        "Tax Provision": 495000.0,
        "Pretax Income": -10208000.0,
        "Other Income Expense": 1422000.0,
        "Other Non Operating Income Expenses": 2000.0,
        "Securities Amortization": -1507000.0,
        "Gain On Sale Of Security": -87000.0,
        "Net Non Operating Interest Income Expense": 844000.0,
        "Interest Expense Non Operating": 11000.0,
        "Interest Income Non Operating": 855000.0,
        "Operating Income": -12474000.0,
        "Operating Expense": 40419000.0,
        "Research And Development": 9109000.0,
        "Selling General And Administration": 31310000.0,
        "Selling And Marketing Expense": 20074000.0,
        "General And Administrative Expense": 11236000.0,
        "Other Gand A": 11236000.0,
        "Gross Profit": 27945000.0,
        "Cost Of Revenue": 9782000.0,
        "Total Revenue": 37727000.0,
        "Operating Revenue": 37727000.0
    },
    "2024-06-30": {
        "Tax Effect Of Unusual Items": -13860.0,
        "Tax Rate For Calcs": 0.21,
        "Normalized EBITDA": -9467000.0,
        "Total Unusual Items": -66000.0,
        "Total Unusual Items Excluding Goodwill": -66000.0,
        "Net Income From Continuing Operation Net Minority Interest": -11175000.0,
        "Reconciled Depreciation": 1221000.0,
        "Reconciled Cost Of Revenue": 9538000.0,
        "EBITDA": -9533000.0,
        "EBIT": -10754000.0,
        "Net Interest Income": 929000.0,
        "Interest Expense": 10000.0,
        "Interest Income": 939000.0,
        "Normalized Income": -11122860.0,
        "Net Income From Continuing And Discontinued Operation": -11175000.0,
        "Total Expenses": 50408000.0,
        "Total Operating Income As Reported": -13059000.0,
        "Diluted Average Shares": 41991996.0,
        "Basic Average Shares": 41991996.0,
        "Diluted EPS": -0.27,
        "Basic EPS": -0.27,
        "Diluted NI Availto Com Stockholders": -11175000.0,
        "Net Income Common Stockholders": -11175000.0,
        "Net Income": -11175000.0,
        "Net Income Including Noncontrolling Interests": -11175000.0,
        "Net Income Continuous Operations": -11175000.0,
        "Tax Provision": 411000.0,
        "Pretax Income": -10764000.0,
        "Other Income Expense": 1366000.0,
        "Other Non Operating Income Expenses": 4000.0,
        "Securities Amortization": -1428000.0,
        "Gain On Sale Of Security": -66000.0,
        "Net Non Operating Interest Income Expense": 929000.0,
        "Interest Expense Non Operating": 10000.0,
        "Interest Income Non Operating": 939000.0,
        "Operating Income": -13059000.0,
        "Operating Expense": 40870000.0,
        "Research And Development": 9081000.0,
        "Selling General And Administration": 31789000.0,
        "Selling And Marketing Expense": 19457000.0,
        "General And Administrative Expense": 12332000.0,
        "Other Gand A": 12332000.0,
        "Gross Profit": 27811000.0,
        "Cost Of Revenue": 9538000.0,
        "Total Revenue": 37349000.0,
        "Operating Revenue": 37349000.0
    },
    "2024-09-30": {
        "Tax Effect Of Unusual Items": -41160.0,
        "Tax Rate For Calcs": 0.21,
        "Normalized EBITDA": -9840000.0,
        "Total Unusual Items": -196000.0,
        "Total Unusual Items Excluding Goodwill": -196000.0,
        "Net Income From Continuing Operation Net Minority Interest": -11406000.0,
        "Reconciled Depreciation": 1181000.0,
        "Reconciled Cost Of Revenue": 9338000.0,
        "EBITDA": -10036000.0,
        "EBIT": -11217000.0,
        "Net Interest Income": 985000.0,
        "Interest Expense": 6000.0,
        "Interest Income": 991000.0,
        "Normalized Income": -11251160.0,
        "Net Income From Continuing And Discontinued Operation": -11406000.0,
        "Total Expenses": 49670000.0,
        "Total Operating Income As Reported": -13345000.0,
        "Diluted Average Shares": 41870709.0,
        "Basic Average Shares": 41870709.0,
        "Diluted EPS": -0.27,
        "Basic EPS": -0.27,
        "Diluted NI Availto Com Stockholders": -11406000.0,
        "Net Income Common Stockholders": -11406000.0,
        "Net Income": -11406000.0,
        "Net Income Including Noncontrolling Interests": -11406000.0,
        "Net Income Continuous Operations": -11406000.0,
        "Tax Provision": 183000.0,
        "Pretax Income": -11223000.0,
        "Other Income Expense": 1137000.0,
        "Other Non Operating Income Expenses": -19000.0,
        "Securities Amortization": -1352000.0,
        "Gain On Sale Of Security": -196000.0,
        "Net Non Operating Interest Income Expense": 985000.0,
        "Interest Expense Non Operating": 6000.0,
        "Interest Income Non Operating": 991000.0,
        "Operating Income": -13345000.0,
        "Operating Expense": 40332000.0,
        "Research And Development": 9180000.0,
        "Selling General And Administration": 31152000.0,
        "Selling And Marketing Expense": 19498000.0,
        "General And Administrative Expense": 11654000.0,
        "Other Gand A": 11654000.0,
        "Gross Profit": 26987000.0,
        "Cost Of Revenue": 9338000.0,
        "Total Revenue": 36325000.0,
        "Operating Revenue": 36325000.0
    },
    "2024-12-31": {
        "Tax Effect Of Unusual Items": 13638.936535,
        "Tax Rate For Calcs": 0.048885,
        "Normalized EBITDA": -8407000.0,
        "Total Unusual Items": 279000.0,
        "Total Unusual Items Excluding Goodwill": 279000.0,
        "Net Income From Continuing Operation Net Minority Interest": -8872000.0,
        "Reconciled Depreciation": 1193000.0,
        "Reconciled Cost Of Revenue": 9354000.0,
        "EBITDA": -8128000.0,
        "EBIT": -9321000.0,
        "Net Interest Income": 1275000.0,
        "Interest Expense": 7000.0,
        "Interest Income": 1282000.0,
        "Normalized Income": -9137361.063465,
        "Net Income From Continuing And Discontinued Operation": -8872000.0,
        "Total Expenses": 48459000.0,
        "Total Operating Income As Reported": -11779000.0,
        "Diluted Average Shares": 41860807.0,
        "Basic Average Shares": 41860807.0,
        "Diluted EPS": -0.21,
        "Basic EPS": -0.21,
        "Diluted NI Availto Com Stockholders": -8872000.0,
        "Net Income Common Stockholders": -8872000.0,
        "Net Income": -8872000.0,
        "Net Income Including Noncontrolling Interests": -8872000.0,
        "Net Income Continuous Operations": -8872000.0,
        "Tax Provision": -456000.0,
        "Pretax Income": -9328000.0,
        "Other Income Expense": 1176000.0,
        "Other Non Operating Income Expenses": 15000.0,
        "Securities Amortization": -882000.0,
        "Gain On Sale Of Security": 279000.0,
        "Net Non Operating Interest Income Expense": 1275000.0,
        "Interest Expense Non Operating": 7000.0,
        "Interest Income Non Operating": 1282000.0,
        "Operating Income": -11779000.0,
        "Operating Expense": 39105000.0,
        "Research And Development": 8880000.0,
        "Selling General And Administration": 30225000.0,
        "Selling And Marketing Expense": 19048000.0,
        "General And Administrative Expense": 11177000.0,
        "Other Gand A": 11177000.0,
        "Gross Profit": 27326000.0,
        "Cost Of Revenue": 9354000.0,
        "Total Revenue": 36680000.0,
        "Operating Revenue": 36680000.0
    },
    "2025-03-31": {
        "Tax Effect Of Unusual Items": 3570.0,
        "Tax Rate For Calcs": 0.21,
        "Normalized EBITDA": -7212000.0,
        "Total Unusual Items": 17000.0,
        "Total Unusual Items Excluding Goodwill": 17000.0,
        "Net Income From Continuing Operation Net Minority Interest": -8703000.0,
        "Reconciled Depreciation": 1285000.0,
        "Reconciled Cost Of Revenue": 9103000.0,
        "EBITDA": -7195000.0,
        "EBIT": -8480000.0,
        "Net Interest Income": 1475000.0,
        "Interest Expense": 18000.0,
        "Interest Income": 1493000.0,
        "Normalized Income": -8716430.0,
        "Net Income From Continuing And Discontinued Operation": -8703000.0,
        "Total Expenses": 45199000.0,
        "Total Operating Income As Reported": -10466000.0,
        "Diluted Average Shares": 42088289.0,
        "Basic Average Shares": 42088289.0,
        "Diluted EPS": -0.21,
        "Basic EPS": -0.21,
        "Diluted NI Availto Com Stockholders": -8703000.0,
        "Net Income Common Stockholders": -8703000.0,
        "Net Income": -8703000.0,
        "Net Income Including Noncontrolling Interests": -8703000.0,
        "Net Income Continuous Operations": -8703000.0,
        "Tax Provision": 205000.0,
        "Pretax Income": -8498000.0,
        "Other Income Expense": 493000.0,
        "Other Non Operating Income Expenses": NaN,
        "Securities Amortization": -476000.0,
        "Gain On Sale Of Security": 17000.0,
        "Net Non Operating Interest Income Expense": 1475000.0,
        "Interest Expense Non Operating": 18000.0,
        "Interest Income Non Operating": 1493000.0,
        "Operating Income": -10466000.0,
        "Operating Expense": 36096000.0,
        "Research And Development": 8310000.0,
        "Selling General And Administration": 27786000.0,
        "Selling And Marketing Expense": 18143000.0,
        "General And Administrative Expense": 9643000.0,
        "Other Gand A": 9643000.0,
        "Gross Profit": 25630000.0,
        "Cost Of Revenue": 9103000.0,
        "Total Revenue": 34733000.0,
        "Operating Revenue": 34733000.0
    }
}