{
    "2023-03-31": {
        "Tax Effect Of Unusual Items": -31928.0,
        "Tax Rate For Calcs": 0.104,
        "Normalized EBITDA": 46082000.0,
        "Total Unusual Items": -307000.0,
        "Total Unusual Items Excluding Goodwill": -307000.0,
        "Net Income From Continuing Operation Net Minority Interest": 29068000.0,
        "Reconciled Depreciation": 16740000.0,
        "Reconciled Cost Of Revenue": 91274000.0,
        "EBITDA": 45775000.0,
        "EBIT": 29035000.0,
        "Net Interest Income": 3448000.0,
        "Interest Income": 3448000.0,
        "Normalized Income": 29343072.0,
        "Net Income From Continuing And Discontinued Operation": 29068000.0,
        "Total Expenses": 170130000.0,
        "Total Operating Income As Reported": 29035000.0,
        "Diluted Average Shares": 49109000.0,
        "Basic Average Shares": 48788000.0,
        "Diluted EPS": 0.59,
        "Basic EPS": 0.6,
        "Diluted NI Availto Com Stockholders": 29068000.0,
        "Net Income Common Stockholders": 29068000.0,
        "Net Income": 29068000.0,
        "Net Income Including Noncontrolling Interests": 29068000.0,
        "Net Income Continuous Operations": 29068000.0,
        "Tax Provision": 3134000.0,
        "Pretax Income": 32202000.0,
        "Other Income Expense": -281000.0,
        "Other Non Operating Income Expenses": 26000.0,
        "Gain On Sale Of Security": -307000.0,
        "Net Non Operating Interest Income Expense": 3448000.0,
        "Interest Income Non Operating": 3448000.0,
        "Operating Income": 29035000.0,
        "Operating Expense": 75940000.0,
        "Depreciation Amortization Depletion Income Statement": 13824000.0,
        "Depreciation And Amortization In Income Statement": 13824000.0,
        "Amortization": 13824000.0,
        "Amortization Of Intangibles Income Statement": 13824000.0,
        "Research And Development": 27242000.0,
        "Selling General And Administration": 34874000.0,
        "Selling And Marketing Expense": 15637000.0,
        "General And Administrative Expense": 19237000.0,
        "Other Gand A": 19237000.0,
        "Gross Profit": 104975000.0,
        "Cost Of Revenue": 94190000.0,
        "Total Revenue": 199165000.0,
        "Operating Revenue": 199165000.0
    },
    "2022-12-31": {
        "Tax Effect Of Unusual Items": 413280.0,
        "Tax Rate For Calcs": 0.21,
        "Normalized EBITDA": 75465000.0,
        "Total Unusual Items": 1968000.0,
        "Total Unusual Items Excluding Goodwill": 1968000.0,
        "Net Income From Continuing Operation Net Minority Interest": 66214000.0,
        "Reconciled Depreciation": 16221000.0,
        "Reconciled Cost Of Revenue": 113650000.0,
        "EBITDA": 77433000.0,
        "EBIT": 61212000.0,
        "Net Interest Income": 2457000.0,
        "Interest Income": 2457000.0,
        "Normalized Income": 64659280.0,
        "Net Income From Continuing And Discontinued Operation": 66214000.0,
        "Total Expenses": 192058000.0,
        "Total Operating Income As Reported": 61212000.0,
        "Diluted Average Shares": 49401000.0,
        "Basic Average Shares": 49092000.0,
        "Diluted EPS": 1.34,
        "Basic EPS": 1.35,
        "Diluted NI Availto Com Stockholders": 66214000.0,
        "Net Income Common Stockholders": 66214000.0,
        "Net Income": 66214000.0,
        "Net Income Including Noncontrolling Interests": 66214000.0,
        "Net Income Continuous Operations": 66214000.0,
        "Tax Provision": -661000.0,
        "Pretax Income": 65553000.0,
        "Other Income Expense": 1884000.0,
        "Other Non Operating Income Expenses": -84000.0,
        "Gain On Sale Of Security": 1968000.0,
        "Net Non Operating Interest Income Expense": 2457000.0,
        "Interest Income Non Operating": 2457000.0,
        "Operating Income": 61212000.0,
        "Operating Expense": 76010000.0,
        "Depreciation Amortization Depletion Income Statement": 13823000.0,
        "Depreciation And Amortization In Income Statement": 13823000.0,
        "Amortization": 13823000.0,
        "Amortization Of Intangibles Income Statement": 13823000.0,
        "Research And Development": 27825000.0,
        "Selling General And Administration": 34362000.0,
        "Selling And Marketing Expense": 16374000.0,
        "General And Administrative Expense": 17988000.0,
        "Other Gand A": 17988000.0,
        "Gross Profit": 137222000.0,
        "Cost Of Revenue": 116048000.0,
        "Total Revenue": 253270000.0,
        "Operating Revenue": 253270000.0
    },
    "2022-09-30": {
        "Tax Effect Of Unusual Items": 0.0,
        "Tax Rate For Calcs": 0.127729,
        "Normalized EBITDA": 73129000.0,
        "Total Unusual Items": -1016000.0,
        "Total Unusual Items Excluding Goodwill": -1016000.0,
        "Net Income From Continuing Operation Net Minority Interest": 52215000.0,
        "Reconciled Depreciation": 13822000.0,
        "Reconciled Cost Of Revenue": 115404000.0,
        "EBITDA": 73129000.0,
        "EBIT": 59307000.0,
        "Net Interest Income": 1516000.0,
        "Interest Income": 1516000.0,
        "Normalized Income": 52215000.0,
        "Net Income From Continuing And Discontinued Operation": 52215000.0,
        "Total Expenses": 194946000.0,
        "Total Operating Income As Reported": 59307000.0,
        "Diluted Average Shares": 49949000.0,
        "Basic Average Shares": 49680000.0,
        "Diluted EPS": 1.05,
        "Basic EPS": 1.05,
        "Diluted NI Availto Com Stockholders": 52215000.0,
        "Net Income Common Stockholders": 52215000.0,
        "Net Income": 52215000.0,
        "Net Income Including Noncontrolling Interests": 52215000.0,
        "Net Income Continuous Operations": 52215000.0,
        "Tax Provision": 7646000.0,
        "Pretax Income": 59861000.0,
        "Other Income Expense": -962000.0,
        "Other Non Operating Income Expenses": -962000.0,
        "Gain On Sale Of Security": -1016000.0,
        "Net Non Operating Interest Income Expense": 1516000.0,
        "Interest Income Non Operating": 1516000.0,
        "Operating Income": 59307000.0,
        "Operating Expense": 79542000.0,
        "Depreciation Amortization Depletion Income Statement": 13822000.0,
        "Depreciation And Amortization In Income Statement": 13822000.0,
        "Amortization": 13822000.0,
        "Amortization Of Intangibles Income Statement": 13822000.0,
        "Research And Development": 32150000.0,
        "Selling General And Administration": 33570000.0,
        "Selling And Marketing Expense": 16769000.0,
        "General And Administrative Expense": 16801000.0,
        "Other Gand A": 16801000.0,
        "Gross Profit": 138849000.0,
        "Cost Of Revenue": 115404000.0,
        "Total Revenue": 254253000.0,
        "Operating Revenue": 254253000.0
    },
    "2022-06-30": {
        "Tax Effect Of Unusual Items": -81100.0,
        "Tax Rate For Calcs": 0.1,
        "Normalized EBITDA": 74382000.0,
        "Total Unusual Items": -811000.0,
        "Total Unusual Items Excluding Goodwill": -811000.0,
        "Net Income From Continuing Operation Net Minority Interest": 51575000.0,
        "Reconciled Depreciation": 16120000.0,
        "Reconciled Cost Of Revenue": 121883000.0,
        "EBITDA": 73571000.0,
        "EBIT": 57451000.0,
        "Net Interest Income": 661000.0,
        "Interest Income": 661000.0,
        "Normalized Income": 52304900.0,
        "Net Income From Continuing And Discontinued Operation": 51575000.0,
        "Total Expenses": 198859000.0,
        "Total Operating Income As Reported": 57451000.0,
        "Diluted Average Shares": 49907000.0,
        "Basic Average Shares": 49617000.0,
        "Diluted EPS": 1.03,
        "Basic EPS": 1.04,
        "Diluted NI Availto Com Stockholders": 51575000.0,
        "Net Income Common Stockholders": 51575000.0,
        "Net Income": 51575000.0,
        "Net Income Including Noncontrolling Interests": 51575000.0,
        "Net Income Continuous Operations": 51575000.0,
        "Tax Provision": 5678000.0,
        "Pretax Income": 57253000.0,
        "Other Income Expense": -859000.0,
        "Other Non Operating Income Expenses": -48000.0,
        "Gain On Sale Of Security": -811000.0,
        "Net Non Operating Interest Income Expense": 661000.0,
        "Interest Income Non Operating": 661000.0,
        "Operating Income": 57451000.0,
        "Operating Expense": 74676000.0,
        "Depreciation Amortization Depletion Income Statement": 13820000.0,
        "Depreciation And Amortization In Income Statement": 13820000.0,
        "Amortization": 13820000.0,
        "Amortization Of Intangibles Income Statement": 13820000.0,
        "Research And Development": 25637000.0,
        "Selling General And Administration": 35219000.0,
        "Selling And Marketing Expense": 16913000.0,
        "General And Administrative Expense": 18306000.0,
        "Other Gand A": 18306000.0,
        "Gross Profit": 132127000.0,
        "Cost Of Revenue": 124183000.0,
        "Total Revenue": 256310000.0,
        "Operating Revenue": 256310000.0
    },
    "2022-03-31": {
        "Diluted EPS": 1.07,
        "Total Revenue": 241,
        "Gross Profit": 131,
        "Operating Income": 59,
        "EBIT": 75,
        "Net Income": 53
    },
    "2021-12-31": {
        "Diluted EPS": 0.93,
        "Total Revenue": 226,
        "Gross Profit": 124,
        "Operating Income": 50,
        "EBIT": 67,
        "Net Income": 47
    },
    "2021-09-30": {
        "Diluted EPS": 0.73,
        "Total Revenue": 201,
        "Gross Profit": 109,
        "Operating Income": 43,
        "EBIT": 60,
        "Net Income": 36
    },
    "2021-06-30": {
        "Diluted EPS": 0.71,
        "Total Revenue": 193,
        "Gross Profit": 105,
        "Operating Income": 36,
        "EBIT": 52,
        "Net Income": 35
    },
    "2021-03-31": {
        "Diluted EPS": 0.49,
        "Total Revenue": 169,
        "Gross Profit": 90,
        "Operating Income": 27,
        "EBIT": 44,
        "Net Income": 24
    },
    "2020-12-31": {
        "Diluted EPS": 0.41,
        "Total Revenue": 155,
        "Gross Profit": 75,
        "Operating Income": 15,
        "EBIT": 32,
        "Net Income": 20
    },
    "2020-09-30": {
        "Diluted EPS": 0.16,
        "Total Revenue": 126,
        "Gross Profit": 69,
        "Operating Income": 9,
        "EBIT": 37,
        "Net Income": 8
    },
    "2020-06-30": {
        "Diluted EPS": 0.15,
        "Total Revenue": 135,
        "Gross Profit": 72,
        "Operating Income": 8,
        "EBIT": 15,
        "Net Income": 7
    },
    "2020-03-31": {
        "Diluted EPS": -0.09,
        "Total Revenue": 140,
        "Gross Profit": 63,
        "Operating Income": -5,
        "EBIT": 21,
        "Net Income": -4
    },
    "2019-12-31": {
        "Diluted EPS": -0.72,
        "Total Revenue": 121,
        "Gross Profit": 40,
        "Operating Income": -23,
        "EBIT": 4,
        "Net Income": -18
    },
    "2019-09-30": {
        "Diluted EPS": 0.26,
        "Total Revenue": 63,
        "Gross Profit": 32,
        "Operating Income": 5,
        "EBIT": 7,
        "Net Income": 7
    },
    "2019-06-30": {
        "Diluted EPS": 0.22,
        "Total Revenue": 62,
        "Gross Profit": 32,
        "Operating Income": 5,
        "EBIT": 7,
        "Net Income": 6
    },
    "2019-03-31": {
        "Diluted EPS": 0.3,
        "Total Revenue": 61,
        "Gross Profit": 32,
        "Operating Income": 8,
        "EBIT": 9,
        "Net Income": 8
    },
    "2018-12-31": {
        "Diluted EPS": -0.12,
        "Total Revenue": 26,
        "Gross Profit": 6,
        "Operating Income": -5,
        "EBIT": -3,
        "Net Income": -1
    },
    "2018-09-30": {
        "Diluted EPS": 0.47,
        "Total Revenue": 77,
        "Gross Profit": 44,
        "Operating Income": 14,
        "EBIT": 16,
        "Net Income": 12
    },
    "2018-06-30": {
        "Diluted EPS": 0.72,
        "Total Revenue": 89,
        "Gross Profit": 51,
        "Operating Income": 21,
        "EBIT": 22,
        "Net Income": 18
    },
    "2018-03-31": {
        "Diluted EPS": 0.67,
        "Total Revenue": 82,
        "Gross Profit": 48,
        "Operating Income": 21,
        "EBIT": 22,
        "Net Income": 16
    },
    "2017-12-31": {
        "Diluted EPS": 0.52,
        "Total Revenue": 75,
        "Gross Profit": 42,
        "Operating Income": 36,
        "EBIT": 36,
        "Net Income": 14
    },
    "2017-09-30": {
        "Diluted EPS": 0.22,
        "Total Revenue": 57,
        "Gross Profit": 31,
        "Operating Income": 7,
        "EBIT": 9,
        "Net Income": 6
    },
    "2017-06-30": {
        "Diluted EPS": 0.32,
        "Total Revenue": 64,
        "Gross Profit": 34,
        "Operating Income": 11,
        "EBIT": 12,
        "Net Income": 8
    },
    "2017-03-31": {
        "Diluted EPS": 0.21,
        "Total Revenue": 59,
        "Gross Profit": 28,
        "Operating Income": 6,
        "EBIT": 7,
        "Net Income": 5
    },
    "2016-12-31": {
        "Diluted EPS": 1.06,
        "Total Revenue": 59,
        "Gross Profit": 31,
        "Operating Income": 9,
        "EBIT": 11,
        "Net Income": 27
    },
    "2016-09-30": {
        "Diluted EPS": 0.31,
        "Total Revenue": 59,
        "Gross Profit": 30,
        "Operating Income": 9,
        "EBIT": 11,
        "Net Income": 8
    },
    "2016-06-30": {
        "Diluted EPS": 0.24,
        "Total Revenue": 56,
        "Gross Profit": 28,
        "Operating Income": 7,
        "EBIT": 9,
        "Net Income": 6
    },
    "2016-03-31": {
        "Diluted EPS": 0.14,
        "Total Revenue": 47,
        "Gross Profit": 24,
        "Operating Income": 4,
        "EBIT": 6,
        "Net Income": 3
    },
    "2015-12-31": {
        "Diluted EPS": -0.08,
        "Total Revenue": 43,
        "Gross Profit": 21,
        "Operating Income": -1,
        "EBIT": 1,
        "Net Income": -2
    },
    "2015-09-30": {
        "Diluted EPS": 0.03,
        "Total Revenue": 46,
        "Gross Profit": 22,
        "Operating Income": 1,
        "EBIT": 4,
        "Net Income": 1
    },
    "2015-06-30": {
        "Diluted EPS": 0.06,
        "Total Revenue": 49,
        "Gross Profit": 23,
        "Operating Income": 3,
        "EBIT": 5,
        "Net Income": 1
    },
    "2015-03-31": {
        "Diluted EPS": 0.11,
        "Total Revenue": 50,
        "Gross Profit": 23,
        "Operating Income": 2,
        "EBIT": 5,
        "Net Income": 3
    },
    "2014-12-31": {
        "Diluted EPS": -0.2,
        "Total Revenue": 40,
        "Gross Profit": 17,
        "Operating Income": -4,
        "EBIT": -3,
        "Net Income": -5
    },
    "2014-09-30": {
        "Diluted EPS": -1.19,
        "Total Revenue": 27,
        "Gross Profit": 11,
        "Operating Income": -11,
        "EBIT": -7,
        "Net Income": -29
    },
    "2014-06-30": {
        "Diluted EPS": 0.02,
        "Total Revenue": 48,
        "Gross Profit": 23,
        "Operating Income": 1,
        "EBIT": 3,
        "Net Income": 1
    },
    "2014-03-31": {
        "Diluted EPS": 0.07,
        "Total Revenue": 52,
        "Gross Profit": 24,
        "Operating Income": 2,
        "EBIT": 4,
        "Net Income": 2
    },
    "2013-12-31": {
        "Diluted EPS": 0.03,
        "Total Revenue": 46,
        "Gross Profit": 22,
        "Operating Income": 1,
        "EBIT": 4,
        "Net Income": 1
    },
    "2013-09-30": {
        "Diluted EPS": -0.2,
        "Total Revenue": 39,
        "Gross Profit": 16,
        "Operating Income": -7,
        "EBIT": -5,
        "Net Income": -5
    },
    "2013-06-30": {
        "Diluted EPS": -0.2,
        "Total Revenue": 35,
        "Gross Profit": 14,
        "Operating Income": -6,
        "EBIT": -4,
        "Net Income": -5
    },
    "2013-03-31": {
        "Diluted EPS": -0.24,
        "Total Revenue": 25,
        "Gross Profit": 10,
        "Operating Income": -10,
        "EBIT": -7,
        "Net Income": -6
    },
    "2012-12-31": {
        "Diluted EPS": -0.15,
        "Total Revenue": 30,
        "Gross Profit": 12,
        "Operating Income": -7,
        "EBIT": -4,
        "Net Income": -4
    },
    "2012-09-30": {
        "Diluted EPS": 0.08,
        "Total Revenue": 44,
        "Gross Profit": 22,
        "Operating Income": 4,
        "EBIT": 6,
        "Net Income": 2
    },
    "2012-06-30": {
        "Diluted EPS": 0.19,
        "Total Revenue": 53,
        "Gross Profit": 25,
        "Operating Income": 4,
        "EBIT": 6,
        "Net Income": 5
    },
    "2012-03-31": {
        "Diluted EPS": 0.07,
        "Total Revenue": 55,
        "Gross Profit": 25,
        "Operating Income": 4,
        "EBIT": 6,
        "Net Income": 2
    },
    "2011-12-31": {
        "Diluted EPS": -0.02,
        "Total Revenue": 45,
        "Gross Profit": 21,
        "Operating Income": -1,
        "EBIT": 0,
        "Net Income": -1
    },
    "2011-09-30": {
        "Diluted EPS": 0.32,
        "Total Revenue": 58,
        "Gross Profit": 31,
        "Operating Income": 12,
        "EBIT": 14,
        "Net Income": 8
    },
    "2011-06-30": {
        "Diluted EPS": 0.47,
        "Total Revenue": 64,
        "Gross Profit": 36,
        "Operating Income": 17,
        "EBIT": 19,
        "Net Income": 11
    },
    "2011-03-31": {
        "Diluted EPS": 0.45,
        "Total Revenue": 62,
        "Gross Profit": 35,
        "Operating Income": 17,
        "EBIT": 18,
        "Net Income": 11
    },
    "2010-12-31": {
        "Diluted EPS": 1.13,
        "Total Revenue": 46,
        "Gross Profit": 23,
        "Operating Income": 9,
        "EBIT": 9,
        "Net Income": 26
    },
    "2010-09-30": {
        "Diluted EPS": 0.53,
        "Total Revenue": 54,
        "Gross Profit": 29,
        "Operating Income": 14,
        "EBIT": 15,
        "Net Income": 12
    },
    "2010-06-30": {
        "Diluted EPS": 0.51,
        "Total Revenue": 51,
        "Gross Profit": 28,
        "Operating Income": 13,
        "EBIT": 14,
        "Net Income": 12
    },
    "2010-03-31": {
        "Diluted EPS": 0.26,
        "Total Revenue": 37,
        "Gross Profit": 21,
        "Operating Income": 6,
        "EBIT": 7,
        "Net Income": 6
    },
    "2009-12-31": {
        "Diluted EPS": 0.01,
        "Total Revenue": 26,
        "Gross Profit": 13,
        "Operating Income": 1,
        "EBIT": 2,
        "Net Income": 0
    },
    "2009-09-30": {
        "Diluted EPS": 0.08,
        "Total Revenue": 26,
        "Gross Profit": 14,
        "Operating Income": 1,
        "EBIT": 3,
        "Net Income": 2
    },
    "2009-06-30": {
        "Diluted EPS": -0.38,
        "Total Revenue": 15,
        "Gross Profit": 6,
        "Operating Income": -6,
        "EBIT": -5,
        "Net Income": -7
    },
    "2009-03-31": {
        "Diluted EPS": -0.58,
        "Total Revenue": 10,
        "Gross Profit": 3,
        "Operating Income": -9,
        "EBIT": -8,
        "Net Income": -11
    },
    "2023-06-30": {
        "Tax Effect Of Unusual Items": -126000.0,
        "Tax Rate For Calcs": 0.07,
        "Normalized EBITDA": 43331000.0,
        "Total Unusual Items": -1800000.0,
        "Total Unusual Items Excluding Goodwill": -1800000.0,
        "Net Income From Continuing Operation Net Minority Interest": 25896000.0,
        "Reconciled Depreciation": 16724000.0,
        "Reconciled Cost Of Revenue": 87302000.0,
        "EBITDA": 41531000.0,
        "EBIT": 24807000.0,
        "Net Interest Income": 4758000.0,
        "Interest Income": 4758000.0,
        "Normalized Income": 27570000.0,
        "Net Income From Continuing And Discontinued Operation": 25896000.0,
        "Total Expenses": 165855000.0,
        "Total Operating Income As Reported": 24807000.0,
        "Diluted Average Shares": 49274000.0,
        "Basic Average Shares": 48976000.0,
        "Diluted EPS": 0.53,
        "Basic EPS": 0.53,
        "Diluted NI Availto Com Stockholders": 25896000.0,
        "Net Income Common Stockholders": 25896000.0,
        "Net Income": 25896000.0,
        "Net Income Including Noncontrolling Interests": 25896000.0,
        "Net Income Continuous Operations": 25896000.0,
        "Tax Provision": 1959000.0,
        "Pretax Income": 27855000.0,
        "Other Income Expense": -1710000.0,
        "Other Non Operating Income Expenses": 90000.0,
        "Gain On Sale Of Security": -1800000.0,
        "Net Non Operating Interest Income Expense": 4758000.0,
        "Interest Income Non Operating": 4758000.0,
        "Operating Income": 24807000.0,
        "Operating Expense": 75654000.0,
        "Depreciation Amortization Depletion Income Statement": 13825000.0,
        "Depreciation And Amortization In Income Statement": 13825000.0,
        "Amortization": 13825000.0,
        "Amortization Of Intangibles Income Statement": 13825000.0,
        "Research And Development": 27043000.0,
        "Selling General And Administration": 34786000.0,
        "Selling And Marketing Expense": 16024000.0,
        "General And Administrative Expense": 18762000.0,
        "Other Gand A": 18762000.0,
        "Gross Profit": 100461000.0,
        "Cost Of Revenue": 90201000.0,
        "Total Revenue": 190662000.0,
        "Operating Revenue": 190662000.0
    },
    "2023-09-30": {
        "Tax Effect Of Unusual Items": NaN,
        "Tax Rate For Calcs": NaN,
        "Normalized EBITDA": NaN,
        "Total Unusual Items": NaN,
        "Total Unusual Items Excluding Goodwill": NaN,
        "Net Income From Continuing Operation Net Minority Interest": NaN,
        "Reconciled Depreciation": NaN,
        "Reconciled Cost Of Revenue": NaN,
        "EBITDA": NaN,
        "EBIT": NaN,
        "Net Interest Income": NaN,
        "Interest Income": NaN,
        "Normalized Income": NaN,
        "Net Income From Continuing And Discontinued Operation": NaN,
        "Total Expenses": NaN,
        "Total Operating Income As Reported": NaN,
        "Diluted Average Shares": 49401000.0,
        "Basic Average Shares": 49043000.0,
        "Diluted EPS": 0.73,
        "Basic EPS": 0.73,
        "Diluted NI Availto Com Stockholders": NaN,
        "Net Income Common Stockholders": NaN,
        "Net Income": NaN,
        "Net Income Including Noncontrolling Interests": NaN,
        "Net Income Continuous Operations": NaN,
        "Tax Provision": NaN,
        "Pretax Income": NaN,
        "Other Income Expense": NaN,
        "Other Non Operating Income Expenses": NaN,
        "Gain On Sale Of Security": NaN,
        "Net Non Operating Interest Income Expense": NaN,
        "Interest Income Non Operating": NaN,
        "Operating Income": NaN,
        "Operating Expense": NaN,
        "Depreciation Amortization Depletion Income Statement": NaN,
        "Depreciation And Amortization In Income Statement": NaN,
        "Amortization": NaN,
        "Amortization Of Intangibles Income Statement": NaN,
        "Research And Development": NaN,
        "Selling General And Administration": NaN,
        "Selling And Marketing Expense": NaN,
        "General And Administrative Expense": NaN,
        "Other Gand A": NaN,
        "Gross Profit": NaN,
        "Cost Of Revenue": NaN,
        "Total Revenue": NaN,
        "Operating Revenue": NaN
    },
    "2023-12-31": {
        "Tax Effect Of Unusual Items": -101373.943121,
        "Tax Rate For Calcs": 0.103973,
        "Normalized EBITDA": 45926000.0,
        "Total Unusual Items": -975000.0,
        "Total Unusual Items Excluding Goodwill": -975000.0,
        "Net Income From Continuing Operation Net Minority Interest": 30309000.0,
        "Reconciled Depreciation": 16721000.0,
        "Reconciled Cost Of Revenue": 107518000.0,
        "EBITDA": 44951000.0,
        "EBIT": 28230000.0,
        "Net Interest Income": 6456000.0,
        "Interest Income": 6456000.0,
        "Normalized Income": 31182626.056879,
        "Net Income From Continuing And Discontinued Operation": 30309000.0,
        "Total Expenses": 190626000.0,
        "Total Operating Income As Reported": 28230000.0,
        "Diluted Average Shares": 49562000.0,
        "Basic Average Shares": 49151000.0,
        "Diluted EPS": 0.61,
        "Basic EPS": 0.62,
        "Diluted NI Availto Com Stockholders": 30309000.0,
        "Net Income Common Stockholders": 30309000.0,
        "Net Income": 30309000.0,
        "Net Income Including Noncontrolling Interests": 30309000.0,
        "Net Income Continuous Operations": 30309000.0,
        "Tax Provision": 3517000.0,
        "Pretax Income": 33826000.0,
        "Other Income Expense": -860000.0,
        "Other Non Operating Income Expenses": 115000.0,
        "Gain On Sale Of Security": -975000.0,
        "Net Non Operating Interest Income Expense": 6456000.0,
        "Interest Income Non Operating": 6456000.0,
        "Operating Income": 28230000.0,
        "Operating Expense": 79736000.0,
        "Depreciation Amortization Depletion Income Statement": 13349000.0,
        "Depreciation And Amortization In Income Statement": 13349000.0,
        "Amortization": 13349000.0,
        "Amortization Of Intangibles Income Statement": 13349000.0,
        "Research And Development": 24021000.0,
        "Selling General And Administration": 42366000.0,
        "Selling And Marketing Expense": 15349000.0,
        "General And Administrative Expense": 27017000.0,
        "Other Gand A": 27017000.0,
        "Gross Profit": 107966000.0,
        "Cost Of Revenue": 110890000.0,
        "Total Revenue": 218856000.0,
        "Operating Revenue": 218856000.0
    },
    "2024-03-31": {
        "Tax Effect Of Unusual Items": 51360.0,
        "Tax Rate For Calcs": 0.08,
        "Normalized EBITDA": 58596000.0,
        "Total Unusual Items": 642000.0,
        "Total Unusual Items Excluding Goodwill": 642000.0,
        "Net Income From Continuing Operation Net Minority Interest": 46853000.0,
        "Reconciled Depreciation": 16500000.0,
        "Reconciled Cost Of Revenue": 107173000.0,
        "EBITDA": 59238000.0,
        "EBIT": 42738000.0,
        "Net Interest Income": 7361000.0,
        "Interest Income": 7361000.0,
        "Normalized Income": 46262360.0,
        "Net Income From Continuing And Discontinued Operation": 46853000.0,
        "Total Expenses": 186108000.0,
        "Total Operating Income As Reported": 42738000.0,
        "Diluted Average Shares": 49638000.0,
        "Basic Average Shares": 49230000.0,
        "Diluted EPS": 0.94,
        "Basic EPS": 0.95,
        "Diluted NI Availto Com Stockholders": 46853000.0,
        "Net Income Common Stockholders": 46853000.0,
        "Net Income": 46853000.0,
        "Net Income Including Noncontrolling Interests": 46853000.0,
        "Net Income Continuous Operations": 46853000.0,
        "Tax Provision": 4039000.0,
        "Pretax Income": 50892000.0,
        "Other Income Expense": 793000.0,
        "Other Non Operating Income Expenses": 151000.0,
        "Gain On Sale Of Security": 642000.0,
        "Net Non Operating Interest Income Expense": 7361000.0,
        "Interest Income Non Operating": 7361000.0,
        "Operating Income": 42738000.0,
        "Operating Expense": 75547000.0,
        "Depreciation Amortization Depletion Income Statement": 13112000.0,
        "Depreciation And Amortization In Income Statement": 13112000.0,
        "Amortization": 13112000.0,
        "Amortization Of Intangibles Income Statement": 13112000.0,
        "Research And Development": 26554000.0,
        "Selling General And Administration": 35881000.0,
        "Selling And Marketing Expense": 18318000.0,
        "General And Administrative Expense": 17563000.0,
        "Other Gand A": 17563000.0,
        "Gross Profit": 118285000.0,
        "Cost Of Revenue": 110561000.0,
        "Total Revenue": 228846000.0,
        "Operating Revenue": 228846000.0
    },
    "2024-06-30": {
        "Tax Effect Of Unusual Items": NaN,
        "Tax Rate For Calcs": NaN,
        "Normalized EBITDA": NaN,
        "Total Unusual Items": NaN,
        "Total Unusual Items Excluding Goodwill": NaN,
        "Net Income From Continuing Operation Net Minority Interest": NaN,
        "Reconciled Depreciation": NaN,
        "Reconciled Cost Of Revenue": NaN,
        "EBITDA": NaN,
        "EBIT": NaN,
        "Net Interest Income": NaN,
        "Interest Income": NaN,
        "Normalized Income": NaN,
        "Net Income From Continuing And Discontinued Operation": NaN,
        "Total Expenses": NaN,
        "Total Operating Income As Reported": NaN,
        "Diluted Average Shares": NaN,
        "Basic Average Shares": NaN,
        "Diluted EPS": NaN,
        "Basic EPS": NaN,
        "Diluted NI Availto Com Stockholders": NaN,
        "Net Income Common Stockholders": NaN,
        "Net Income": NaN,
        "Net Income Including Noncontrolling Interests": NaN,
        "Net Income Continuous Operations": NaN,
        "Tax Provision": NaN,
        "Pretax Income": NaN,
        "Other Income Expense": NaN,
        "Other Non Operating Income Expenses": NaN,
        "Special Income Charges": -621000.0,
        "Restructuring And Mergern Acquisition": 621000.0,
        "Gain On Sale Of Security": NaN,
        "Net Non Operating Interest Income Expense": NaN,
        "Interest Income Non Operating": NaN,
        "Operating Income": NaN,
        "Operating Expense": NaN,
        "Depreciation Amortization Depletion Income Statement": NaN,
        "Depreciation And Amortization In Income Statement": NaN,
        "Amortization": NaN,
        "Amortization Of Intangibles Income Statement": NaN,
        "Research And Development": NaN,
        "Selling General And Administration": NaN,
        "Selling And Marketing Expense": NaN,
        "General And Administrative Expense": NaN,
        "Other Gand A": NaN,
        "Gross Profit": NaN,
        "Cost Of Revenue": NaN,
        "Total Revenue": NaN,
        "Operating Revenue": NaN
    },
    "2024-09-30": {
        "Tax Effect Of Unusual Items": -373230.0,
        "Tax Rate For Calcs": 0.13,
        "Normalized EBITDA": 75121000.0,
        "Total Unusual Items": -2871000.0,
        "Total Unusual Items Excluding Goodwill": -2871000.0,
        "Net Income From Continuing Operation Net Minority Interest": 53051000.0,
        "Reconciled Depreciation": 17011000.0,
        "Reconciled Cost Of Revenue": 111934000.0,
        "EBITDA": 72250000.0,
        "EBIT": 55239000.0,
        "Net Interest Income": 8667000.0,
        "Interest Income": 8667000.0,
        "Normalized Income": 55548770.0,
        "Net Income From Continuing And Discontinued Operation": 53051000.0,
        "Total Expenses": 196971000.0,
        "Total Operating Income As Reported": 53072000.0,
        "Diluted Average Shares": 49694000.0,
        "Basic Average Shares": 49426000.0,
        "Diluted EPS": 1.07,
        "Basic EPS": 1.07,
        "Diluted NI Availto Com Stockholders": 53051000.0,
        "Net Income Common Stockholders": 53051000.0,
        "Net Income": 53051000.0,
        "Net Income Including Noncontrolling Interests": 53051000.0,
        "Net Income Continuous Operations": 53051000.0,
        "Tax Provision": 7964000.0,
        "Pretax Income": 61015000.0,
        "Other Income Expense": -2891000.0,
        "Other Non Operating Income Expenses": -20000.0,
        "Special Income Charges": NaN,
        "Restructuring And Mergern Acquisition": NaN,
        "Gain On Sale Of Security": -704000.0,
        "Net Non Operating Interest Income Expense": 8667000.0,
        "Interest Income Non Operating": 8667000.0,
        "Operating Income": 55239000.0,
        "Operating Expense": 81140000.0,
        "Depreciation Amortization Depletion Income Statement": 13114000.0,
        "Depreciation And Amortization In Income Statement": 13114000.0,
        "Amortization": 13114000.0,
        "Amortization Of Intangibles Income Statement": 13114000.0,
        "Research And Development": 28277000.0,
        "Selling General And Administration": 39749000.0,
        "Selling And Marketing Expense": 19451000.0,
        "General And Administrative Expense": 20298000.0,
        "Other Gand A": 20298000.0,
        "Gross Profit": 136379000.0,
        "Cost Of Revenue": 115831000.0,
        "Total Revenue": 252210000.0,
        "Operating Revenue": 252210000.0
    },
    "2024-12-31": {
        "Tax Effect Of Unusual Items": -7705.993642,
        "Tax Rate For Calcs": 0.047863,
        "Normalized EBITDA": 54775000.0,
        "Total Unusual Items": -161000.0,
        "Total Unusual Items Excluding Goodwill": -161000.0,
        "Net Income From Continuing Operation Net Minority Interest": 48817000.0,
        "Reconciled Depreciation": 12153000.0,
        "Reconciled Cost Of Revenue": 129477000.0,
        "EBITDA": 54614000.0,
        "EBIT": 42461000.0,
        "Net Interest Income": 8965000.0,
        "Interest Income": 8965000.0,
        "Normalized Income": 48970294.006358,
        "Net Income From Continuing And Discontinued Operation": 48817000.0,
        "Total Expenses": 221478000.0,
        "Total Operating Income As Reported": 42461000.0,
        "Diluted Average Shares": 49630000.0,
        "Basic Average Shares": 49374000.0,
        "Diluted EPS": 0.98,
        "Basic EPS": 0.99,
        "Diluted NI Availto Com Stockholders": 48817000.0,
        "Net Income Common Stockholders": 48817000.0,
        "Net Income": 48817000.0,
        "Net Income Including Noncontrolling Interests": 48817000.0,
        "Net Income Continuous Operations": 48817000.0,
        "Tax Provision": 2454000.0,
        "Pretax Income": 51271000.0,
        "Other Income Expense": -155000.0,
        "Other Non Operating Income Expenses": 6000.0,
        "Special Income Charges": NaN,
        "Restructuring And Mergern Acquisition": NaN,
        "Gain On Sale Of Security": -161000.0,
        "Net Non Operating Interest Income Expense": 8965000.0,
        "Interest Income Non Operating": 8965000.0,
        "Operating Income": 42461000.0,
        "Operating Expense": 89947000.0,
        "Depreciation Amortization Depletion Income Statement": 10099000.0,
        "Depreciation And Amortization In Income Statement": 10099000.0,
        "Amortization": 10099000.0,
        "Amortization Of Intangibles Income Statement": 10099000.0,
        "Research And Development": 34891000.0,
        "Selling General And Administration": 44957000.0,
        "Selling And Marketing Expense": 19409000.0,
        "General And Administrative Expense": 25548000.0,
        "Other Gand A": 25548000.0,
        "Gross Profit": 132408000.0,
        "Cost Of Revenue": 131531000.0,
        "Total Revenue": 263939000.0,
        "Operating Revenue": 263939000.0
    },
    "2025-03-31": {
        "Tax Effect Of Unusual Items": -83820.0,
        "Tax Rate For Calcs": 0.11,
        "Normalized EBITDA": 76736000.0,
        "Total Unusual Items": -762000.0,
        "Total Unusual Items Excluding Goodwill": -762000.0,
        "Net Income From Continuing Operation Net Minority Interest": 64095000.0,
        "Reconciled Depreciation": 12840000.0,
        "Reconciled Cost Of Revenue": 118979000.0,
        "EBITDA": 75974000.0,
        "EBIT": 63134000.0,
        "Net Interest Income": 9266000.0,
        "Interest Income": 9266000.0,
        "Normalized Income": 64773180.0,
        "Net Income From Continuing And Discontinued Operation": 64095000.0,
        "Total Expenses": 203473000.0,
        "Total Operating Income As Reported": 63134000.0,
        "Diluted Average Shares": 49408000.0,
        "Basic Average Shares": 49180000.0,
        "Diluted EPS": 1.3,
        "Basic EPS": 1.3,
        "Diluted NI Availto Com Stockholders": 64095000.0,
        "Net Income Common Stockholders": 64095000.0,
        "Net Income": 64095000.0,
        "Net Income Including Noncontrolling Interests": 64095000.0,
        "Net Income Continuous Operations": 64095000.0,
        "Tax Provision": 7562000.0,
        "Pretax Income": 71657000.0,
        "Other Income Expense": -743000.0,
        "Other Non Operating Income Expenses": 19000.0,
        "Special Income Charges": NaN,
        "Restructuring And Mergern Acquisition": NaN,
        "Gain On Sale Of Security": -762000.0,
        "Net Non Operating Interest Income Expense": 9266000.0,
        "Interest Income Non Operating": 9266000.0,
        "Operating Income": 63134000.0,
        "Operating Expense": 80099000.0,
        "Depreciation Amortization Depletion Income Statement": 8445000.0,
        "Depreciation And Amortization In Income Statement": 8445000.0,
        "Amortization": 8445000.0,
        "Amortization Of Intangibles Income Statement": 8445000.0,
        "Research And Development": 28030000.0,
        "Selling General And Administration": 43624000.0,
        "Selling And Marketing Expense": 19716000.0,
        "General And Administrative Expense": 23908000.0,
        "Other Gand A": 23908000.0,
        "Gross Profit": 143233000.0,
        "Cost Of Revenue": 123374000.0,
        "Total Revenue": 266607000.0,
        "Operating Revenue": 266607000.0
    },
    "2025-06-30": {
        "Tax Effect Of Unusual Items": -1083831.0,
        "Tax Rate For Calcs": 0.147,
        "Normalized EBITDA": 60132000.0,
        "Total Unusual Items": -7373000.0,
        "Total Unusual Items Excluding Goodwill": -7373000.0,
        "Net Income From Continuing Operation Net Minority Interest": 33911000.0,
        "Reconciled Depreciation": 14288000.0,
        "Reconciled Cost Of Revenue": 125633000.0,
        "EBITDA": 52759000.0,
        "EBIT": 38471000.0,
        "Net Interest Income": 8631000.0,
        "Interest Income": 8631000.0,
        "Normalized Income": 40200169.0,
        "Net Income From Continuing And Discontinued Operation": 33911000.0,
        "Total Expenses": 215126000.0,
        "Total Operating Income As Reported": 32247000.0,
        "Diluted Average Shares": 49016000.0,
        "Basic Average Shares": 48925000.0,
        "Diluted EPS": 0.69,
        "Basic EPS": 0.69,
        "Diluted NI Availto Com Stockholders": 33911000.0,
        "Net Income Common Stockholders": 33911000.0,
        "Net Income": 33911000.0,
        "Net Income Including Noncontrolling Interests": 33911000.0,
        "Net Income Continuous Operations": 33911000.0,
        "Tax Provision": 5830000.0,
        "Pretax Income": 39741000.0,
        "Other Income Expense": -7361000.0,
        "Other Non Operating Income Expenses": 12000.0,
        "Special Income Charges": -6224000.0,
        "Restructuring And Mergern Acquisition": 6224000.0,
        "Gain On Sale Of Security": -1149000.0,
        "Net Non Operating Interest Income Expense": 8631000.0,
        "Interest Income Non Operating": 8631000.0,
        "Operating Income": 38471000.0,
        "Operating Expense": 83651000.0,
        "Depreciation Amortization Depletion Income Statement": 8446000.0,
        "Depreciation And Amortization In Income Statement": 8446000.0,
        "Amortization": 8446000.0,
        "Amortization Of Intangibles Income Statement": 8446000.0,
        "Research And Development": 35292000.0,
        "Selling General And Administration": 39913000.0,
        "Selling And Marketing Expense": 14910000.0,
        "General And Administrative Expense": 25003000.0,
        "Other Gand A": 25003000.0,
        "Gross Profit": 122122000.0,
        "Cost Of Revenue": 131475000.0,
        "Total Revenue": 253597000.0,
        "Operating Revenue": 253597000.0
    },
    "2025-09-30": {
        "Tax Effect Of Unusual Items": -536520.0,
        "Tax Rate For Calcs": 0.12,
        "Normalized EBITDA": 45615000.0,
        "Total Unusual Items": -4471000.0,
        "Total Unusual Items Excluding Goodwill": -4471000.0,
        "Net Income From Continuing Operation Net Minority Interest": 28224000.0,
        "Reconciled Depreciation": 13382000.0,
        "Reconciled Cost Of Revenue": 102633000.0,
        "EBITDA": 41144000.0,
        "EBIT": 27762000.0,
        "Net Interest Income": 9290000.0,
        "Interest Income": 9290000.0,
        "Normalized Income": 32158480.0,
        "Net Income From Continuing And Discontinued Operation": 28224000.0,
        "Total Expenses": 190431000.0,
        "Total Operating Income As Reported": 23688000.0,
        "Diluted Average Shares": 49106000.0,
        "Basic Average Shares": 49023000.0,
        "Diluted EPS": 0.57,
        "Basic EPS": 0.58,
        "Diluted NI Availto Com Stockholders": 28224000.0,
        "Net Income Common Stockholders": 28224000.0,
        "Net Income": 28224000.0,
        "Net Income Including Noncontrolling Interests": 28224000.0,
        "Net Income Continuous Operations": 28224000.0,
        "Tax Provision": 3755000.0,
        "Pretax Income": 31979000.0,
        "Other Income Expense": -5073000.0,
        "Other Non Operating Income Expenses": -602000.0,
        "Special Income Charges": -4074000.0,
        "Restructuring And Mergern Acquisition": 4074000.0,
        "Gain On Sale Of Security": -397000.0,
        "Net Non Operating Interest Income Expense": 9290000.0,
        "Interest Income Non Operating": 9290000.0,
        "Operating Income": 27762000.0,
        "Operating Expense": 82861000.0,
        "Depreciation Amortization Depletion Income Statement": 8445000.0,
        "Depreciation And Amortization In Income Statement": 8445000.0,
        "Amortization": 8445000.0,
        "Amortization Of Intangibles Income Statement": 8445000.0,
        "Research And Development": 32493000.0,
        "Selling General And Administration": 41923000.0,
        "Selling And Marketing Expense": 17103000.0,
        "General And Administrative Expense": 24820000.0,
        "Other Gand A": 24820000.0,
        "Gross Profit": 110623000.0,
        "Cost Of Revenue": 107570000.0,
        "Total Revenue": 218193000.0,
        "Operating Revenue": 218193000.0
    }
}