{
    "2023-03-31": {
        "Tax Effect Of Unusual Items": -81690.0,
        "Tax Rate For Calcs": 0.21,
        "Normalized EBITDA": -51302000.0,
        "Total Unusual Items": -389000.0,
        "Total Unusual Items Excluding Goodwill": -389000.0,
        "Net Income From Continuing Operation Net Minority Interest": -59447000.0,
        "Reconciled Depreciation": 202000.0,
        "Reconciled Cost Of Revenue": 602294000.0,
        "EBITDA": -51691000.0,
        "EBIT": -51893000.0,
        "Net Interest Income": -7432000.0,
        "Interest Expense": 7432000.0,
        "Normalized Income": -59139690.0,
        "Net Income From Continuing And Discontinued Operation": -59447000.0,
        "Total Expenses": 661365000.0,
        "Total Operating Income As Reported": -51786000.0,
        "Diluted Average Shares": 23661000.0,
        "Basic Average Shares": 23661000.0,
        "Diluted EPS": -2.51,
        "Basic EPS": -2.51,
        "Diluted NI Availto Com Stockholders": -59447000.0,
        "Net Income Common Stockholders": -59447000.0,
        "Net Income": -59447000.0,
        "Net Income Including Noncontrolling Interests": -59447000.0,
        "Net Income Continuous Operations": -59447000.0,
        "Tax Provision": 122000.0,
        "Pretax Income": -59325000.0,
        "Other Income Expense": -107000.0,
        "Other Non Operating Income Expenses": 282000.0,
        "Gain On Sale Of Security": -389000.0,
        "Net Non Operating Interest Income Expense": -7432000.0,
        "Interest Expense Non Operating": 7432000.0,
        "Operating Income": -51786000.0,
        "Operating Expense": 59071000.0,
        "Research And Development": 2241000.0,
        "Selling General And Administration": 56830000.0,
        "Selling And Marketing Expense": 42351000.0,
        "General And Administrative Expense": 14479000.0,
        "Other Gand A": 14479000.0,
        "Gross Profit": 7285000.0,
        "Cost Of Revenue": 602294000.0,
        "Total Revenue": 609579000.0,
        "Operating Revenue": 609579000.0
    },
    "2022-12-31": {
        "Tax Effect Of Unusual Items": 705600.0,
        "Tax Rate For Calcs": 0.21,
        "Normalized EBITDA": -108780000.0,
        "Total Unusual Items": 3360000.0,
        "Total Unusual Items Excluding Goodwill": 3360000.0,
        "Net Income From Continuing Operation Net Minority Interest": -121137000.0,
        "Reconciled Depreciation": 258000.0,
        "Reconciled Cost Of Revenue": 722074000.0,
        "EBITDA": -105420000.0,
        "EBIT": -105678000.0,
        "Net Interest Income": -15135000.0,
        "Interest Expense": 15135000.0,
        "Normalized Income": -123791400.0,
        "Net Income From Continuing And Discontinued Operation": -121137000.0,
        "Total Expenses": 787113000.0,
        "Total Operating Income As Reported": -109899000.0,
        "Diluted Average Shares": 16491933.0,
        "Basic Average Shares": 16491933.0,
        "Diluted EPS": -7.35,
        "Basic EPS": -7.35,
        "Diluted NI Availto Com Stockholders": -121137000.0,
        "Net Income Common Stockholders": -121137000.0,
        "Net Income": -121137000.0,
        "Net Income Including Noncontrolling Interests": -121137000.0,
        "Net Income Continuous Operations": -121137000.0,
        "Tax Provision": 324000.0,
        "Pretax Income": -120813000.0,
        "Other Income Expense": 4221000.0,
        "Other Non Operating Income Expenses": 861000.0,
        "Gain On Sale Of Security": 3360000.0,
        "Net Non Operating Interest Income Expense": -15135000.0,
        "Interest Expense Non Operating": 15135000.0,
        "Operating Income": -109899000.0,
        "Operating Expense": 65039000.0,
        "Research And Development": 2978000.0,
        "Selling General And Administration": 62061000.0,
        "Selling And Marketing Expense": 48761000.0,
        "General And Administrative Expense": 13300000.0,
        "Other Gand A": 13300000.0,
        "Gross Profit": -44860000.0,
        "Cost Of Revenue": 722074000.0,
        "Total Revenue": 677214000.0,
        "Operating Revenue": 677214000.0
    },
    "2022-09-30": {
        "Tax Effect Of Unusual Items": 82362.0,
        "Tax Rate For Calcs": 0.042,
        "Normalized EBITDA": -69053000.0,
        "Total Unusual Items": 1961000.0,
        "Total Unusual Items Excluding Goodwill": 1961000.0,
        "Net Income From Continuing Operation Net Minority Interest": -80022000.0,
        "Reconciled Depreciation": 515000.0,
        "Reconciled Cost Of Revenue": 819573000.0,
        "EBITDA": -67092000.0,
        "EBIT": -67607000.0,
        "Net Interest Income": -15889000.0,
        "Interest Expense": 15889000.0,
        "Normalized Income": -81900638.0,
        "Net Income From Continuing And Discontinued Operation": -80022000.0,
        "Total Expenses": 891943000.0,
        "Total Operating Income As Reported": -70211000.0,
        "Diluted Average Shares": 16477000.0,
        "Basic Average Shares": 16477000.0,
        "Diluted EPS": -4.86,
        "Basic EPS": -4.86,
        "Diluted NI Availto Com Stockholders": -80022000.0,
        "Net Income Common Stockholders": -80022000.0,
        "Net Income": -80022000.0,
        "Net Income Including Noncontrolling Interests": -80022000.0,
        "Net Income Continuous Operations": -80022000.0,
        "Tax Provision": -3474000.0,
        "Pretax Income": -83496000.0,
        "Other Income Expense": 2604000.0,
        "Other Non Operating Income Expenses": 643000.0,
        "Gain On Sale Of Security": 1961000.0,
        "Net Non Operating Interest Income Expense": -15889000.0,
        "Interest Expense Non Operating": 15889000.0,
        "Operating Income": -70211000.0,
        "Operating Expense": 72370000.0,
        "Research And Development": 2687000.0,
        "Selling General And Administration": 69683000.0,
        "Selling And Marketing Expense": 55043000.0,
        "General And Administrative Expense": 14640000.0,
        "Other Gand A": 14640000.0,
        "Gross Profit": 2159000.0,
        "Cost Of Revenue": 819573000.0,
        "Total Revenue": 821732000.0,
        "Operating Revenue": 821732000.0
    },
    "2022-06-30": {
        "Tax Effect Of Unusual Items": 1529514.0,
        "Tax Rate For Calcs": 0.122,
        "Normalized EBITDA": 8532000.0,
        "Total Unusual Items": 12537000.0,
        "Total Unusual Items Excluding Goodwill": 12537000.0,
        "Net Income From Continuing Operation Net Minority Interest": 11558000.0,
        "Reconciled Depreciation": 130000.0,
        "Reconciled Cost Of Revenue": 986550000.0,
        "EBITDA": 21069000.0,
        "EBIT": 20939000.0,
        "Net Interest Income": -7771000.0,
        "Interest Expense": 7771000.0,
        "Normalized Income": 550514.0,
        "Net Income From Continuing And Discontinued Operation": 11558000.0,
        "Total Expenses": 1071153000.0,
        "Total Operating Income As Reported": 8378000.0,
        "Diluted Average Shares": 17383000.0,
        "Basic Average Shares": 16390000.0,
        "Diluted EPS": 0.66,
        "Basic EPS": 0.71,
        "Diluted NI Availto Com Stockholders": 11558000.0,
        "Net Income Common Stockholders": 11558000.0,
        "Net Income": 11558000.0,
        "Net Income Including Noncontrolling Interests": 11558000.0,
        "Net Income Continuous Operations": 11558000.0,
        "Tax Provision": 1610000.0,
        "Pretax Income": 13168000.0,
        "Other Income Expense": 12561000.0,
        "Other Non Operating Income Expenses": 24000.0,
        "Gain On Sale Of Security": 12537000.0,
        "Net Non Operating Interest Income Expense": -7771000.0,
        "Interest Expense Non Operating": 7771000.0,
        "Operating Income": 8378000.0,
        "Operating Expense": 84603000.0,
        "Research And Development": 3243000.0,
        "Selling General And Administration": 81360000.0,
        "Selling And Marketing Expense": 65239000.0,
        "General And Administrative Expense": 16121000.0,
        "Other Gand A": 16121000.0,
        "Gross Profit": 92981000.0,
        "Cost Of Revenue": 986550000.0,
        "Total Revenue": 1079531000.0,
        "Operating Revenue": 1079531000.0
    },
    "2023-06-30": {
        "Tax Effect Of Unusual Items": 91350.0,
        "Tax Rate For Calcs": 0.21,
        "Normalized EBITDA": -20691000.0,
        "Total Unusual Items": 435000.0,
        "Total Unusual Items Excluding Goodwill": 435000.0,
        "Net Income From Continuing Operation Net Minority Interest": -22344000.0,
        "Reconciled Depreciation": 178000.0,
        "Reconciled Cost Of Revenue": 207916000.0,
        "EBITDA": -20256000.0,
        "EBIT": -20434000.0,
        "Net Interest Income": -1867000.0,
        "Interest Expense": 1867000.0,
        "Normalized Income": -22687650.0,
        "Net Income From Continuing And Discontinued Operation": -22344000.0,
        "Total Expenses": 251981000.0,
        "Total Operating Income As Reported": -21834000.0,
        "Diluted Average Shares": 27258000.0,
        "Basic Average Shares": 27258000.0,
        "Diluted EPS": -0.82,
        "Basic EPS": -0.82,
        "Diluted NI Availto Com Stockholders": -22344000.0,
        "Net Income Common Stockholders": -22344000.0,
        "Net Income": -22344000.0,
        "Net Income Including Noncontrolling Interests": -22344000.0,
        "Net Income Continuous Operations": -22344000.0,
        "Tax Provision": 43000.0,
        "Pretax Income": -22301000.0,
        "Other Income Expense": 1400000.0,
        "Other Non Operating Income Expenses": 965000.0,
        "Gain On Sale Of Security": 435000.0,
        "Net Non Operating Interest Income Expense": -1867000.0,
        "Interest Expense Non Operating": 1867000.0,
        "Operating Income": -21834000.0,
        "Operating Expense": 44065000.0,
        "Research And Development": 2312000.0,
        "Selling General And Administration": 41753000.0,
        "Selling And Marketing Expense": 29040000.0,
        "General And Administrative Expense": 12713000.0,
        "Other Gand A": 12713000.0,
        "Gross Profit": 22231000.0,
        "Cost Of Revenue": 207916000.0,
        "Total Revenue": 230147000.0,
        "Operating Revenue": 230147000.0
    },
    "2022-03-31": {
        "Diluted EPS": 2.4,
        "Total Revenue": NaN,
        "Gross Profit": 132,
        "Operating Income": 44,
        "EBIT": 45,
        "Net Income": 41
    },
    "2021-12-31": {
        "Diluted EPS": 2.1,
        "Total Revenue": 868,
        "Gross Profit": 70,
        "Operating Income": 3,
        "EBIT": 4,
        "Net Income": 13
    },
    "2021-09-30": {
        "Diluted EPS": -1.95,
        "Total Revenue": 540,
        "Gross Profit": 53,
        "Operating Income": 3,
        "EBIT": 4,
        "Net Income": -15
    },
    "2021-06-30": {
        "Diluted EPS": 0.6,
        "Total Revenue": 379,
        "Gross Profit": 51,
        "Operating Income": 12,
        "EBIT": 12,
        "Net Income": 9
    },
    "2021-03-31": {
        "Diluted EPS": 0.0,
        "Total Revenue": 284,
        "Gross Profit": 34,
        "Operating Income": 1,
        "EBIT": 2,
        "Net Income": 0
    },
    "2020-12-31": {
        "Diluted EPS": 0.0,
        "Total Revenue": NaN,
        "Gross Profit": NaN,
        "Operating Income": NaN,
        "EBIT": NaN,
        "Net Income": NaN
    },
    "2020-09-30": {
        "Diluted EPS": -0.75,
        "Total Revenue": 186,
        "Gross Profit": 20,
        "Operating Income": -2,
        "EBIT": -2,
        "Net Income": -3
    },
    "2019-12-31": {
        "Diluted EPS": 0.0,
        "Total Revenue": NaN,
        "Gross Profit": NaN,
        "Operating Income": NaN,
        "EBIT": NaN,
        "Net Income": NaN
    },
    "2023-09-30": {
        "Tax Effect Of Unusual Items": NaN,
        "Tax Rate For Calcs": NaN,
        "Normalized EBITDA": NaN,
        "Total Unusual Items": NaN,
        "Total Unusual Items Excluding Goodwill": NaN,
        "Net Income From Continuing Operation Net Minority Interest": NaN,
        "Reconciled Depreciation": NaN,
        "Reconciled Cost Of Revenue": NaN,
        "EBITDA": NaN,
        "EBIT": NaN,
        "Net Interest Income": NaN,
        "Interest Expense": NaN,
        "Normalized Income": NaN,
        "Net Income From Continuing And Discontinued Operation": NaN,
        "Total Expenses": NaN,
        "Total Operating Income As Reported": NaN,
        "Diluted Average Shares": 27276000.0,
        "Basic Average Shares": 27276000.0,
        "Diluted EPS": -0.73,
        "Basic EPS": -0.73,
        "Diluted NI Availto Com Stockholders": NaN,
        "Net Income Common Stockholders": NaN,
        "Net Income": NaN,
        "Net Income Including Noncontrolling Interests": NaN,
        "Net Income Continuous Operations": NaN,
        "Tax Provision": NaN,
        "Pretax Income": NaN,
        "Other Income Expense": NaN,
        "Other Non Operating Income Expenses": NaN,
        "Gain On Sale Of Security": NaN,
        "Net Non Operating Interest Income Expense": NaN,
        "Interest Expense Non Operating": NaN,
        "Operating Income": NaN,
        "Operating Expense": NaN,
        "Research And Development": NaN,
        "Selling General And Administration": NaN,
        "Selling And Marketing Expense": NaN,
        "General And Administrative Expense": NaN,
        "Other Gand A": NaN,
        "Gross Profit": NaN,
        "Cost Of Revenue": NaN,
        "Total Revenue": NaN,
        "Operating Revenue": NaN
    },
    "2023-12-31": {
        "Tax Effect Of Unusual Items": -56.443783,
        "Tax Rate For Calcs": 0.000518,
        "Normalized EBITDA": -10014000.0,
        "Total Unusual Items": -109000.0,
        "Total Unusual Items Excluding Goodwill": -109000.0,
        "Net Income From Continuing Operation Net Minority Interest": -15441000.0,
        "Reconciled Depreciation": 172000.0,
        "Reconciled Cost Of Revenue": 223766000.0,
        "EBITDA": -10123000.0,
        "EBIT": -10295000.0,
        "Net Interest Income": -5154000.0,
        "Interest Expense": 5154000.0,
        "Normalized Income": -15332056.443783,
        "Net Income From Continuing And Discontinued Operation": -15441000.0,
        "Total Expenses": 251709000.0,
        "Total Operating Income As Reported": -11251000.0,
        "Diluted Average Shares": 27292000.0,
        "Basic Average Shares": 27292000.0,
        "Diluted EPS": -0.57,
        "Basic EPS": -0.57,
        "Diluted NI Availto Com Stockholders": -15441000.0,
        "Net Income Common Stockholders": -15441000.0,
        "Net Income": -15441000.0,
        "Net Income Including Noncontrolling Interests": -15441000.0,
        "Net Income Continuous Operations": -15441000.0,
        "Tax Provision": -8000.0,
        "Pretax Income": -15449000.0,
        "Other Income Expense": 956000.0,
        "Other Non Operating Income Expenses": 1065000.0,
        "Gain On Sale Of Security": -109000.0,
        "Net Non Operating Interest Income Expense": -5154000.0,
        "Interest Expense Non Operating": 5154000.0,
        "Operating Income": -11251000.0,
        "Operating Expense": 27943000.0,
        "Research And Development": 1236000.0,
        "Selling General And Administration": 26707000.0,
        "Selling And Marketing Expense": 17932000.0,
        "General And Administrative Expense": 8775000.0,
        "Other Gand A": 8775000.0,
        "Gross Profit": 16692000.0,
        "Cost Of Revenue": 223766000.0,
        "Total Revenue": 240458000.0,
        "Operating Revenue": 240458000.0
    },
    "2024-03-31": {
        "Tax Effect Of Unusual Items": 72240.0,
        "Tax Rate For Calcs": 0.21,
        "Normalized EBITDA": -12665000.0,
        "Total Unusual Items": 344000.0,
        "Total Unusual Items Excluding Goodwill": 344000.0,
        "Net Income From Continuing Operation Net Minority Interest": -17515000.0,
        "Reconciled Depreciation": 166000.0,
        "Reconciled Cost Of Revenue": 262763000.0,
        "EBITDA": -12321000.0,
        "EBIT": -12487000.0,
        "Net Interest Income": -4905000.0,
        "Interest Expense": 4905000.0,
        "Normalized Income": -17786760.0,
        "Net Income From Continuing And Discontinued Operation": -17515000.0,
        "Total Expenses": 298943000.0,
        "Total Operating Income As Reported": -13585000.0,
        "Diluted Average Shares": 27339000.0,
        "Basic Average Shares": 27339000.0,
        "Diluted EPS": -0.64,
        "Basic EPS": -0.64,
        "Diluted NI Availto Com Stockholders": -17515000.0,
        "Net Income Common Stockholders": -17515000.0,
        "Net Income": -17515000.0,
        "Net Income Including Noncontrolling Interests": -17515000.0,
        "Net Income Continuous Operations": -17515000.0,
        "Tax Provision": 123000.0,
        "Pretax Income": -17392000.0,
        "Other Income Expense": 1098000.0,
        "Other Non Operating Income Expenses": 754000.0,
        "Gain On Sale Of Security": 344000.0,
        "Net Non Operating Interest Income Expense": -4905000.0,
        "Interest Expense Non Operating": 4905000.0,
        "Operating Income": -13585000.0,
        "Operating Expense": 36180000.0,
        "Research And Development": 1773000.0,
        "Selling General And Administration": 34407000.0,
        "Selling And Marketing Expense": 22452000.0,
        "General And Administrative Expense": 11955000.0,
        "Other Gand A": 11955000.0,
        "Gross Profit": 22595000.0,
        "Cost Of Revenue": 262763000.0,
        "Total Revenue": 285358000.0,
        "Operating Revenue": 285358000.0
    },
    "2024-06-30": {
        "Tax Effect Of Unusual Items": -36.0,
        "Tax Rate For Calcs": 0.004,
        "Normalized EBITDA": -9098000.0,
        "Total Unusual Items": -9000.0,
        "Total Unusual Items Excluding Goodwill": -9000.0,
        "Net Income From Continuing Operation Net Minority Interest": -13782000.0,
        "Reconciled Depreciation": 148000.0,
        "Reconciled Cost Of Revenue": 229251000.0,
        "EBITDA": -9107000.0,
        "EBIT": -9255000.0,
        "Net Interest Income": -4581000.0,
        "Interest Expense": 4581000.0,
        "Normalized Income": -13773036.0,
        "Net Income From Continuing And Discontinued Operation": -13782000.0,
        "Total Expenses": 260983000.0,
        "Total Operating Income As Reported": -9861000.0,
        "Diluted Average Shares": 27385000.0,
        "Basic Average Shares": 27385000.0,
        "Diluted EPS": -0.5,
        "Basic EPS": -0.5,
        "Diluted NI Availto Com Stockholders": -13782000.0,
        "Net Income Common Stockholders": -13782000.0,
        "Net Income": -13782000.0,
        "Net Income Including Noncontrolling Interests": -13782000.0,
        "Net Income Continuous Operations": -13782000.0,
        "Tax Provision": -54000.0,
        "Pretax Income": -13836000.0,
        "Other Income Expense": 606000.0,
        "Other Non Operating Income Expenses": 615000.0,
        "Gain On Sale Of Security": -9000.0,
        "Net Non Operating Interest Income Expense": -4581000.0,
        "Interest Expense Non Operating": 4581000.0,
        "Operating Income": -9861000.0,
        "Operating Expense": 31732000.0,
        "Research And Development": 964000.0,
        "Selling General And Administration": 30768000.0,
        "Selling And Marketing Expense": 20230000.0,
        "General And Administrative Expense": 10538000.0,
        "Other Gand A": 10538000.0,
        "Gross Profit": 21871000.0,
        "Cost Of Revenue": 229251000.0,
        "Total Revenue": 251122000.0,
        "Operating Revenue": 251122000.0
    },
    "2024-09-30": {
        "Tax Effect Of Unusual Items": 2940.0,
        "Tax Rate For Calcs": 0.21,
        "Normalized EBITDA": -8263000.0,
        "Total Unusual Items": 14000.0,
        "Total Unusual Items Excluding Goodwill": 14000.0,
        "Net Income From Continuing Operation Net Minority Interest": -13537000.0,
        "Reconciled Depreciation": 150000.0,
        "Reconciled Cost Of Revenue": 190927000.0,
        "EBITDA": -8249000.0,
        "EBIT": -8399000.0,
        "Net Interest Income": -5114000.0,
        "Interest Expense": 5114000.0,
        "Normalized Income": -13548060.0,
        "Net Income From Continuing And Discontinued Operation": -13537000.0,
        "Total Expenses": 216992000.0,
        "Total Operating Income As Reported": -8925000.0,
        "Diluted Average Shares": 27439000.0,
        "Basic Average Shares": 27439000.0,
        "Diluted EPS": -0.49,
        "Basic EPS": -0.49,
        "Diluted NI Availto Com Stockholders": -13537000.0,
        "Net Income Common Stockholders": -13537000.0,
        "Net Income": -13537000.0,
        "Net Income Including Noncontrolling Interests": -13537000.0,
        "Net Income Continuous Operations": -13537000.0,
        "Tax Provision": 24000.0,
        "Pretax Income": -13513000.0,
        "Other Income Expense": 526000.0,
        "Other Non Operating Income Expenses": 512000.0,
        "Gain On Sale Of Security": 14000.0,
        "Net Non Operating Interest Income Expense": -5114000.0,
        "Interest Expense Non Operating": 5114000.0,
        "Operating Income": -8925000.0,
        "Operating Expense": 26065000.0,
        "Research And Development": 947000.0,
        "Selling General And Administration": 25118000.0,
        "Selling And Marketing Expense": 16864000.0,
        "General And Administrative Expense": 8254000.0,
        "Other Gand A": 8254000.0,
        "Gross Profit": 17140000.0,
        "Cost Of Revenue": 190927000.0,
        "Total Revenue": 208067000.0,
        "Operating Revenue": 208067000.0
    },
    "2024-12-31": {
        "Tax Effect Of Unusual Items": -388.681199,
        "Tax Rate For Calcs": 0.003566,
        "Normalized EBITDA": -13047000.0,
        "Total Unusual Items": -109000.0,
        "Total Unusual Items Excluding Goodwill": -109000.0,
        "Net Income From Continuing Operation Net Minority Interest": -17325000.0,
        "Reconciled Depreciation": 147000.0,
        "Reconciled Cost Of Revenue": 163683000.0,
        "EBITDA": -13156000.0,
        "EBIT": -13303000.0,
        "Net Interest Income": -4084000.0,
        "Interest Expense": 4084000.0,
        "Normalized Income": -17216388.681199,
        "Net Income From Continuing And Discontinued Operation": -17325000.0,
        "Total Expenses": 187942000.0,
        "Total Operating Income As Reported": -13670000.0,
        "Diluted Average Shares": 27478000.0,
        "Basic Average Shares": 27478000.0,
        "Diluted EPS": -0.63,
        "Basic EPS": -0.63,
        "Diluted NI Availto Com Stockholders": -17325000.0,
        "Net Income Common Stockholders": -17325000.0,
        "Net Income": -17325000.0,
        "Net Income Including Noncontrolling Interests": -17325000.0,
        "Net Income Continuous Operations": -17325000.0,
        "Tax Provision": -62000.0,
        "Pretax Income": -17387000.0,
        "Other Income Expense": 367000.0,
        "Other Non Operating Income Expenses": 476000.0,
        "Gain On Sale Of Security": -109000.0,
        "Net Non Operating Interest Income Expense": -4084000.0,
        "Interest Expense Non Operating": 4084000.0,
        "Operating Income": -13670000.0,
        "Operating Expense": 24259000.0,
        "Research And Development": 840000.0,
        "Selling General And Administration": 23419000.0,
        "Selling And Marketing Expense": 13545000.0,
        "General And Administrative Expense": 9874000.0,
        "Other Gand A": 9874000.0,
        "Gross Profit": 10589000.0,
        "Cost Of Revenue": 163683000.0,
        "Total Revenue": 174272000.0,
        "Operating Revenue": 174272000.0
    },
    "2025-03-31": {
        "Tax Effect Of Unusual Items": -102800.0,
        "Tax Rate For Calcs": 0.4,
        "Normalized EBITDA": -11035000.0,
        "Total Unusual Items": -257000.0,
        "Total Unusual Items Excluding Goodwill": -257000.0,
        "Net Income From Continuing Operation Net Minority Interest": -15057000.0,
        "Reconciled Depreciation": 206000.0,
        "Reconciled Cost Of Revenue": 150191000.0,
        "EBITDA": -11292000.0,
        "EBIT": -11498000.0,
        "Net Interest Income": -3522000.0,
        "Interest Expense": 3522000.0,
        "Normalized Income": -14902800.0,
        "Net Income From Continuing And Discontinued Operation": -15057000.0,
        "Total Expenses": 172235000.0,
        "Total Operating Income As Reported": -11537000.0,
        "Diluted Average Shares": 27564000.0,
        "Basic Average Shares": 27564000.0,
        "Diluted EPS": -0.55,
        "Basic EPS": -0.55,
        "Diluted NI Availto Com Stockholders": -15057000.0,
        "Net Income Common Stockholders": -15057000.0,
        "Net Income": -15057000.0,
        "Net Income Including Noncontrolling Interests": -15057000.0,
        "Net Income Continuous Operations": -15057000.0,
        "Tax Provision": 37000.0,
        "Pretax Income": -15020000.0,
        "Other Income Expense": 39000.0,
        "Other Non Operating Income Expenses": 296000.0,
        "Gain On Sale Of Security": -257000.0,
        "Net Non Operating Interest Income Expense": -3522000.0,
        "Interest Expense Non Operating": 3522000.0,
        "Operating Income": -11537000.0,
        "Operating Expense": 22044000.0,
        "Research And Development": 1020000.0,
        "Selling General And Administration": 21024000.0,
        "Selling And Marketing Expense": 13828000.0,
        "General And Administrative Expense": 7196000.0,
        "Other Gand A": 7196000.0,
        "Gross Profit": 10507000.0,
        "Cost Of Revenue": 150191000.0,
        "Total Revenue": 160698000.0,
        "Operating Revenue": 160698000.0
    }
}