{
    "2023-06-30": {
        "Tax Effect Of Unusual Items": 0.0,
        "Tax Rate For Calcs": 0.288185,
        "Total Unusual Items": NaN,
        "Total Unusual Items Excluding Goodwill": NaN,
        "Net Income From Continuing Operation Net Minority Interest": 6091000.0,
        "Reconciled Depreciation": 339000.0,
        "Net Interest Income": 17252000.0,
        "Interest Expense": 12850000.0,
        "Interest Income": 30102000.0,
        "Normalized Income": 6091000.0,
        "Net Income From Continuing And Discontinued Operation": 6091000.0,
        "Diluted Average Shares": 15169794.0,
        "Basic Average Shares": 15158365.0,
        "Diluted EPS": 0.39,
        "Basic EPS": 0.39,
        "Diluted NI Availto Com Stockholders": 5964000.0,
        "Net Income Common Stockholders": 5964000.0,
        "Otherunder Preferred Stock Dividend": 127000.0,
        "Net Income": 6091000.0,
        "Net Income Including Noncontrolling Interests": 6091000.0,
        "Net Income Continuous Operations": 6091000.0,
        "Tax Provision": 2466000.0,
        "Pretax Income": 8557000.0,
        "Special Income Charges": NaN,
        "Other Special Charges": NaN,
        "Selling General And Administration": 8470000.0,
        "Selling And Marketing Expense": 159000.0,
        "General And Administrative Expense": 8311000.0,
        "Insurance And Claims": 420000.0,
        "Salaries And Wages": 7891000.0,
        "Total Revenue": 20857000.0,
        "Operating Revenue": 20857000.0,
        "Occupancy And Equipment": 1598000.0,
        "Professional Expense And Contract Services Expense": 381000.0,
        "Other Non Interest Expense": 1851000.0
    },
    "2023-03-31": {
        "Tax Effect Of Unusual Items": NaN,
        "Tax Rate For Calcs": NaN,
        "Total Unusual Items": -753000.0,
        "Total Unusual Items Excluding Goodwill": -753000.0,
        "Net Income From Continuing Operation Net Minority Interest": NaN,
        "Reconciled Depreciation": NaN,
        "Net Interest Income": NaN,
        "Interest Expense": NaN,
        "Interest Income": NaN,
        "Normalized Income": NaN,
        "Net Income From Continuing And Discontinued Operation": NaN,
        "Diluted Average Shares": NaN,
        "Basic Average Shares": NaN,
        "Diluted EPS": NaN,
        "Basic EPS": NaN,
        "Diluted NI Availto Com Stockholders": NaN,
        "Net Income Common Stockholders": NaN,
        "Otherunder Preferred Stock Dividend": NaN,
        "Net Income": NaN,
        "Net Income Including Noncontrolling Interests": NaN,
        "Net Income Continuous Operations": NaN,
        "Tax Provision": NaN,
        "Pretax Income": NaN,
        "Special Income Charges": -753000.0,
        "Other Special Charges": 753000.0,
        "Selling General And Administration": NaN,
        "Selling And Marketing Expense": NaN,
        "General And Administrative Expense": NaN,
        "Insurance And Claims": NaN,
        "Salaries And Wages": NaN,
        "Total Revenue": NaN,
        "Operating Revenue": NaN,
        "Occupancy And Equipment": NaN,
        "Professional Expense And Contract Services Expense": NaN,
        "Other Non Interest Expense": NaN
    },
    "2022-12-31": {
        "Tax Effect Of Unusual Items": 0.0,
        "Tax Rate For Calcs": 0.277863,
        "Total Unusual Items": NaN,
        "Total Unusual Items Excluding Goodwill": NaN,
        "Net Income From Continuing Operation Net Minority Interest": 8028000.0,
        "Reconciled Depreciation": 347000.0,
        "Net Interest Income": 20198000.0,
        "Interest Expense": 6688000.0,
        "Interest Income": 26886000.0,
        "Normalized Income": 8028000.0,
        "Net Income From Continuing And Discontinued Operation": 8028000.0,
        "Diluted Average Shares": 15264971.0,
        "Basic Average Shares": 15208308.0,
        "Diluted EPS": 0.51,
        "Basic EPS": 0.52,
        "Diluted NI Availto Com Stockholders": 7856000.0,
        "Net Income Common Stockholders": 7856000.0,
        "Otherunder Preferred Stock Dividend": 172000.0,
        "Net Income": 8028000.0,
        "Net Income Including Noncontrolling Interests": 8028000.0,
        "Net Income Continuous Operations": 8028000.0,
        "Tax Provision": 3089000.0,
        "Pretax Income": 11117000.0,
        "Special Income Charges": NaN,
        "Other Special Charges": NaN,
        "Selling General And Administration": 5842000.0,
        "Selling And Marketing Expense": 12000.0,
        "General And Administrative Expense": 5830000.0,
        "Insurance And Claims": 176000.0,
        "Salaries And Wages": 7225000.0,
        "Total Revenue": 23421000.0,
        "Operating Revenue": 23421000.0
    },
    "2022-09-30": {
        "Tax Effect Of Unusual Items": NaN,
        "Tax Rate For Calcs": NaN,
        "Total Unusual Items": -875000.0,
        "Total Unusual Items Excluding Goodwill": -875000.0,
        "Net Income From Continuing Operation Net Minority Interest": NaN,
        "Reconciled Depreciation": NaN,
        "Net Interest Income": NaN,
        "Interest Expense": NaN,
        "Interest Income": NaN,
        "Normalized Income": NaN,
        "Net Income From Continuing And Discontinued Operation": NaN,
        "Diluted Average Shares": NaN,
        "Basic Average Shares": NaN,
        "Diluted EPS": NaN,
        "Basic EPS": NaN,
        "Diluted NI Availto Com Stockholders": NaN,
        "Net Income Common Stockholders": NaN,
        "Otherunder Preferred Stock Dividend": NaN,
        "Net Income": NaN,
        "Net Income Including Noncontrolling Interests": NaN,
        "Net Income Continuous Operations": NaN,
        "Tax Provision": NaN,
        "Pretax Income": NaN,
        "Special Income Charges": -875000.0,
        "Other Special Charges": 875000.0,
        "Selling General And Administration": NaN,
        "Selling And Marketing Expense": NaN,
        "General And Administrative Expense": NaN,
        "Other Gand A": 586000.0,
        "Insurance And Claims": NaN,
        "Salaries And Wages": NaN,
        "Total Revenue": NaN,
        "Operating Revenue": NaN
    },
    "2022-06-30": {
        "Tax Effect Of Unusual Items": -247080.0,
        "Tax Rate For Calcs": 0.29,
        "Total Unusual Items": -852000.0,
        "Total Unusual Items Excluding Goodwill": -852000.0,
        "Net Income From Continuing Operation Net Minority Interest": 8480000.0,
        "Reconciled Depreciation": 281000.0,
        "Net Interest Income": 19079000.0,
        "Interest Expense": 1069000.0,
        "Interest Income": 20148000.0,
        "Normalized Income": 9084920.0,
        "Net Income From Continuing And Discontinued Operation": 8480000.0,
        "Diluted Average Shares": 15234577.0,
        "Basic Average Shares": 15141975.0,
        "Diluted EPS": 0.54,
        "Basic EPS": 0.55,
        "Diluted NI Availto Com Stockholders": 8480000.0,
        "Net Income Common Stockholders": 8480000.0,
        "Otherunder Preferred Stock Dividend": 205000.0,
        "Net Income": 8480000.0,
        "Net Income Including Noncontrolling Interests": 8480000.0,
        "Net Income Continuous Operations": 8480000.0,
        "Tax Provision": 3459000.0,
        "Pretax Income": 11939000.0,
        "Special Income Charges": -852000.0,
        "Other Special Charges": 852000.0,
        "Selling General And Administration": 8148000.0,
        "Selling And Marketing Expense": 165000.0,
        "General And Administrative Expense": 7983000.0,
        "Other Gand A": 492000.0,
        "Insurance And Claims": 192000.0,
        "Salaries And Wages": 7299000.0,
        "Total Revenue": 24438000.0,
        "Operating Revenue": 24438000.0
    },
    "2022-03-31": {
        "Diluted EPS": 0.53,
        "Total Revenue": 22,
        "Gross Profit": 22,
        "Operating Income": 12,
        "EBIT": NaN,
        "Net Income": 8
    },
    "2021-12-31": {
        "Diluted EPS": 0.59,
        "Total Revenue": 25,
        "Gross Profit": 24,
        "Operating Income": 13,
        "EBIT": NaN,
        "Net Income": 9
    },
    "2021-09-30": {
        "Diluted EPS": 0.54,
        "Total Revenue": 21,
        "Gross Profit": 20,
        "Operating Income": 11,
        "EBIT": NaN,
        "Net Income": 8
    },
    "2021-06-30": {
        "Diluted EPS": 0.42,
        "Total Revenue": 18,
        "Gross Profit": 17,
        "Operating Income": 9,
        "EBIT": NaN,
        "Net Income": 6
    },
    "2021-03-31": {
        "Diluted EPS": 0.33,
        "Total Revenue": 17,
        "Gross Profit": 16,
        "Operating Income": 7,
        "EBIT": NaN,
        "Net Income": 5
    },
    "2020-12-31": {
        "Diluted EPS": 0.25,
        "Total Revenue": 17,
        "Gross Profit": 16,
        "Operating Income": 5,
        "EBIT": NaN,
        "Net Income": 4
    },
    "2020-09-30": {
        "Diluted EPS": 0.23,
        "Total Revenue": 16,
        "Gross Profit": 14,
        "Operating Income": 5,
        "EBIT": NaN,
        "Net Income": 4
    },
    "2020-06-30": {
        "Diluted EPS": 0.16,
        "Total Revenue": 15,
        "Gross Profit": 13,
        "Operating Income": 3,
        "EBIT": NaN,
        "Net Income": 2
    },
    "2020-03-31": {
        "Diluted EPS": 0.21,
        "Total Revenue": 17,
        "Gross Profit": 13,
        "Operating Income": 4,
        "EBIT": NaN,
        "Net Income": 3
    },
    "2019-12-31": {
        "Diluted EPS": 0.27,
        "Total Revenue": 17,
        "Gross Profit": 14,
        "Operating Income": 6,
        "EBIT": NaN,
        "Net Income": 4
    },
    "2019-09-30": {
        "Diluted EPS": 0.24,
        "Total Revenue": 18,
        "Gross Profit": 14,
        "Operating Income": 5,
        "EBIT": NaN,
        "Net Income": 4
    },
    "2019-06-30": {
        "Diluted EPS": 0.23,
        "Total Revenue": 18,
        "Gross Profit": 14,
        "Operating Income": 5,
        "EBIT": NaN,
        "Net Income": 4
    },
    "2019-03-31": {
        "Diluted EPS": 0.29,
        "Total Revenue": 18,
        "Gross Profit": 14,
        "Operating Income": 6,
        "EBIT": NaN,
        "Net Income": 5
    },
    "2018-12-31": {
        "Diluted EPS": 0.23,
        "Total Revenue": 16,
        "Gross Profit": 13,
        "Operating Income": 5,
        "EBIT": NaN,
        "Net Income": 4
    },
    "2018-09-30": {
        "Diluted EPS": 0.21,
        "Total Revenue": 15,
        "Gross Profit": 13,
        "Operating Income": 5,
        "EBIT": NaN,
        "Net Income": 3
    },
    "2018-06-30": {
        "Diluted EPS": 0.23,
        "Total Revenue": 15,
        "Gross Profit": 13,
        "Operating Income": 5,
        "EBIT": NaN,
        "Net Income": 4
    },
    "2018-03-31": {
        "Diluted EPS": 0.22,
        "Total Revenue": 13,
        "Gross Profit": 12,
        "Operating Income": 4,
        "EBIT": NaN,
        "Net Income": 3
    },
    "2017-12-31": {
        "Diluted EPS": 0.14,
        "Total Revenue": 13,
        "Gross Profit": 12,
        "Operating Income": 4,
        "EBIT": NaN,
        "Net Income": 2
    },
    "2017-09-30": {
        "Diluted EPS": 0.19,
        "Total Revenue": 13,
        "Gross Profit": 11,
        "Operating Income": 4,
        "EBIT": NaN,
        "Net Income": 3
    },
    "2017-06-30": {
        "Diluted EPS": 0.18,
        "Total Revenue": 12,
        "Gross Profit": 11,
        "Operating Income": 4,
        "EBIT": NaN,
        "Net Income": 2
    },
    "2017-03-31": {
        "Diluted EPS": 0.15,
        "Total Revenue": 11,
        "Gross Profit": 10,
        "Operating Income": 4,
        "EBIT": NaN,
        "Net Income": 2
    },
    "2016-12-31": {
        "Diluted EPS": 0.0,
        "Total Revenue": NaN,
        "Gross Profit": NaN,
        "Operating Income": NaN,
        "EBIT": NaN,
        "Net Income": NaN
    },
    "2015-12-31": {
        "Diluted EPS": 0.0,
        "Total Revenue": NaN,
        "Gross Profit": NaN,
        "Operating Income": NaN,
        "EBIT": NaN,
        "Net Income": NaN
    },
    "2023-09-30": {
        "Tax Effect Of Unusual Items": NaN,
        "Tax Rate For Calcs": NaN,
        "Net Income From Continuing Operation Net Minority Interest": NaN,
        "Reconciled Depreciation": NaN,
        "Net Interest Income": NaN,
        "Interest Expense": NaN,
        "Interest Income": NaN,
        "Normalized Income": NaN,
        "Net Income From Continuing And Discontinued Operation": NaN,
        "Diluted Average Shares": 15140577.0,
        "Basic Average Shares": 15131587.0,
        "Diluted EPS": 0.33,
        "Basic EPS": 0.33,
        "Diluted NI Availto Com Stockholders": NaN,
        "Net Income Common Stockholders": NaN,
        "Otherunder Preferred Stock Dividend": NaN,
        "Net Income": NaN,
        "Net Income Including Noncontrolling Interests": NaN,
        "Net Income Continuous Operations": NaN,
        "Tax Provision": NaN,
        "Pretax Income": NaN,
        "Selling General And Administration": NaN,
        "Selling And Marketing Expense": NaN,
        "General And Administrative Expense": NaN,
        "Insurance And Claims": NaN,
        "Salaries And Wages": NaN,
        "Total Revenue": NaN,
        "Operating Revenue": NaN,
        "Occupancy And Equipment": NaN,
        "Professional Expense And Contract Services Expense": NaN,
        "Other Non Interest Expense": NaN
    },
    "2023-12-31": {
        "Tax Effect Of Unusual Items": 0.0,
        "Tax Rate For Calcs": 0.291216,
        "Net Income From Continuing Operation Net Minority Interest": 5172000.0,
        "Reconciled Depreciation": 361000.0,
        "Net Interest Income": 16230000.0,
        "Interest Expense": 15553000.0,
        "Interest Income": 31783000.0,
        "Normalized Income": 5172000.0,
        "Net Income From Continuing And Discontinued Operation": 5172000.0,
        "Diluted Average Shares": 15034822.0,
        "Basic Average Shares": 15027110.0,
        "Diluted EPS": 0.34,
        "Basic EPS": 0.34,
        "Diluted NI Availto Com Stockholders": 5075000.0,
        "Net Income Common Stockholders": 5075000.0,
        "Otherunder Preferred Stock Dividend": 97000.0,
        "Net Income": 5172000.0,
        "Net Income Including Noncontrolling Interests": 5172000.0,
        "Net Income Continuous Operations": 5172000.0,
        "Tax Provision": 2125000.0,
        "Pretax Income": 7297000.0,
        "Selling General And Administration": 8114000.0,
        "Selling And Marketing Expense": 86000.0,
        "General And Administrative Expense": 8028000.0,
        "Insurance And Claims": 237000.0,
        "Salaries And Wages": 7791000.0,
        "Total Revenue": 19910000.0,
        "Operating Revenue": 19910000.0,
        "Occupancy And Equipment": 1616000.0,
        "Professional Expense And Contract Services Expense": 391000.0,
        "Other Non Interest Expense": 1862000.0
    },
    "2024-03-31": {
        "Tax Effect Of Unusual Items": 0.0,
        "Tax Rate For Calcs": 0.280463,
        "Net Income From Continuing Operation Net Minority Interest": 5226000.0,
        "Reconciled Depreciation": 367000.0,
        "Net Interest Income": 15979000.0,
        "Interest Expense": 16934000.0,
        "Interest Income": 32913000.0,
        "Normalized Income": 5226000.0,
        "Net Income From Continuing And Discontinued Operation": 5226000.0,
        "Diluted Average Shares": 14991835.0,
        "Basic Average Shares": 14991835.0,
        "Diluted EPS": 0.34,
        "Basic EPS": 0.34,
        "Diluted NI Availto Com Stockholders": 5128000.0,
        "Net Income Common Stockholders": 5128000.0,
        "Otherunder Preferred Stock Dividend": 98000.0,
        "Net Income": 5226000.0,
        "Net Income Including Noncontrolling Interests": 5226000.0,
        "Net Income Continuous Operations": 5226000.0,
        "Tax Provision": 2037000.0,
        "Pretax Income": 7263000.0,
        "Selling General And Administration": 8521000.0,
        "Selling And Marketing Expense": 149000.0,
        "General And Administrative Expense": 8372000.0,
        "Insurance And Claims": 374000.0,
        "Salaries And Wages": 7998000.0,
        "Total Revenue": 19565000.0,
        "Operating Revenue": 19565000.0,
        "Occupancy And Equipment": 1655000.0,
        "Professional Expense And Contract Services Expense": 395000.0,
        "Other Non Interest Expense": 1586000.0
    },
    "2024-06-30": {
        "Tax Effect Of Unusual Items": NaN,
        "Tax Rate For Calcs": NaN,
        "Net Income From Continuing Operation Net Minority Interest": NaN,
        "Reconciled Depreciation": NaN,
        "Net Interest Income": NaN,
        "Interest Expense": NaN,
        "Interest Income": NaN,
        "Normalized Income": NaN,
        "Net Income From Continuing And Discontinued Operation": NaN,
        "Diluted Average Shares": NaN,
        "Basic Average Shares": NaN,
        "Diluted EPS": NaN,
        "Basic EPS": NaN,
        "Diluted NI Availto Com Stockholders": NaN,
        "Net Income Common Stockholders": NaN,
        "Otherunder Preferred Stock Dividend": 103000.0,
        "Net Income": NaN,
        "Net Income Including Noncontrolling Interests": NaN,
        "Net Income Continuous Operations": NaN,
        "Tax Provision": NaN,
        "Pretax Income": NaN,
        "Selling General And Administration": NaN,
        "Selling And Marketing Expense": NaN,
        "General And Administrative Expense": NaN,
        "Insurance And Claims": NaN,
        "Salaries And Wages": NaN,
        "Total Revenue": NaN,
        "Operating Revenue": NaN,
        "Occupancy And Equipment": NaN,
        "Professional Expense And Contract Services Expense": NaN,
        "Other Non Interest Expense": NaN
    },
    "2024-09-30": {
        "Tax Effect Of Unusual Items": 0.0,
        "Tax Rate For Calcs": 0.28266,
        "Net Income From Continuing Operation Net Minority Interest": 5436000.0,
        "Reconciled Depreciation": 3115000.0,
        "Net Interest Income": 16506000.0,
        "Interest Expense": 18793000.0,
        "Interest Income": 35299000.0,
        "Normalized Income": 5436000.0,
        "Net Income From Continuing And Discontinued Operation": 5436000.0,
        "Diluted Average Shares": 14812118.0,
        "Basic Average Shares": 14812118.0,
        "Diluted EPS": 0.36,
        "Basic EPS": 0.36,
        "Diluted NI Availto Com Stockholders": 5343000.0,
        "Net Income Common Stockholders": 5343000.0,
        "Otherunder Preferred Stock Dividend": 93000.0,
        "Net Income": 5436000.0,
        "Net Income Including Noncontrolling Interests": 5436000.0,
        "Net Income Continuous Operations": 5436000.0,
        "Tax Provision": 2142000.0,
        "Pretax Income": 7578000.0,
        "Selling General And Administration": 8727000.0,
        "Selling And Marketing Expense": 151000.0,
        "General And Administrative Expense": 8576000.0,
        "Insurance And Claims": 391000.0,
        "Salaries And Wages": 8185000.0,
        "Total Revenue": 20746000.0,
        "Operating Revenue": 20746000.0,
        "Occupancy And Equipment": 1676000.0,
        "Professional Expense And Contract Services Expense": 346000.0,
        "Other Non Interest Expense": 1971000.0
    },
    "2024-12-31": {
        "Tax Effect Of Unusual Items": 0.0,
        "Tax Rate For Calcs": 0.254275,
        "Net Income From Continuing Operation Net Minority Interest": 4971000.0,
        "Reconciled Depreciation": 327000.0,
        "Net Interest Income": 16929000.0,
        "Interest Expense": 18122000.0,
        "Interest Income": 35051000.0,
        "Normalized Income": 4971000.0,
        "Net Income From Continuing And Discontinued Operation": 4971000.0,
        "Diluted Average Shares": 14816416.0,
        "Basic Average Shares": 14816416.0,
        "Diluted EPS": 0.33,
        "Basic EPS": 0.33,
        "Diluted NI Availto Com Stockholders": 4890000.0,
        "Net Income Common Stockholders": 4890000.0,
        "Otherunder Preferred Stock Dividend": 81000.0,
        "Net Income": 4971000.0,
        "Net Income Including Noncontrolling Interests": 4971000.0,
        "Net Income Continuous Operations": 4971000.0,
        "Tax Provision": 1695000.0,
        "Pretax Income": 6666000.0,
        "Selling General And Administration": 9039000.0,
        "Selling And Marketing Expense": 82000.0,
        "General And Administrative Expense": 8957000.0,
        "Insurance And Claims": 529000.0,
        "Salaries And Wages": 8428000.0,
        "Total Revenue": 21346000.0,
        "Operating Revenue": 21346000.0,
        "Occupancy And Equipment": 1682000.0,
        "Professional Expense And Contract Services Expense": 388000.0,
        "Other Non Interest Expense": 2024000.0
    },
    "2025-03-31": {
        "Tax Effect Of Unusual Items": 0.0,
        "Tax Rate For Calcs": 0.276,
        "Net Income From Continuing Operation Net Minority Interest": 5560000.0,
        "Reconciled Depreciation": 347000.0,
        "Net Interest Income": 17418000.0,
        "Interest Expense": 17441000.0,
        "Interest Income": 34859000.0,
        "Normalized Income": 5560000.0,
        "Net Income From Continuing And Discontinued Operation": 5560000.0,
        "Diluted Average Shares": 14857234.0,
        "Basic Average Shares": 14857234.0,
        "Diluted EPS": 0.37,
        "Basic EPS": 0.37,
        "Diluted NI Availto Com Stockholders": 5486000.0,
        "Net Income Common Stockholders": 5486000.0,
        "Otherunder Preferred Stock Dividend": 74000.0,
        "Net Income": 5560000.0,
        "Net Income Including Noncontrolling Interests": 5560000.0,
        "Net Income Continuous Operations": 5560000.0,
        "Tax Provision": 2124000.0,
        "Pretax Income": 7684000.0,
        "Selling General And Administration": 9599000.0,
        "Selling And Marketing Expense": 156000.0,
        "General And Administrative Expense": 9443000.0,
        "Insurance And Claims": 487000.0,
        "Salaries And Wages": 8956000.0,
        "Total Revenue": 22234000.0,
        "Operating Revenue": 22234000.0,
        "Occupancy And Equipment": 1581000.0,
        "Professional Expense And Contract Services Expense": 407000.0,
        "Other Non Interest Expense": 2227000.0
    },
    "2025-06-30": {
        "Tax Effect Of Unusual Items": 0.0,
        "Tax Rate For Calcs": 0.25,
        "Net Income From Continuing Operation Net Minority Interest": 6333000.0,
        "Reconciled Depreciation": 394000.0,
        "Net Interest Income": 19721000.0,
        "Interest Expense": 17944000.0,
        "Interest Income": 37665000.0,
        "Normalized Income": 6333000.0,
        "Net Income From Continuing And Discontinued Operation": 6333000.0,
        "Diluted Average Shares": 14859718.0,
        "Basic Average Shares": 14859718.0,
        "Diluted EPS": 0.42,
        "Basic EPS": 0.42,
        "Diluted NI Availto Com Stockholders": 6280000.0,
        "Net Income Common Stockholders": 6280000.0,
        "Otherunder Preferred Stock Dividend": 53000.0,
        "Net Income": 6333000.0,
        "Net Income Including Noncontrolling Interests": 6333000.0,
        "Net Income Continuous Operations": 6333000.0,
        "Tax Provision": 2113000.0,
        "Pretax Income": 8446000.0,
        "Selling General And Administration": 10011000.0,
        "Selling And Marketing Expense": 232000.0,
        "General And Administrative Expense": 9779000.0,
        "Insurance And Claims": 506000.0,
        "Salaries And Wages": 9273000.0,
        "Total Revenue": 23689000.0,
        "Operating Revenue": 23689000.0,
        "Occupancy And Equipment": 1584000.0,
        "Professional Expense And Contract Services Expense": 418000.0,
        "Other Non Interest Expense": 2024000.0
    },
    "2025-09-30": {
        "Tax Effect Of Unusual Items": 0.0,
        "Tax Rate For Calcs": 0.306969,
        "Net Income From Continuing Operation Net Minority Interest": 6703000.0,
        "Reconciled Depreciation": 4892000.0,
        "Net Interest Income": 20346000.0,
        "Interest Expense": 18176000.0,
        "Interest Income": 38522000.0,
        "Normalized Income": 6703000.0,
        "Net Income From Continuing And Discontinued Operation": 6703000.0,
        "Diluted Average Shares": 14919474.0,
        "Basic Average Shares": 14885614.0,
        "Diluted EPS": 0.45,
        "Basic EPS": 0.45,
        "Diluted NI Availto Com Stockholders": 6703000.0,
        "Net Income Common Stockholders": 6703000.0,
        "Otherunder Preferred Stock Dividend": NaN,
        "Net Income": 6703000.0,
        "Net Income Including Noncontrolling Interests": 6703000.0,
        "Net Income Continuous Operations": 6703000.0,
        "Tax Provision": 2969000.0,
        "Pretax Income": 9672000.0,
        "Selling General And Administration": 9597000.0,
        "Selling And Marketing Expense": 126000.0,
        "General And Administrative Expense": 9471000.0,
        "Insurance And Claims": 428000.0,
        "Salaries And Wages": 9043000.0,
        "Total Revenue": 24476000.0,
        "Operating Revenue": 24476000.0,
        "Occupancy And Equipment": 1676000.0,
        "Professional Expense And Contract Services Expense": 419000.0,
        "Other Non Interest Expense": 1937000.0
    }
}