{
    "2023-06-30": {
        "Tax Effect Of Unusual Items": 0.0,
        "Tax Rate For Calcs": 0.264,
        "Normalized EBITDA": 184275000.0,
        "Net Income From Continuing Operation Net Minority Interest": 114403000.0,
        "Reconciled Depreciation": 15576000.0,
        "Reconciled Cost Of Revenue": 817565000.0,
        "EBITDA": 184275000.0,
        "EBIT": 168699000.0,
        "Net Interest Income": -13196000.0,
        "Interest Expense": 13196000.0,
        "Normalized Income": 114403000.0,
        "Net Income From Continuing And Discontinued Operation": 114403000.0,
        "Total Expenses": 986705000.0,
        "Total Operating Income As Reported": 82367000.0,
        "Diluted Average Shares": 181241000.0,
        "Basic Average Shares": 179807000.0,
        "Diluted EPS": 0.63,
        "Basic EPS": 0.64,
        "Diluted NI Availto Com Stockholders": 114403000.0,
        "Net Income Common Stockholders": 114403000.0,
        "Net Income": 114403000.0,
        "Net Income Including Noncontrolling Interests": 114403000.0,
        "Net Income Continuous Operations": 114403000.0,
        "Tax Provision": 41100000.0,
        "Pretax Income": 155503000.0,
        "Other Income Expense": 86332000.0,
        "Other Non Operating Income Expenses": 84935000.0,
        "Earnings From Equity Interest": 1397000.0,
        "Net Non Operating Interest Income Expense": -13196000.0,
        "Interest Expense Non Operating": 13196000.0,
        "Operating Income": 82367000.0,
        "Operating Expense": 168462000.0,
        "Depreciation Amortization Depletion Income Statement": 14898000.0,
        "Depreciation And Amortization In Income Statement": 14898000.0,
        "Selling General And Administration": 153564000.0,
        "Gross Profit": 250829000.0,
        "Cost Of Revenue": 818243000.0,
        "Total Revenue": 1069072000.0,
        "Operating Revenue": 1069072000.0
    },
    "2023-03-31": {
        "Tax Effect Of Unusual Items": NaN,
        "Tax Rate For Calcs": NaN,
        "Normalized EBITDA": NaN,
        "Net Income From Continuing Operation Net Minority Interest": NaN,
        "Reconciled Depreciation": NaN,
        "Reconciled Cost Of Revenue": NaN,
        "EBITDA": NaN,
        "EBIT": NaN,
        "Net Interest Income": NaN,
        "Interest Expense": NaN,
        "Normalized Income": NaN,
        "Net Income From Continuing And Discontinued Operation": NaN,
        "Total Expenses": NaN,
        "Total Operating Income As Reported": NaN,
        "Diluted Average Shares": 182735000.0,
        "Basic Average Shares": 181262000.0,
        "Diluted EPS": 0.21,
        "Basic EPS": 0.22,
        "Diluted NI Availto Com Stockholders": NaN,
        "Net Income Common Stockholders": NaN,
        "Net Income": NaN,
        "Net Income Including Noncontrolling Interests": NaN,
        "Net Income Continuous Operations": NaN,
        "Tax Provision": NaN,
        "Pretax Income": NaN,
        "Other Income Expense": NaN,
        "Other Non Operating Income Expenses": NaN,
        "Earnings From Equity Interest": NaN,
        "Net Non Operating Interest Income Expense": NaN,
        "Interest Expense Non Operating": NaN,
        "Operating Income": NaN,
        "Operating Expense": NaN,
        "Depreciation Amortization Depletion Income Statement": NaN,
        "Depreciation And Amortization In Income Statement": NaN,
        "Selling General And Administration": NaN,
        "Gross Profit": NaN,
        "Cost Of Revenue": NaN,
        "Total Revenue": NaN,
        "Operating Revenue": NaN
    },
    "2022-12-31": {
        "Tax Effect Of Unusual Items": 0.0,
        "Tax Rate For Calcs": 0.266313,
        "Normalized EBITDA": 95290000.0,
        "Net Income From Continuing Operation Net Minority Interest": 47529000.0,
        "Reconciled Depreciation": 15711000.0,
        "Reconciled Cost Of Revenue": 794959000.0,
        "EBITDA": 95290000.0,
        "EBIT": 79579000.0,
        "Net Interest Income": -14798000.0,
        "Interest Expense": 14798000.0,
        "Normalized Income": 47529000.0,
        "Net Income From Continuing And Discontinued Operation": 47529000.0,
        "Total Expenses": 959021000.0,
        "Total Operating Income As Reported": 68192000.0,
        "Diluted Average Shares": 183086000.0,
        "Basic Average Shares": 181925000.0,
        "Diluted EPS": 0.26,
        "Basic EPS": 0.26,
        "Diluted NI Availto Com Stockholders": 47529000.0,
        "Net Income Common Stockholders": 47529000.0,
        "Net Income": 47529000.0,
        "Net Income Including Noncontrolling Interests": 47529000.0,
        "Net Income Continuous Operations": 47529000.0,
        "Tax Provision": 17252000.0,
        "Pretax Income": 64781000.0,
        "Other Income Expense": 11387000.0,
        "Other Non Operating Income Expenses": 10327000.0,
        "Earnings From Equity Interest": 1060000.0,
        "Net Non Operating Interest Income Expense": -14798000.0,
        "Interest Expense Non Operating": 14798000.0,
        "Operating Income": 68192000.0,
        "Operating Expense": 162889000.0,
        "Depreciation Amortization Depletion Income Statement": 14538000.0,
        "Depreciation And Amortization In Income Statement": 14538000.0,
        "Selling General And Administration": 148351000.0,
        "Gross Profit": 231081000.0,
        "Cost Of Revenue": 796132000.0,
        "Total Revenue": 1027213000.0,
        "Operating Revenue": 1027213000.0
    },
    "2022-09-30": {
        "Tax Effect Of Unusual Items": 0.0,
        "Tax Rate For Calcs": 0.255,
        "Normalized EBITDA": 82552000.0,
        "Net Income From Continuing Operation Net Minority Interest": 38823000.0,
        "Reconciled Depreciation": 16474000.0,
        "Reconciled Cost Of Revenue": 801711000.0,
        "EBITDA": 82552000.0,
        "EBIT": 66078000.0,
        "Net Interest Income": -13997000.0,
        "Interest Expense": 13997000.0,
        "Normalized Income": 38823000.0,
        "Net Income From Continuing And Discontinued Operation": 38823000.0,
        "Total Expenses": 960200000.0,
        "Total Operating Income As Reported": 60718000.0,
        "Diluted Average Shares": 183022000.0,
        "Basic Average Shares": 181884000.0,
        "Diluted EPS": 0.21,
        "Basic EPS": 0.21,
        "Diluted NI Availto Com Stockholders": 38823000.0,
        "Net Income Common Stockholders": 38823000.0,
        "Net Income": 38823000.0,
        "Net Income Including Noncontrolling Interests": 38823000.0,
        "Net Income Continuous Operations": 38823000.0,
        "Tax Provision": 13258000.0,
        "Pretax Income": 52081000.0,
        "Other Income Expense": 5360000.0,
        "Other Non Operating Income Expenses": 3888000.0,
        "Earnings From Equity Interest": 1472000.0,
        "Net Non Operating Interest Income Expense": -13997000.0,
        "Total Other Finance Cost": NaN,
        "Interest Expense Non Operating": 13997000.0,
        "Operating Income": 60718000.0,
        "Operating Expense": 157283000.0,
        "Depreciation Amortization Depletion Income Statement": 15268000.0,
        "Depreciation And Amortization In Income Statement": 15268000.0,
        "Selling General And Administration": 142015000.0,
        "Gross Profit": 218001000.0,
        "Cost Of Revenue": 802917000.0,
        "Total Revenue": 1020918000.0,
        "Operating Revenue": 1020918000.0
    },
    "2022-06-30": {
        "Tax Effect Of Unusual Items": 0.0,
        "Tax Rate For Calcs": 0.288,
        "Normalized EBITDA": 77673000.0,
        "Net Income From Continuing Operation Net Minority Interest": 33929000.0,
        "Reconciled Depreciation": 17270000.0,
        "Reconciled Cost Of Revenue": 762687000.0,
        "EBITDA": 77673000.0,
        "EBIT": 60403000.0,
        "Net Interest Income": -12765000.0,
        "Interest Expense": 12765000.0,
        "Normalized Income": 33929000.0,
        "Net Income From Continuing And Discontinued Operation": 33929000.0,
        "Total Expenses": 921744000.0,
        "Total Operating Income As Reported": 59076000.0,
        "Diluted Average Shares": 181618000.0,
        "Basic Average Shares": 180621000.0,
        "Diluted EPS": 0.19,
        "Basic EPS": 0.19,
        "Diluted NI Availto Com Stockholders": 33929000.0,
        "Net Income Common Stockholders": 33929000.0,
        "Net Income": 33929000.0,
        "Net Income Including Noncontrolling Interests": 33929000.0,
        "Net Income Continuous Operations": 33929000.0,
        "Tax Provision": 13709000.0,
        "Pretax Income": 47638000.0,
        "Other Income Expense": 1327000.0,
        "Other Non Operating Income Expenses": 1000.0,
        "Earnings From Equity Interest": 1326000.0,
        "Net Non Operating Interest Income Expense": -12765000.0,
        "Interest Expense Non Operating": 12765000.0,
        "Operating Income": 59076000.0,
        "Operating Expense": 157824000.0,
        "Depreciation Amortization Depletion Income Statement": 16037000.0,
        "Depreciation And Amortization In Income Statement": 16037000.0,
        "Selling General And Administration": 141787000.0,
        "Gross Profit": 216900000.0,
        "Cost Of Revenue": 763920000.0,
        "Total Revenue": 980820000.0,
        "Operating Revenue": 980820000.0
    },
    "2022-03-31": {
        "Diluted EPS": 0.17,
        "Total Revenue": 916,
        "Gross Profit": 201,
        "Operating Income": 52,
        "EBIT": 69,
        "Net Income": 30
    },
    "2021-12-31": {
        "Diluted EPS": 0.41,
        "Total Revenue": 927,
        "Gross Profit": 212,
        "Operating Income": 61,
        "EBIT": 78,
        "Net Income": 75
    },
    "2021-09-30": {
        "Diluted EPS": 0.2,
        "Total Revenue": 892,
        "Gross Profit": 203,
        "Operating Income": 53,
        "EBIT": 71,
        "Net Income": 35
    },
    "2021-06-30": {
        "Diluted EPS": 0.18,
        "Total Revenue": 860,
        "Gross Profit": 199,
        "Operating Income": 48,
        "EBIT": 67,
        "Net Income": 32
    },
    "2021-03-31": {
        "Diluted EPS": -0.02,
        "Total Revenue": 759,
        "Gross Profit": 165,
        "Operating Income": 29,
        "EBIT": 48,
        "Net Income": -3
    },
    "2020-12-31": {
        "Diluted EPS": 0.1,
        "Total Revenue": 805,
        "Gross Profit": 184,
        "Operating Income": 44,
        "EBIT": 64,
        "Net Income": 18
    },
    "2020-09-30": {
        "Diluted EPS": 0.01,
        "Total Revenue": 782,
        "Gross Profit": 174,
        "Operating Income": 35,
        "EBIT": 54,
        "Net Income": 2
    },
    "2020-06-30": {
        "Diluted EPS": -0.04,
        "Total Revenue": 741,
        "Gross Profit": 166,
        "Operating Income": 23,
        "EBIT": 45,
        "Net Income": -8
    },
    "2020-03-31": {
        "Diluted EPS": -0.11,
        "Total Revenue": 705,
        "Gross Profit": 158,
        "Operating Income": 9,
        "EBIT": 32,
        "Net Income": -20
    },
    "2019-12-31": {
        "Diluted EPS": -0.1,
        "Total Revenue": 721,
        "Gross Profit": 176,
        "Operating Income": 14,
        "EBIT": 34,
        "Net Income": -16
    },
    "2019-09-30": {
        "Diluted EPS": -0.26,
        "Total Revenue": 616,
        "Gross Profit": 138,
        "Operating Income": -12,
        "EBIT": 7,
        "Net Income": -43
    },
    "2019-06-30": {
        "Diluted EPS": -0.1,
        "Total Revenue": 497,
        "Gross Profit": 101,
        "Operating Income": -8,
        "EBIT": 4,
        "Net Income": -14
    },
    "2019-03-31": {
        "Diluted EPS": -0.03,
        "Total Revenue": 476,
        "Gross Profit": 98,
        "Operating Income": 5,
        "EBIT": 17,
        "Net Income": -4
    },
    "2018-12-31": {
        "Diluted EPS": 1.12,
        "Total Revenue": NaN,
        "Gross Profit": 199,
        "Operating Income": 27,
        "EBIT": 38,
        "Net Income": 26
    },
    "2018-09-30": {
        "Diluted EPS": 0.0,
        "Total Revenue": 494,
        "Gross Profit": 108,
        "Operating Income": 13,
        "EBIT": 29,
        "Net Income": 2
    },
    "2018-06-30": {
        "Diluted EPS": -0.56,
        "Total Revenue": 176,
        "Gross Profit": 60,
        "Operating Income": 2,
        "EBIT": 10,
        "Net Income": -18
    },
    "2018-03-31": {
        "Diluted EPS": -0.6,
        "Total Revenue": 169,
        "Gross Profit": 55,
        "Operating Income": -3,
        "EBIT": 5,
        "Net Income": -16
    },
    "2017-12-31": {
        "Diluted EPS": 2.27,
        "Total Revenue": NaN,
        "Gross Profit": 247,
        "Operating Income": 35,
        "EBIT": 50,
        "Net Income": 74
    },
    "2017-09-30": {
        "Diluted EPS": -0.48,
        "Total Revenue": 199,
        "Gross Profit": 67,
        "Operating Income": 0,
        "EBIT": 9,
        "Net Income": -16
    },
    "2017-06-30": {
        "Diluted EPS": -1.04,
        "Total Revenue": 218,
        "Gross Profit": 68,
        "Operating Income": -2,
        "EBIT": 7,
        "Net Income": -32
    },
    "2017-03-31": {
        "Diluted EPS": -0.72,
        "Total Revenue": 218,
        "Gross Profit": 65,
        "Operating Income": -6,
        "EBIT": 2,
        "Net Income": -22
    },
    "2016-12-31": {
        "Diluted EPS": -0.48,
        "Total Revenue": 240,
        "Gross Profit": 71,
        "Operating Income": -7,
        "EBIT": 3,
        "Net Income": -16
    },
    "2016-09-30": {
        "Diluted EPS": -0.48,
        "Total Revenue": 225,
        "Gross Profit": 63,
        "Operating Income": -4,
        "EBIT": 1,
        "Net Income": -14
    },
    "2016-06-30": {
        "Diluted EPS": -0.56,
        "Total Revenue": 232,
        "Gross Profit": 64,
        "Operating Income": 1,
        "EBIT": 7,
        "Net Income": -10
    },
    "2016-03-31": {
        "Diluted EPS": -0.68,
        "Total Revenue": 238,
        "Gross Profit": 64,
        "Operating Income": -1,
        "EBIT": 4,
        "Net Income": -12
    },
    "2015-12-31": {
        "Diluted EPS": -1.2,
        "Total Revenue": 244,
        "Gross Profit": 65,
        "Operating Income": -8,
        "EBIT": -2,
        "Net Income": -21
    },
    "2015-09-30": {
        "Diluted EPS": -1.12,
        "Total Revenue": 247,
        "Gross Profit": 65,
        "Operating Income": -20,
        "EBIT": -13,
        "Net Income": -19
    },
    "2015-06-30": {
        "Diluted EPS": -14.48,
        "Total Revenue": 247,
        "Gross Profit": 65,
        "Operating Income": -256,
        "EBIT": -248,
        "Net Income": -249
    },
    "2015-03-31": {
        "Diluted EPS": -1.24,
        "Total Revenue": 244,
        "Gross Profit": 65,
        "Operating Income": -6,
        "EBIT": 0,
        "Net Income": -21
    },
    "2014-12-31": {
        "Diluted EPS": -3.72,
        "Total Revenue": 205,
        "Gross Profit": 60,
        "Operating Income": -52,
        "EBIT": -46,
        "Net Income": -64
    },
    "2014-09-30": {
        "Diluted EPS": -2.24,
        "Total Revenue": 231,
        "Gross Profit": 61,
        "Operating Income": -28,
        "EBIT": -21,
        "Net Income": -39
    },
    "2014-06-30": {
        "Diluted EPS": -1.16,
        "Total Revenue": 247,
        "Gross Profit": 65,
        "Operating Income": -6,
        "EBIT": 0,
        "Net Income": -20
    },
    "2014-03-31": {
        "Diluted EPS": -1.48,
        "Total Revenue": 239,
        "Gross Profit": 65,
        "Operating Income": -11,
        "EBIT": -4,
        "Net Income": -25
    },
    "2013-12-31": {
        "Diluted EPS": -1.08,
        "Total Revenue": 152,
        "Gross Profit": 31,
        "Operating Income": -21,
        "EBIT": -13,
        "Net Income": -19
    },
    "2013-09-30": {
        "Diluted EPS": -2.12,
        "Total Revenue": 191,
        "Gross Profit": 62,
        "Operating Income": -1,
        "EBIT": 4,
        "Net Income": -34
    },
    "2013-06-30": {
        "Diluted EPS": -0.56,
        "Total Revenue": 172,
        "Gross Profit": 58,
        "Operating Income": -3,
        "EBIT": 2,
        "Net Income": -9
    },
    "2013-03-31": {
        "Diluted EPS": -0.56,
        "Total Revenue": 181,
        "Gross Profit": 56,
        "Operating Income": -2,
        "EBIT": 3,
        "Net Income": -8
    },
    "2012-12-31": {
        "Diluted EPS": 0.44,
        "Total Revenue": 112,
        "Gross Profit": 31,
        "Operating Income": -3,
        "EBIT": 1,
        "Net Income": 7
    },
    "2012-09-30": {
        "Diluted EPS": -0.8,
        "Total Revenue": 170,
        "Gross Profit": 58,
        "Operating Income": 3,
        "EBIT": 7,
        "Net Income": -12
    },
    "2012-06-30": {
        "Diluted EPS": 5.16,
        "Total Revenue": 156,
        "Gross Profit": 53,
        "Operating Income": 3,
        "EBIT": 6,
        "Net Income": 72
    },
    "2012-03-31": {
        "Diluted EPS": -0.2,
        "Total Revenue": 156,
        "Gross Profit": 54,
        "Operating Income": 4,
        "EBIT": 7,
        "Net Income": -3
    },
    "2011-12-31": {
        "Diluted EPS": 0.48,
        "Total Revenue": 158,
        "Gross Profit": 59,
        "Operating Income": 12,
        "EBIT": 15,
        "Net Income": 7
    },
    "2011-09-30": {
        "Diluted EPS": 0.04,
        "Total Revenue": 134,
        "Gross Profit": 54,
        "Operating Income": 4,
        "EBIT": 7,
        "Net Income": 1
    },
    "2011-06-30": {
        "Diluted EPS": -0.16,
        "Total Revenue": 132,
        "Gross Profit": 52,
        "Operating Income": 4,
        "EBIT": 7,
        "Net Income": -2
    },
    "2011-03-31": {
        "Diluted EPS": 0.2,
        "Total Revenue": 131,
        "Gross Profit": 51,
        "Operating Income": 5,
        "EBIT": 8,
        "Net Income": 3
    },
    "2010-12-31": {
        "Diluted EPS": -5.0,
        "Total Revenue": 450,
        "Gross Profit": 73,
        "Operating Income": -4,
        "EBIT": -4,
        "Net Income": -67
    },
    "2010-09-30": {
        "Diluted EPS": 0.16,
        "Total Revenue": 441,
        "Gross Profit": 75,
        "Operating Income": 12,
        "EBIT": 16,
        "Net Income": 2
    },
    "2010-06-30": {
        "Diluted EPS": 0.24,
        "Total Revenue": 412,
        "Gross Profit": 74,
        "Operating Income": 14,
        "EBIT": 17,
        "Net Income": 3
    },
    "2010-03-31": {
        "Diluted EPS": -0.72,
        "Total Revenue": 335,
        "Gross Profit": 39,
        "Operating Income": -6,
        "EBIT": -4,
        "Net Income": -7
    },
    "2009-12-31": {
        "Diluted EPS": 3.96,
        "Total Revenue": 342,
        "Gross Profit": 42,
        "Operating Income": -1,
        "EBIT": 1,
        "Net Income": 41
    },
    "2009-09-30": {
        "Diluted EPS": 0.56,
        "Total Revenue": 333,
        "Gross Profit": 41,
        "Operating Income": 7,
        "EBIT": 8,
        "Net Income": 6
    },
    "2009-06-30": {
        "Diluted EPS": 0.44,
        "Total Revenue": 329,
        "Gross Profit": 38,
        "Operating Income": 5,
        "EBIT": 6,
        "Net Income": 4
    },
    "2009-03-31": {
        "Diluted EPS": 0.32,
        "Total Revenue": 326,
        "Gross Profit": 36,
        "Operating Income": 4,
        "EBIT": 5,
        "Net Income": 3
    },
    "2023-09-30": {
        "Tax Effect Of Unusual Items": NaN,
        "Tax Rate For Calcs": NaN,
        "Normalized EBITDA": NaN,
        "Net Income From Continuing Operation Net Minority Interest": NaN,
        "Reconciled Depreciation": NaN,
        "Reconciled Cost Of Revenue": NaN,
        "EBITDA": NaN,
        "EBIT": NaN,
        "Net Interest Income": NaN,
        "Interest Expense": NaN,
        "Normalized Income": NaN,
        "Net Income From Continuing And Discontinued Operation": NaN,
        "Total Expenses": NaN,
        "Total Operating Income As Reported": NaN,
        "Diluted Average Shares": 180528000.0,
        "Basic Average Shares": 178826000.0,
        "Diluted EPS": 0.31,
        "Basic EPS": 0.31,
        "Diluted NI Availto Com Stockholders": NaN,
        "Net Income Common Stockholders": NaN,
        "Net Income": NaN,
        "Net Income Including Noncontrolling Interests": NaN,
        "Net Income Continuous Operations": NaN,
        "Tax Provision": NaN,
        "Pretax Income": NaN,
        "Other Income Expense": NaN,
        "Other Non Operating Income Expenses": NaN,
        "Earnings From Equity Interest": NaN,
        "Net Non Operating Interest Income Expense": NaN,
        "Interest Expense Non Operating": NaN,
        "Operating Income": NaN,
        "Operating Expense": NaN,
        "Depreciation Amortization Depletion Income Statement": NaN,
        "Depreciation And Amortization In Income Statement": NaN,
        "Selling General And Administration": NaN,
        "Gross Profit": NaN,
        "Cost Of Revenue": NaN,
        "Total Revenue": NaN,
        "Operating Revenue": NaN
    },
    "2023-12-31": {
        "Tax Effect Of Unusual Items": 0.0,
        "Tax Rate For Calcs": 0.275553,
        "Normalized EBITDA": 107134000.0,
        "Net Income From Continuing Operation Net Minority Interest": 57177000.0,
        "Reconciled Depreciation": 15777000.0,
        "Reconciled Cost Of Revenue": 876274000.0,
        "EBITDA": 107134000.0,
        "EBIT": 91357000.0,
        "Net Interest Income": -12432000.0,
        "Interest Expense": 12432000.0,
        "Normalized Income": 57177000.0,
        "Net Income From Continuing And Discontinued Operation": 57177000.0,
        "Total Expenses": 1039834000.0,
        "Total Operating Income As Reported": 84556000.0,
        "Diluted Average Shares": 177743000.0,
        "Basic Average Shares": 176055000.0,
        "Diluted EPS": 0.32,
        "Basic EPS": 0.32,
        "Diluted NI Availto Com Stockholders": 57177000.0,
        "Net Income Common Stockholders": 57177000.0,
        "Net Income": 57177000.0,
        "Net Income Including Noncontrolling Interests": 57177000.0,
        "Net Income Continuous Operations": 57177000.0,
        "Tax Provision": 21748000.0,
        "Pretax Income": 78925000.0,
        "Other Income Expense": 6801000.0,
        "Other Non Operating Income Expenses": 5378000.0,
        "Earnings From Equity Interest": 1423000.0,
        "Net Non Operating Interest Income Expense": -12432000.0,
        "Interest Expense Non Operating": 12432000.0,
        "Operating Income": 84556000.0,
        "Operating Expense": 162567000.0,
        "Depreciation Amortization Depletion Income Statement": 14784000.0,
        "Depreciation And Amortization In Income Statement": 14784000.0,
        "Selling General And Administration": 147783000.0,
        "Gross Profit": 247123000.0,
        "Cost Of Revenue": 877267000.0,
        "Total Revenue": 1124390000.0,
        "Operating Revenue": 1124390000.0
    },
    "2024-03-31": {
        "Tax Effect Of Unusual Items": 0.0,
        "Tax Rate For Calcs": 0.214,
        "Normalized EBITDA": 85462000.0,
        "Net Income From Continuing Operation Net Minority Interest": 44791000.0,
        "Reconciled Depreciation": 15305000.0,
        "Reconciled Cost Of Revenue": 906975000.0,
        "EBITDA": 85462000.0,
        "EBIT": 70157000.0,
        "Net Interest Income": -13202000.0,
        "Interest Expense": 13202000.0,
        "Normalized Income": 44791000.0,
        "Net Income From Continuing And Discontinued Operation": 44791000.0,
        "Total Expenses": 1077022000.0,
        "Total Operating Income As Reported": 69030000.0,
        "Diluted Average Shares": 175624000.0,
        "Basic Average Shares": 173928000.0,
        "Diluted EPS": 0.26,
        "Basic EPS": 0.26,
        "Diluted NI Availto Com Stockholders": 44791000.0,
        "Net Income Common Stockholders": 44791000.0,
        "Net Income": 44791000.0,
        "Net Income Including Noncontrolling Interests": 44791000.0,
        "Net Income Continuous Operations": 44791000.0,
        "Tax Provision": 12164000.0,
        "Pretax Income": 56955000.0,
        "Other Income Expense": 1127000.0,
        "Other Non Operating Income Expenses": 2000.0,
        "Earnings From Equity Interest": 1125000.0,
        "Net Non Operating Interest Income Expense": -13202000.0,
        "Interest Expense Non Operating": 13202000.0,
        "Operating Income": 69030000.0,
        "Operating Expense": 169470000.0,
        "Depreciation Amortization Depletion Income Statement": 14728000.0,
        "Depreciation And Amortization In Income Statement": 14728000.0,
        "Selling General And Administration": 154742000.0,
        "Gross Profit": 238500000.0,
        "Cost Of Revenue": 907552000.0,
        "Total Revenue": 1146052000.0,
        "Operating Revenue": 1146052000.0
    },
    "2024-06-30": {
        "Tax Effect Of Unusual Items": 0.0,
        "Tax Rate For Calcs": 0.264,
        "Normalized EBITDA": 100141000.0,
        "Net Income From Continuing Operation Net Minority Interest": 53043000.0,
        "Reconciled Depreciation": 15497000.0,
        "Reconciled Cost Of Revenue": 977231000.0,
        "EBITDA": 100141000.0,
        "EBIT": 84644000.0,
        "Net Interest Income": -12603000.0,
        "Interest Expense": 12603000.0,
        "Normalized Income": 53043000.0,
        "Net Income From Continuing And Discontinued Operation": 53043000.0,
        "Total Expenses": 1146511000.0,
        "Total Operating Income As Reported": 80675000.0,
        "Diluted Average Shares": 174090000.0,
        "Basic Average Shares": 172927000.0,
        "Diluted EPS": 0.3,
        "Basic EPS": 0.31,
        "Diluted NI Availto Com Stockholders": 53043000.0,
        "Net Income Common Stockholders": 53043000.0,
        "Net Income": 53043000.0,
        "Net Income Including Noncontrolling Interests": 53043000.0,
        "Net Income Continuous Operations": 53043000.0,
        "Tax Provision": 18998000.0,
        "Pretax Income": 72041000.0,
        "Other Income Expense": 3969000.0,
        "Other Non Operating Income Expenses": 2564000.0,
        "Earnings From Equity Interest": 1405000.0,
        "Net Non Operating Interest Income Expense": -12603000.0,
        "Interest Expense Non Operating": 12603000.0,
        "Operating Income": 80675000.0,
        "Operating Expense": 168690000.0,
        "Depreciation Amortization Depletion Income Statement": 14907000.0,
        "Depreciation And Amortization In Income Statement": 14907000.0,
        "Selling General And Administration": 153783000.0,
        "Gross Profit": 249365000.0,
        "Cost Of Revenue": 977821000.0,
        "Total Revenue": 1227186000.0,
        "Operating Revenue": 1227186000.0
    },
    "2024-09-30": {
        "Tax Effect Of Unusual Items": 0.0,
        "Tax Rate For Calcs": 0.268,
        "Normalized EBITDA": 101126000.0,
        "Net Income From Continuing Operation Net Minority Interest": 53856000.0,
        "Reconciled Depreciation": 15227000.0,
        "Reconciled Cost Of Revenue": 1021229000.0,
        "EBITDA": 101126000.0,
        "EBIT": 85899000.0,
        "Net Interest Income": -12345000.0,
        "Interest Expense": 12345000.0,
        "Normalized Income": 53856000.0,
        "Net Income From Continuing And Discontinued Operation": 53856000.0,
        "Total Expenses": 1193455000.0,
        "Total Operating Income As Reported": 85091000.0,
        "Diluted Average Shares": 171941000.0,
        "Basic Average Shares": 170636000.0,
        "Diluted EPS": 0.31,
        "Basic EPS": 0.32,
        "Diluted NI Availto Com Stockholders": 53856000.0,
        "Net Income Common Stockholders": 53856000.0,
        "Net Income": 53856000.0,
        "Net Income Including Noncontrolling Interests": 53856000.0,
        "Net Income Continuous Operations": 53856000.0,
        "Tax Provision": 19698000.0,
        "Pretax Income": 73554000.0,
        "Other Income Expense": 808000.0,
        "Other Non Operating Income Expenses": -583000.0,
        "Earnings From Equity Interest": 1391000.0,
        "Net Non Operating Interest Income Expense": -12345000.0,
        "Interest Expense Non Operating": 12345000.0,
        "Operating Income": 85091000.0,
        "Operating Expense": 171658000.0,
        "Depreciation Amortization Depletion Income Statement": 14659000.0,
        "Depreciation And Amortization In Income Statement": 14659000.0,
        "Selling General And Administration": 156999000.0,
        "Gross Profit": 256749000.0,
        "Cost Of Revenue": 1021797000.0,
        "Total Revenue": 1278546000.0,
        "Operating Revenue": 1278546000.0
    },
    "2024-12-31": {
        "Tax Effect Of Unusual Items": 0.0,
        "Tax Rate For Calcs": 0.258066,
        "Normalized EBITDA": 109397000.0,
        "Net Income From Continuing Operation Net Minority Interest": 60133000.0,
        "Reconciled Depreciation": 17469000.0,
        "Reconciled Cost Of Revenue": 1077185000.0,
        "EBITDA": 109397000.0,
        "EBIT": 91928000.0,
        "Net Interest Income": -10879000.0,
        "Interest Expense": 10879000.0,
        "Normalized Income": 60133000.0,
        "Net Income From Continuing And Discontinued Operation": 60133000.0,
        "Total Expenses": 1259381000.0,
        "Total Operating Income As Reported": 87037000.0,
        "Diluted Average Shares": 169980000.0,
        "Basic Average Shares": 168816000.0,
        "Diluted EPS": 0.35,
        "Basic EPS": 0.36,
        "Diluted NI Availto Com Stockholders": 60133000.0,
        "Net Income Common Stockholders": 60133000.0,
        "Net Income": 60133000.0,
        "Net Income Including Noncontrolling Interests": 60133000.0,
        "Net Income Continuous Operations": 60133000.0,
        "Tax Provision": 20916000.0,
        "Pretax Income": 81049000.0,
        "Other Income Expense": 4891000.0,
        "Other Non Operating Income Expenses": 2848000.0,
        "Earnings From Equity Interest": 2043000.0,
        "Net Non Operating Interest Income Expense": -10879000.0,
        "Interest Expense Non Operating": 10879000.0,
        "Operating Income": 87037000.0,
        "Operating Expense": 181342000.0,
        "Depreciation Amortization Depletion Income Statement": 16615000.0,
        "Depreciation And Amortization In Income Statement": 16615000.0,
        "Selling General And Administration": 164727000.0,
        "Gross Profit": 268379000.0,
        "Cost Of Revenue": 1078039000.0,
        "Total Revenue": 1346418000.0,
        "Operating Revenue": 1346418000.0
    }
}