{
    "2023-03-31": {
        "Tax Effect Of Unusual Items": NaN,
        "Tax Rate For Calcs": NaN,
        "Normalized EBITDA": NaN,
        "Total Unusual Items": NaN,
        "Total Unusual Items Excluding Goodwill": NaN,
        "Net Income From Continuing Operation Net Minority Interest": NaN,
        "Reconciled Depreciation": NaN,
        "Reconciled Cost Of Revenue": NaN,
        "EBITDA": NaN,
        "EBIT": NaN,
        "Net Interest Income": NaN,
        "Interest Expense": NaN,
        "Normalized Income": NaN,
        "Net Income From Continuing And Discontinued Operation": NaN,
        "Total Expenses": NaN,
        "Total Operating Income As Reported": NaN,
        "Diluted Average Shares": NaN,
        "Basic Average Shares": NaN,
        "Diluted EPS": NaN,
        "Basic EPS": NaN,
        "Diluted NI Availto Com Stockholders": NaN,
        "Net Income Common Stockholders": NaN,
        "Net Income": NaN,
        "Net Income Including Noncontrolling Interests": NaN,
        "Net Income Continuous Operations": NaN,
        "Tax Provision": NaN,
        "Pretax Income": NaN,
        "Other Income Expense": NaN,
        "Other Non Operating Income Expenses": NaN,
        "Special Income Charges": NaN,
        "Other Special Charges": -78000000.0,
        "Restructuring And Mergern Acquisition": NaN,
        "Net Non Operating Interest Income Expense": NaN,
        "Interest Expense Non Operating": NaN,
        "Operating Income": NaN,
        "Operating Expense": NaN,
        "Research And Development": NaN,
        "Selling General And Administration": NaN,
        "Selling And Marketing Expense": NaN,
        "General And Administrative Expense": NaN,
        "Other Gand A": NaN,
        "Gross Profit": NaN,
        "Cost Of Revenue": NaN,
        "Total Revenue": NaN,
        "Operating Revenue": NaN
    },
    "2022-12-31": {
        "Tax Effect Of Unusual Items": NaN,
        "Tax Rate For Calcs": NaN,
        "Normalized EBITDA": NaN,
        "Total Unusual Items": NaN,
        "Total Unusual Items Excluding Goodwill": NaN,
        "Net Income From Continuing Operation Net Minority Interest": NaN,
        "Reconciled Depreciation": NaN,
        "Reconciled Cost Of Revenue": NaN,
        "EBITDA": NaN,
        "EBIT": NaN,
        "Net Interest Income": NaN,
        "Interest Expense": NaN,
        "Normalized Income": NaN,
        "Net Income From Continuing And Discontinued Operation": NaN,
        "Total Expenses": NaN,
        "Total Operating Income As Reported": NaN,
        "Diluted Average Shares": 634595000.0,
        "Basic Average Shares": 634595000.0,
        "Diluted EPS": -0.63,
        "Basic EPS": -0.63,
        "Diluted NI Availto Com Stockholders": NaN,
        "Net Income Common Stockholders": NaN,
        "Net Income": NaN,
        "Net Income Including Noncontrolling Interests": NaN,
        "Net Income Continuous Operations": NaN,
        "Tax Provision": NaN,
        "Pretax Income": NaN,
        "Other Income Expense": NaN,
        "Other Non Operating Income Expenses": NaN,
        "Special Income Charges": NaN,
        "Other Special Charges": NaN,
        "Restructuring And Mergern Acquisition": NaN,
        "Net Non Operating Interest Income Expense": NaN,
        "Interest Expense Non Operating": NaN,
        "Operating Income": NaN,
        "Operating Expense": NaN,
        "Research And Development": NaN,
        "Selling General And Administration": NaN,
        "Selling And Marketing Expense": NaN,
        "General And Administrative Expense": NaN,
        "Other Gand A": NaN,
        "Gross Profit": NaN,
        "Cost Of Revenue": NaN,
        "Total Revenue": NaN,
        "Operating Revenue": NaN
    },
    "2022-09-30": {
        "Tax Effect Of Unusual Items": NaN,
        "Tax Rate For Calcs": NaN,
        "Normalized EBITDA": NaN,
        "Total Unusual Items": NaN,
        "Total Unusual Items Excluding Goodwill": NaN,
        "Net Income From Continuing Operation Net Minority Interest": NaN,
        "Reconciled Depreciation": NaN,
        "Reconciled Cost Of Revenue": NaN,
        "EBITDA": NaN,
        "EBIT": NaN,
        "Net Interest Income": NaN,
        "Interest Expense": NaN,
        "Normalized Income": NaN,
        "Net Income From Continuing And Discontinued Operation": NaN,
        "Total Expenses": NaN,
        "Total Operating Income As Reported": NaN,
        "Diluted Average Shares": NaN,
        "Basic Average Shares": NaN,
        "Diluted EPS": NaN,
        "Basic EPS": NaN,
        "Diluted NI Availto Com Stockholders": NaN,
        "Net Income Common Stockholders": NaN,
        "Net Income": NaN,
        "Net Income Including Noncontrolling Interests": NaN,
        "Net Income Continuous Operations": NaN,
        "Tax Provision": NaN,
        "Pretax Income": NaN,
        "Other Income Expense": NaN,
        "Other Non Operating Income Expenses": NaN,
        "Special Income Charges": NaN,
        "Other Special Charges": NaN,
        "Restructuring And Mergern Acquisition": 0.0,
        "Net Non Operating Interest Income Expense": NaN,
        "Interest Expense Non Operating": NaN,
        "Operating Income": NaN,
        "Operating Expense": NaN,
        "Research And Development": NaN,
        "Selling General And Administration": NaN,
        "Selling And Marketing Expense": NaN,
        "General And Administrative Expense": NaN,
        "Other Gand A": NaN,
        "Gross Profit": NaN,
        "Cost Of Revenue": NaN,
        "Total Revenue": NaN,
        "Operating Revenue": NaN
    },
    "2022-06-30": {
        "Tax Effect Of Unusual Items": 0.0,
        "Tax Rate For Calcs": 0.4,
        "Normalized EBITDA": 58000000.0,
        "Total Unusual Items": NaN,
        "Total Unusual Items Excluding Goodwill": NaN,
        "Net Income From Continuing Operation Net Minority Interest": -54000000.0,
        "Reconciled Depreciation": 22000000.0,
        "Reconciled Cost Of Revenue": 3712000000.0,
        "EBITDA": 58000000.0,
        "EBIT": 36000000.0,
        "Net Interest Income": -89000000.0,
        "Interest Expense": 89000000.0,
        "Normalized Income": -54000000.0,
        "Net Income From Continuing And Discontinued Operation": -54000000.0,
        "Total Expenses": 4166000000.0,
        "Total Operating Income As Reported": 32000000.0,
        "Diluted Average Shares": 624958000.0,
        "Basic Average Shares": 624958000.0,
        "Diluted EPS": -0.09,
        "Basic EPS": -0.09,
        "Diluted NI Availto Com Stockholders": -54000000.0,
        "Net Income Common Stockholders": -54000000.0,
        "Net Income": -54000000.0,
        "Net Income Including Noncontrolling Interests": -54000000.0,
        "Net Income Continuous Operations": -54000000.0,
        "Tax Provision": 1000000.0,
        "Pretax Income": -53000000.0,
        "Other Income Expense": 4000000.0,
        "Other Non Operating Income Expenses": 4000000.0,
        "Special Income Charges": NaN,
        "Other Special Charges": NaN,
        "Impairment Of Capital Assets": NaN,
        "Restructuring And Mergern Acquisition": NaN,
        "Net Non Operating Interest Income Expense": -89000000.0,
        "Interest Expense Non Operating": 89000000.0,
        "Operating Income": 32000000.0,
        "Operating Expense": 454000000.0,
        "Research And Development": 41000000.0,
        "Selling General And Administration": 413000000.0,
        "Selling And Marketing Expense": 276000000.0,
        "General And Administrative Expense": 137000000.0,
        "Other Gand A": 137000000.0,
        "Gross Profit": 486000000.0,
        "Cost Of Revenue": 3712000000.0,
        "Total Revenue": 4198000000.0,
        "Operating Revenue": 4198000000.0
    },
    "2023-06-30": {
        "Tax Effect Of Unusual Items": NaN,
        "Tax Rate For Calcs": NaN,
        "Normalized EBITDA": NaN,
        "Total Unusual Items": NaN,
        "Total Unusual Items Excluding Goodwill": NaN,
        "Net Income From Continuing Operation Net Minority Interest": NaN,
        "Reconciled Depreciation": NaN,
        "Reconciled Cost Of Revenue": NaN,
        "EBITDA": NaN,
        "EBIT": NaN,
        "Net Interest Income": NaN,
        "Interest Expense": NaN,
        "Normalized Income": NaN,
        "Net Income From Continuing And Discontinued Operation": NaN,
        "Total Expenses": NaN,
        "Total Operating Income As Reported": NaN,
        "Diluted Average Shares": NaN,
        "Basic Average Shares": NaN,
        "Diluted EPS": NaN,
        "Basic EPS": NaN,
        "Diluted NI Availto Com Stockholders": NaN,
        "Net Income Common Stockholders": NaN,
        "Net Income": NaN,
        "Net Income Including Noncontrolling Interests": NaN,
        "Net Income Continuous Operations": NaN,
        "Tax Provision": NaN,
        "Pretax Income": NaN,
        "Other Income Expense": NaN,
        "Other Non Operating Income Expenses": NaN,
        "Special Income Charges": NaN,
        "Other Special Charges": -104000000.0,
        "Restructuring And Mergern Acquisition": NaN,
        "Net Non Operating Interest Income Expense": NaN,
        "Interest Expense Non Operating": NaN,
        "Operating Income": NaN,
        "Operating Expense": NaN,
        "Research And Development": NaN,
        "Selling General And Administration": NaN,
        "Selling And Marketing Expense": NaN,
        "General And Administrative Expense": NaN,
        "Other Gand A": NaN,
        "Gross Profit": NaN,
        "Cost Of Revenue": NaN,
        "Total Revenue": NaN,
        "Operating Revenue": NaN
    },
    "2022-03-31": {
        "Diluted EPS": 0.28,
        "Total Revenue": 882,
        "Gross Profit": 608,
        "Operating Income": 132,
        "EBIT": 258,
        "Net Income": 75
    },
    "2021-12-31": {
        "Diluted EPS": 0.32,
        "Total Revenue": 877,
        "Gross Profit": 616,
        "Operating Income": 193,
        "EBIT": 321,
        "Net Income": 88
    },
    "2021-09-30": {
        "Diluted EPS": 0.48,
        "Total Revenue": 832,
        "Gross Profit": 574,
        "Operating Income": 183,
        "EBIT": 310,
        "Net Income": 132
    },
    "2021-06-30": {
        "Diluted EPS": 0.67,
        "Total Revenue": 894,
        "Gross Profit": 622,
        "Operating Income": 172,
        "EBIT": 300,
        "Net Income": 181
    },
    "2021-03-31": {
        "Diluted EPS": 0.33,
        "Total Revenue": 833,
        "Gross Profit": 572,
        "Operating Income": 152,
        "EBIT": 283,
        "Net Income": 91
    },
    "2020-12-31": {
        "Diluted EPS": -0.24,
        "Total Revenue": 856,
        "Gross Profit": 603,
        "Operating Income": 234,
        "EBIT": 365,
        "Net Income": -65
    },
    "2020-09-30": {
        "Diluted EPS": 0.38,
        "Total Revenue": 804,
        "Gross Profit": 555,
        "Operating Income": 182,
        "EBIT": 319,
        "Net Income": 103
    },
    "2020-06-30": {
        "Diluted EPS": 0.09,
        "Total Revenue": 827,
        "Gross Profit": 566,
        "Operating Income": 91,
        "EBIT": 272,
        "Net Income": 26
    },
    "2020-03-31": {
        "Diluted EPS": 0.1,
        "Total Revenue": 815,
        "Gross Profit": 532,
        "Operating Income": 95,
        "EBIT": 244,
        "Net Income": 26
    },
    "2019-12-31": {
        "Diluted EPS": 0.4,
        "Total Revenue": 772,
        "Gross Profit": 539,
        "Operating Income": 185,
        "EBIT": 300,
        "Net Income": 107
    },
    "2019-09-30": {
        "Diluted EPS": 0.27,
        "Total Revenue": 697,
        "Gross Profit": 468,
        "Operating Income": 133,
        "EBIT": 243,
        "Net Income": 74
    },
    "2019-06-30": {
        "Diluted EPS": 0.27,
        "Total Revenue": 747,
        "Gross Profit": 510,
        "Operating Income": 158,
        "EBIT": 276,
        "Net Income": 72
    },
    "2019-03-31": {
        "Diluted EPS": 0.27,
        "Total Revenue": 719,
        "Gross Profit": 480,
        "Operating Income": 136,
        "EBIT": 255,
        "Net Income": 73
    },
    "2018-12-31": {
        "Diluted EPS": 0.39,
        "Total Revenue": 735,
        "Gross Profit": 507,
        "Operating Income": 174,
        "EBIT": 293,
        "Net Income": 104
    },
    "2018-09-30": {
        "Diluted EPS": 0.13,
        "Total Revenue": 667,
        "Gross Profit": 441,
        "Operating Income": 99,
        "EBIT": 218,
        "Net Income": 36
    },
    "2018-06-30": {
        "Diluted EPS": 0.23,
        "Total Revenue": 754,
        "Gross Profit": 509,
        "Operating Income": 149,
        "EBIT": 269,
        "Net Income": 62
    },
    "2018-03-31": {
        "Diluted EPS": 0.22,
        "Total Revenue": 686,
        "Gross Profit": 443,
        "Operating Income": 103,
        "EBIT": 222,
        "Net Income": 59
    },
    "2017-12-31": {
        "Diluted EPS": 0.32,
        "Total Revenue": 734,
        "Gross Profit": 494,
        "Operating Income": 167,
        "EBIT": 285,
        "Net Income": 85
    },
    "2017-09-30": {
        "Diluted EPS": 0.14,
        "Total Revenue": 641,
        "Gross Profit": 417,
        "Operating Income": 88,
        "EBIT": 197,
        "Net Income": 37
    },
    "2017-06-30": {
        "Diluted EPS": 0.02,
        "Total Revenue": 664,
        "Gross Profit": 444,
        "Operating Income": 106,
        "EBIT": 211,
        "Net Income": 46
    },
    "2017-03-31": {
        "Diluted EPS": 0.08,
        "Total Revenue": 593,
        "Gross Profit": 383,
        "Operating Income": 65,
        "EBIT": 165,
        "Net Income": 22
    },
    "2016-12-31": {
        "Diluted EPS": 0.18,
        "Total Revenue": 543,
        "Gross Profit": 375,
        "Operating Income": 107,
        "EBIT": 185,
        "Net Income": 45
    },
    "2016-09-30": {
        "Diluted EPS": 3.73,
        "Total Revenue": 492,
        "Gross Profit": 327,
        "Operating Income": 74,
        "EBIT": 150,
        "Net Income": 913
    },
    "2016-06-30": {
        "Diluted EPS": 0.36,
        "Total Revenue": 484,
        "Gross Profit": 331,
        "Operating Income": 93,
        "EBIT": 160,
        "Net Income": 86
    },
    "2016-03-31": {
        "Diluted EPS": 0.28,
        "Total Revenue": 441,
        "Gross Profit": 299,
        "Operating Income": 89,
        "EBIT": 152,
        "Net Income": 69
    },
    "2015-12-31": {
        "Diluted EPS": 0.36,
        "Total Revenue": 465,
        "Gross Profit": 326,
        "Operating Income": 110,
        "EBIT": 173,
        "Net Income": 88
    },
    "2015-09-30": {
        "Diluted EPS": 0.17,
        "Total Revenue": 435,
        "Gross Profit": 294,
        "Operating Income": 76,
        "EBIT": 141,
        "Net Income": 41
    },
    "2015-06-30": {
        "Diluted EPS": 0.28,
        "Total Revenue": 483,
        "Gross Profit": 332,
        "Operating Income": 83,
        "EBIT": 151,
        "Net Income": 69
    },
    "2015-03-31": {
        "Diluted EPS": 0.11,
        "Total Revenue": 448,
        "Gross Profit": 295,
        "Operating Income": 53,
        "EBIT": 120,
        "Net Income": 27
    },
    "2014-12-31": {
        "Diluted EPS": 0.3,
        "Total Revenue": 468,
        "Gross Profit": 319,
        "Operating Income": 111,
        "EBIT": 170,
        "Net Income": 74
    },
    "2014-09-30": {
        "Diluted EPS": 0.27,
        "Total Revenue": 454,
        "Gross Profit": 307,
        "Operating Income": 103,
        "EBIT": 163,
        "Net Income": 65
    },
    "2014-06-30": {
        "Diluted EPS": 0.36,
        "Total Revenue": 494,
        "Gross Profit": 342,
        "Operating Income": 108,
        "EBIT": 168,
        "Net Income": 88
    },
    "2014-03-31": {
        "Diluted EPS": 0.19,
        "Total Revenue": 443,
        "Gross Profit": 298,
        "Operating Income": 67,
        "EBIT": 123,
        "Net Income": 46
    },
    "2013-12-31": {
        "Diluted EPS": 0.23,
        "Total Revenue": 364,
        "Gross Profit": 256,
        "Operating Income": 74,
        "EBIT": 110,
        "Net Income": 54
    },
    "2013-09-30": {
        "Diluted EPS": 0.13,
        "Total Revenue": 324,
        "Gross Profit": 218,
        "Operating Income": 52,
        "EBIT": 101,
        "Net Income": 31
    },
    "2013-06-30": {
        "Diluted EPS": 0.18,
        "Total Revenue": 347,
        "Gross Profit": 229,
        "Operating Income": 49,
        "EBIT": 100,
        "Net Income": 42
    },
    "2013-03-31": {
        "Diluted EPS": 0.11,
        "Total Revenue": 338,
        "Gross Profit": 216,
        "Operating Income": 41,
        "EBIT": 90,
        "Net Income": 26
    },
    "2012-12-31": {
        "Diluted EPS": 0.26,
        "Total Revenue": 352,
        "Gross Profit": 228,
        "Operating Income": 67,
        "EBIT": 117,
        "Net Income": 61
    },
    "2012-09-30": {
        "Diluted EPS": 0.08,
        "Total Revenue": 326,
        "Gross Profit": 204,
        "Operating Income": 40,
        "EBIT": 91,
        "Net Income": 19
    },
    "2012-06-30": {
        "Diluted EPS": 0.04,
        "Total Revenue": 306,
        "Gross Profit": 201,
        "Operating Income": 40,
        "EBIT": 83,
        "Net Income": 8
    },
    "2012-03-31": {
        "Diluted EPS": 0.15,
        "Total Revenue": 292,
        "Gross Profit": 186,
        "Operating Income": 27,
        "EBIT": 71,
        "Net Income": 35
    },
    "2011-12-31": {
        "Diluted EPS": 0.2,
        "Total Revenue": 321,
        "Gross Profit": 216,
        "Operating Income": 55,
        "EBIT": 99,
        "Net Income": 47
    },
    "2011-09-30": {
        "Diluted EPS": 0.15,
        "Total Revenue": 288,
        "Gross Profit": 187,
        "Operating Income": 27,
        "EBIT": 69,
        "Net Income": 35
    },
    "2011-06-30": {
        "Diluted EPS": 0.12,
        "Total Revenue": 285,
        "Gross Profit": 190,
        "Operating Income": 30,
        "EBIT": 66,
        "Net Income": 29
    },
    "2011-03-31": {
        "Diluted EPS": 0.15,
        "Total Revenue": 263,
        "Gross Profit": 175,
        "Operating Income": 29,
        "EBIT": 63,
        "Net Income": 36
    },
    "2010-12-31": {
        "Diluted EPS": 0.16,
        "Total Revenue": 267,
        "Gross Profit": 183,
        "Operating Income": 56,
        "EBIT": 87,
        "Net Income": 37
    },
    "2010-09-30": {
        "Diluted EPS": 0.09,
        "Total Revenue": 217,
        "Gross Profit": 144,
        "Operating Income": 35,
        "EBIT": 65,
        "Net Income": 22
    },
    "2010-06-30": {
        "Diluted EPS": 0.22,
        "Total Revenue": 240,
        "Gross Profit": 164,
        "Operating Income": 7,
        "EBIT": 37,
        "Net Income": 52
    },
    "2010-03-31": {
        "Diluted EPS": 0.06,
        "Total Revenue": 213,
        "Gross Profit": 142,
        "Operating Income": 33,
        "EBIT": 61,
        "Net Income": 13
    },
    "2009-12-31": {
        "Diluted EPS": 0.09,
        "Total Revenue": 248,
        "Gross Profit": 170,
        "Operating Income": 46,
        "EBIT": 75,
        "Net Income": 21
    },
    "2009-09-30": {
        "Diluted EPS": 0.01,
        "Total Revenue": 211,
        "Gross Profit": 140,
        "Operating Income": 23,
        "EBIT": 51,
        "Net Income": 2
    },
    "2009-06-30": {
        "Diluted EPS": 0.09,
        "Total Revenue": 203,
        "Gross Profit": 138,
        "Operating Income": 36,
        "EBIT": 36,
        "Net Income": 19
    },
    "2009-03-31": {
        "Diluted EPS": 0.1,
        "Total Revenue": 192,
        "Gross Profit": 128,
        "Operating Income": 23,
        "EBIT": 23,
        "Net Income": 22
    },
    "2023-09-30": {
        "Tax Effect Of Unusual Items": NaN,
        "Tax Rate For Calcs": NaN,
        "Normalized EBITDA": NaN,
        "Total Unusual Items": NaN,
        "Total Unusual Items Excluding Goodwill": NaN,
        "Net Income From Continuing Operation Net Minority Interest": NaN,
        "Reconciled Depreciation": NaN,
        "Reconciled Cost Of Revenue": NaN,
        "EBITDA": NaN,
        "EBIT": NaN,
        "Net Interest Income": NaN,
        "Interest Expense": NaN,
        "Normalized Income": NaN,
        "Net Income From Continuing And Discontinued Operation": NaN,
        "Total Expenses": NaN,
        "Total Operating Income As Reported": NaN,
        "Diluted Average Shares": 662149000.0,
        "Basic Average Shares": 662149000.0,
        "Diluted EPS": -0.16,
        "Basic EPS": -0.16,
        "Diluted NI Availto Com Stockholders": NaN,
        "Net Income Common Stockholders": NaN,
        "Net Income": NaN,
        "Net Income Including Noncontrolling Interests": NaN,
        "Net Income Continuous Operations": NaN,
        "Tax Provision": NaN,
        "Pretax Income": NaN,
        "Other Income Expense": NaN,
        "Other Non Operating Income Expenses": NaN,
        "Special Income Charges": NaN,
        "Other Special Charges": NaN,
        "Restructuring And Mergern Acquisition": 0.0,
        "Net Non Operating Interest Income Expense": NaN,
        "Interest Expense Non Operating": NaN,
        "Operating Income": NaN,
        "Operating Expense": NaN,
        "Research And Development": NaN,
        "Selling General And Administration": NaN,
        "Selling And Marketing Expense": NaN,
        "General And Administrative Expense": NaN,
        "Other Gand A": NaN,
        "Gross Profit": NaN,
        "Cost Of Revenue": NaN,
        "Total Revenue": NaN,
        "Operating Revenue": NaN
    },
    "2023-12-31": {
        "Tax Effect Of Unusual Items": 0.0,
        "Tax Rate For Calcs": 0.0,
        "Normalized EBITDA": -67000000.0,
        "Total Unusual Items": 30000000.0,
        "Total Unusual Items Excluding Goodwill": 30000000.0,
        "Net Income From Continuing Operation Net Minority Interest": -91000000.0,
        "Reconciled Depreciation": 17000000.0,
        "Reconciled Cost Of Revenue": 798000000.0,
        "EBITDA": -37000000.0,
        "EBIT": -54000000.0,
        "Net Interest Income": -37000000.0,
        "Interest Expense": 37000000.0,
        "Normalized Income": -121000000.0,
        "Net Income From Continuing And Discontinued Operation": -91000000.0,
        "Total Expenses": 981000000.0,
        "Total Operating Income As Reported": -115000000.0,
        "Diluted Average Shares": NaN,
        "Basic Average Shares": NaN,
        "Diluted EPS": NaN,
        "Basic EPS": NaN,
        "Diluted NI Availto Com Stockholders": -91000000.0,
        "Net Income Common Stockholders": -91000000.0,
        "Net Income": -91000000.0,
        "Net Income Including Noncontrolling Interests": -91000000.0,
        "Net Income Continuous Operations": -91000000.0,
        "Tax Provision": 0.0,
        "Pretax Income": -91000000.0,
        "Other Income Expense": 57000000.0,
        "Other Non Operating Income Expenses": 27000000.0,
        "Special Income Charges": 30000000.0,
        "Other Special Charges": -34000000.0,
        "Restructuring And Mergern Acquisition": 4000000.0,
        "Net Non Operating Interest Income Expense": -37000000.0,
        "Interest Expense Non Operating": 37000000.0,
        "Operating Income": -111000000.0,
        "Operating Expense": 183000000.0,
        "Research And Development": 46000000.0,
        "Selling General And Administration": 137000000.0,
        "Selling And Marketing Expense": 89000000.0,
        "General And Administrative Expense": 48000000.0,
        "Other Gand A": 48000000.0,
        "Gross Profit": 72000000.0,
        "Cost Of Revenue": 798000000.0,
        "Total Revenue": 870000000.0,
        "Operating Revenue": 870000000.0
    },
    "2024-03-31": {
        "Tax Effect Of Unusual Items": 0.0,
        "Tax Rate For Calcs": 0.0,
        "Normalized EBITDA": -56000000.0,
        "Total Unusual Items": 0.0,
        "Total Unusual Items Excluding Goodwill": 0.0,
        "Net Income From Continuing Operation Net Minority Interest": -109000000.0,
        "Reconciled Depreciation": 16000000.0,
        "Reconciled Cost Of Revenue": 1067000000.0,
        "EBITDA": -56000000.0,
        "EBIT": -72000000.0,
        "Net Interest Income": -37000000.0,
        "Interest Expense": 37000000.0,
        "Normalized Income": -109000000.0,
        "Net Income From Continuing And Discontinued Operation": -109000000.0,
        "Total Expenses": 1268000000.0,
        "Total Operating Income As Reported": -87000000.0,
        "Diluted Average Shares": 682457000.0,
        "Basic Average Shares": 682457000.0,
        "Diluted EPS": -0.16,
        "Basic EPS": -0.16,
        "Diluted NI Availto Com Stockholders": -109000000.0,
        "Net Income Common Stockholders": -109000000.0,
        "Net Income": -109000000.0,
        "Net Income Including Noncontrolling Interests": -109000000.0,
        "Net Income Continuous Operations": -109000000.0,
        "Tax Provision": 0.0,
        "Pretax Income": -109000000.0,
        "Other Income Expense": 15000000.0,
        "Other Non Operating Income Expenses": 15000000.0,
        "Special Income Charges": 0.0,
        "Other Special Charges": NaN,
        "Restructuring And Mergern Acquisition": NaN,
        "Net Non Operating Interest Income Expense": -37000000.0,
        "Interest Expense Non Operating": 37000000.0,
        "Operating Income": -87000000.0,
        "Operating Expense": 201000000.0,
        "Research And Development": 41000000.0,
        "Selling General And Administration": 160000000.0,
        "Selling And Marketing Expense": 113000000.0,
        "General And Administrative Expense": 47000000.0,
        "Other Gand A": 47000000.0,
        "Gross Profit": 114000000.0,
        "Cost Of Revenue": 1067000000.0,
        "Total Revenue": 1181000000.0,
        "Operating Revenue": 1181000000.0
    },
    "2024-06-30": {
        "Tax Effect Of Unusual Items": -210000.0,
        "Tax Rate For Calcs": 0.21,
        "Normalized EBITDA": -47000000.0,
        "Total Unusual Items": -1000000.0,
        "Total Unusual Items Excluding Goodwill": -1000000.0,
        "Net Income From Continuing Operation Net Minority Interest": -92000000.0,
        "Reconciled Depreciation": 13000000.0,
        "Reconciled Cost Of Revenue": 1382000000.0,
        "EBITDA": -48000000.0,
        "EBIT": -61000000.0,
        "Net Interest Income": -30000000.0,
        "Interest Expense": 30000000.0,
        "Normalized Income": -91210000.0,
        "Net Income From Continuing And Discontinued Operation": -92000000.0,
        "Total Expenses": 1583000000.0,
        "Total Operating Income As Reported": -72000000.0,
        "Diluted Average Shares": 693445000.0,
        "Basic Average Shares": 693445000.0,
        "Diluted EPS": -0.13,
        "Basic EPS": -0.13,
        "Diluted NI Availto Com Stockholders": -92000000.0,
        "Net Income Common Stockholders": -92000000.0,
        "Net Income": -92000000.0,
        "Net Income Including Noncontrolling Interests": -92000000.0,
        "Net Income Continuous Operations": -92000000.0,
        "Tax Provision": 1000000.0,
        "Pretax Income": -91000000.0,
        "Other Income Expense": 11000000.0,
        "Other Non Operating Income Expenses": 12000000.0,
        "Special Income Charges": -1000000.0,
        "Other Special Charges": 1000000.0,
        "Restructuring And Mergern Acquisition": 0.0,
        "Net Non Operating Interest Income Expense": -30000000.0,
        "Interest Expense Non Operating": 30000000.0,
        "Operating Income": -72000000.0,
        "Operating Expense": 201000000.0,
        "Research And Development": 37000000.0,
        "Selling General And Administration": 164000000.0,
        "Selling And Marketing Expense": 116000000.0,
        "General And Administrative Expense": 48000000.0,
        "Other Gand A": 48000000.0,
        "Gross Profit": 129000000.0,
        "Cost Of Revenue": 1382000000.0,
        "Total Revenue": 1511000000.0,
        "Operating Revenue": 1511000000.0
    },
    "2024-09-30": {
        "Tax Effect Of Unusual Items": 0.0,
        "Tax Rate For Calcs": 0.0,
        "Normalized EBITDA": -32000000.0,
        "Total Unusual Items": 0.0,
        "Total Unusual Items Excluding Goodwill": 0.0,
        "Net Income From Continuing Operation Net Minority Interest": -78000000.0,
        "Reconciled Depreciation": 12000000.0,
        "Reconciled Cost Of Revenue": 1272000000.0,
        "EBITDA": -32000000.0,
        "EBIT": -44000000.0,
        "Net Interest Income": -34000000.0,
        "Interest Expense": 34000000.0,
        "Normalized Income": -78000000.0,
        "Net Income From Continuing And Discontinued Operation": -78000000.0,
        "Total Expenses": 1444000000.0,
        "Total Operating Income As Reported": -67000000.0,
        "Diluted Average Shares": 705359000.0,
        "Basic Average Shares": 705359000.0,
        "Diluted EPS": -0.11,
        "Basic EPS": -0.11,
        "Diluted NI Availto Com Stockholders": -78000000.0,
        "Net Income Common Stockholders": -78000000.0,
        "Net Income": -78000000.0,
        "Net Income Including Noncontrolling Interests": -78000000.0,
        "Net Income Continuous Operations": -78000000.0,
        "Tax Provision": 0.0,
        "Pretax Income": -78000000.0,
        "Other Income Expense": 23000000.0,
        "Other Non Operating Income Expenses": 23000000.0,
        "Special Income Charges": 0.0,
        "Other Special Charges": NaN,
        "Restructuring And Mergern Acquisition": 0.0,
        "Net Non Operating Interest Income Expense": -34000000.0,
        "Interest Expense Non Operating": 34000000.0,
        "Operating Income": -67000000.0,
        "Operating Expense": 172000000.0,
        "Research And Development": 30000000.0,
        "Selling General And Administration": 142000000.0,
        "Selling And Marketing Expense": 96000000.0,
        "General And Administrative Expense": 46000000.0,
        "Other Gand A": 46000000.0,
        "Gross Profit": 105000000.0,
        "Cost Of Revenue": 1272000000.0,
        "Total Revenue": 1377000000.0,
        "Operating Revenue": 1377000000.0
    },
    "2024-12-31": {
        "Tax Effect Of Unusual Items": 0.0,
        "Tax Rate For Calcs": 0.0,
        "Normalized EBITDA": -51000000.0,
        "Total Unusual Items": -18000000.0,
        "Total Unusual Items Excluding Goodwill": -18000000.0,
        "Net Income From Continuing Operation Net Minority Interest": -113000000.0,
        "Reconciled Depreciation": 12000000.0,
        "Reconciled Cost Of Revenue": 999000000.0,
        "EBITDA": -69000000.0,
        "EBIT": -81000000.0,
        "Net Interest Income": -32000000.0,
        "Interest Expense": 32000000.0,
        "Normalized Income": -95000000.0,
        "Net Income From Continuing And Discontinued Operation": -113000000.0,
        "Total Expenses": 1161000000.0,
        "Total Operating Income As Reported": -94000000.0,
        "Diluted Average Shares": 716317000.0,
        "Basic Average Shares": 716317000.0,
        "Diluted EPS": -0.16,
        "Basic EPS": -0.16,
        "Diluted NI Availto Com Stockholders": -113000000.0,
        "Net Income Common Stockholders": -113000000.0,
        "Net Income": -113000000.0,
        "Net Income Including Noncontrolling Interests": -113000000.0,
        "Net Income Continuous Operations": -113000000.0,
        "Tax Provision": 0.0,
        "Pretax Income": -113000000.0,
        "Other Income Expense": -4000000.0,
        "Other Non Operating Income Expenses": 14000000.0,
        "Special Income Charges": -18000000.0,
        "Other Special Charges": 1000000.0,
        "Restructuring And Mergern Acquisition": 17000000.0,
        "Net Non Operating Interest Income Expense": -32000000.0,
        "Interest Expense Non Operating": 32000000.0,
        "Operating Income": -77000000.0,
        "Operating Expense": 162000000.0,
        "Research And Development": 33000000.0,
        "Selling General And Administration": 129000000.0,
        "Selling And Marketing Expense": 88000000.0,
        "General And Administrative Expense": 41000000.0,
        "Other Gand A": 41000000.0,
        "Gross Profit": 85000000.0,
        "Cost Of Revenue": 999000000.0,
        "Total Revenue": 1084000000.0,
        "Operating Revenue": 1084000000.0
    }
}