{
    "2023-03-31": {
        "Tax Effect Of Unusual Items": NaN,
        "Tax Rate For Calcs": NaN,
        "Normalized EBITDA": NaN,
        "Total Unusual Items": NaN,
        "Total Unusual Items Excluding Goodwill": NaN,
        "Net Income From Continuing Operation Net Minority Interest": NaN,
        "Reconciled Depreciation": NaN,
        "Reconciled Cost Of Revenue": NaN,
        "EBITDA": NaN,
        "EBIT": NaN,
        "Net Interest Income": NaN,
        "Interest Expense": NaN,
        "Interest Income": NaN,
        "Normalized Income": NaN,
        "Net Income From Continuing And Discontinued Operation": NaN,
        "Total Expenses": NaN,
        "Rent Expense Supplemental": NaN,
        "Total Operating Income As Reported": NaN,
        "Diluted Average Shares": NaN,
        "Basic Average Shares": NaN,
        "Diluted EPS": NaN,
        "Basic EPS": NaN,
        "Diluted NI Availto Com Stockholders": NaN,
        "Net Income Common Stockholders": NaN,
        "Net Income": NaN,
        "Net Income Including Noncontrolling Interests": NaN,
        "Net Income Continuous Operations": NaN,
        "Tax Provision": NaN,
        "Pretax Income": NaN,
        "Other Income Expense": NaN,
        "Special Income Charges": 0.0,
        "Other Special Charges": NaN,
        "Write Off": NaN,
        "Earnings From Equity Interest": 0.0,
        "Gain On Sale Of Security": NaN,
        "Net Non Operating Interest Income Expense": NaN,
        "Interest Expense Non Operating": NaN,
        "Interest Income Non Operating": NaN,
        "Operating Income": NaN,
        "Operating Expense": NaN,
        "Other Operating Expenses": NaN,
        "Provision For Doubtful Accounts": NaN,
        "Depreciation Amortization Depletion Income Statement": NaN,
        "Depreciation And Amortization In Income Statement": NaN,
        "Selling General And Administration": NaN,
        "Selling And Marketing Expense": NaN,
        "General And Administrative Expense": NaN,
        "Other Gand A": NaN,
        "Rent And Landing Fees": NaN,
        "Salaries And Wages": NaN,
        "Gross Profit": NaN,
        "Cost Of Revenue": NaN,
        "Total Revenue": NaN,
        "Operating Revenue": NaN
    },
    "2022-12-31": {
        "Tax Effect Of Unusual Items": NaN,
        "Tax Rate For Calcs": NaN,
        "Normalized EBITDA": NaN,
        "Total Unusual Items": NaN,
        "Total Unusual Items Excluding Goodwill": NaN,
        "Net Income From Continuing Operation Net Minority Interest": NaN,
        "Reconciled Depreciation": NaN,
        "Reconciled Cost Of Revenue": NaN,
        "EBITDA": NaN,
        "EBIT": NaN,
        "Net Interest Income": NaN,
        "Interest Expense": NaN,
        "Interest Income": NaN,
        "Normalized Income": NaN,
        "Net Income From Continuing And Discontinued Operation": NaN,
        "Total Expenses": NaN,
        "Rent Expense Supplemental": NaN,
        "Total Operating Income As Reported": NaN,
        "Diluted Average Shares": NaN,
        "Basic Average Shares": NaN,
        "Diluted EPS": NaN,
        "Basic EPS": NaN,
        "Diluted NI Availto Com Stockholders": NaN,
        "Net Income Common Stockholders": NaN,
        "Net Income": NaN,
        "Net Income Including Noncontrolling Interests": NaN,
        "Net Income Continuous Operations": NaN,
        "Tax Provision": NaN,
        "Pretax Income": NaN,
        "Other Income Expense": NaN,
        "Special Income Charges": -1986000.0,
        "Other Special Charges": NaN,
        "Write Off": NaN,
        "Earnings From Equity Interest": 0.0,
        "Gain On Sale Of Security": NaN,
        "Net Non Operating Interest Income Expense": NaN,
        "Interest Expense Non Operating": NaN,
        "Interest Income Non Operating": NaN,
        "Operating Income": NaN,
        "Operating Expense": NaN,
        "Other Operating Expenses": NaN,
        "Provision For Doubtful Accounts": NaN,
        "Depreciation Amortization Depletion Income Statement": NaN,
        "Depreciation And Amortization In Income Statement": NaN,
        "Selling General And Administration": NaN,
        "Selling And Marketing Expense": NaN,
        "General And Administrative Expense": NaN,
        "Other Gand A": NaN,
        "Rent And Landing Fees": NaN,
        "Salaries And Wages": NaN,
        "Gross Profit": NaN,
        "Cost Of Revenue": NaN,
        "Total Revenue": NaN,
        "Operating Revenue": NaN
    },
    "2022-09-30": {
        "Tax Effect Of Unusual Items": NaN,
        "Tax Rate For Calcs": NaN,
        "Normalized EBITDA": NaN,
        "Total Unusual Items": NaN,
        "Total Unusual Items Excluding Goodwill": NaN,
        "Net Income From Continuing Operation Net Minority Interest": NaN,
        "Reconciled Depreciation": NaN,
        "Reconciled Cost Of Revenue": NaN,
        "EBITDA": NaN,
        "EBIT": NaN,
        "Net Interest Income": NaN,
        "Interest Expense": NaN,
        "Interest Income": NaN,
        "Normalized Income": NaN,
        "Net Income From Continuing And Discontinued Operation": NaN,
        "Total Expenses": NaN,
        "Rent Expense Supplemental": NaN,
        "Total Operating Income As Reported": NaN,
        "Diluted Average Shares": NaN,
        "Basic Average Shares": NaN,
        "Diluted EPS": NaN,
        "Basic EPS": NaN,
        "Diluted NI Availto Com Stockholders": NaN,
        "Net Income Common Stockholders": NaN,
        "Net Income": NaN,
        "Net Income Including Noncontrolling Interests": NaN,
        "Net Income Continuous Operations": NaN,
        "Tax Provision": NaN,
        "Pretax Income": NaN,
        "Other Income Expense": NaN,
        "Special Income Charges": NaN,
        "Other Special Charges": NaN,
        "Write Off": 0.0,
        "Earnings From Equity Interest": NaN,
        "Gain On Sale Of Security": NaN,
        "Net Non Operating Interest Income Expense": NaN,
        "Interest Expense Non Operating": NaN,
        "Interest Income Non Operating": NaN,
        "Operating Income": NaN,
        "Operating Expense": NaN,
        "Other Operating Expenses": NaN,
        "Provision For Doubtful Accounts": NaN,
        "Depreciation Amortization Depletion Income Statement": NaN,
        "Depreciation And Amortization In Income Statement": NaN,
        "Selling General And Administration": NaN,
        "Selling And Marketing Expense": NaN,
        "General And Administrative Expense": NaN,
        "Other Gand A": NaN,
        "Rent And Landing Fees": NaN,
        "Salaries And Wages": NaN,
        "Gross Profit": NaN,
        "Cost Of Revenue": NaN,
        "Total Revenue": NaN,
        "Operating Revenue": NaN
    },
    "2022-06-30": {
        "Tax Effect Of Unusual Items": -310400.0,
        "Tax Rate For Calcs": 0.4,
        "Normalized EBITDA": 17444000.0,
        "Total Unusual Items": -776000.0,
        "Total Unusual Items Excluding Goodwill": -776000.0,
        "Net Income From Continuing Operation Net Minority Interest": -5836000.0,
        "Reconciled Depreciation": 3421000.0,
        "Reconciled Cost Of Revenue": 11842000.0,
        "EBITDA": 16668000.0,
        "EBIT": 13247000.0,
        "Net Interest Income": -13059000.0,
        "Interest Expense": 15341000.0,
        "Interest Income": 2282000.0,
        "Normalized Income": -5370400.0,
        "Net Income From Continuing And Discontinued Operation": -5836000.0,
        "Total Expenses": 66162000.0,
        "Rent Expense Supplemental": 1008000.0,
        "Total Operating Income As Reported": 11240000.0,
        "Diluted Average Shares": 114750000.0,
        "Basic Average Shares": 114750000.0,
        "Diluted EPS": -0.06,
        "Basic EPS": -0.06,
        "Diluted NI Availto Com Stockholders": -5836000.0,
        "Net Income Common Stockholders": -5836000.0,
        "Net Income": -5836000.0,
        "Net Income Including Noncontrolling Interests": -5836000.0,
        "Net Income Discontinuous Operations": NaN,
        "Net Income Continuous Operations": -5836000.0,
        "Tax Provision": 3742000.0,
        "Pretax Income": -2094000.0,
        "Other Income Expense": -706000.0,
        "Other Non Operating Income Expenses": 70000.0,
        "Special Income Charges": -500000.0,
        "Other Special Charges": 500000.0,
        "Write Off": 67000.0,
        "Earnings From Equity Interest": 0.0,
        "Gain On Sale Of Security": -276000.0,
        "Net Non Operating Interest Income Expense": -13059000.0,
        "Interest Expense Non Operating": 15341000.0,
        "Interest Income Non Operating": 2282000.0,
        "Operating Income": 11672000.0,
        "Operating Expense": 54320000.0,
        "Other Operating Expenses": 3980000.0,
        "Provision For Doubtful Accounts": 67000.0,
        "Depreciation Amortization Depletion Income Statement": 3421000.0,
        "Depreciation And Amortization In Income Statement": 3421000.0,
        "Selling General And Administration": 46852000.0,
        "Selling And Marketing Expense": 25285000.0,
        "General And Administrative Expense": 21567000.0,
        "Other Gand A": 1489000.0,
        "Rent And Landing Fees": 1008000.0,
        "Salaries And Wages": 19070000.0,
        "Gross Profit": 65992000.0,
        "Cost Of Revenue": 11842000.0,
        "Total Revenue": 77834000.0,
        "Operating Revenue": 77834000.0
    },
    "2022-03-31": {
        "Diluted EPS": -0.08,
        "Total Revenue": 72,
        "Gross Profit": 66,
        "Operating Income": 1,
        "EBIT": 5,
        "Net Income": -9
    },
    "2021-12-31": {
        "Diluted EPS": -0.97,
        "Total Revenue": 73,
        "Gross Profit": 70,
        "Operating Income": 4,
        "EBIT": 8,
        "Net Income": -112
    },
    "2021-09-30": {
        "Diluted EPS": 0.2,
        "Total Revenue": 67,
        "Gross Profit": 65,
        "Operating Income": -1,
        "EBIT": 4,
        "Net Income": 24
    },
    "2021-06-30": {
        "Diluted EPS": 0.38,
        "Total Revenue": 60,
        "Gross Profit": 59,
        "Operating Income": -8,
        "EBIT": -3,
        "Net Income": 44
    },
    "2021-03-31": {
        "Diluted EPS": 0.01,
        "Total Revenue": 52,
        "Gross Profit": 51,
        "Operating Income": -1,
        "EBIT": 4,
        "Net Income": 1
    },
    "2020-12-31": {
        "Diluted EPS": 1.35,
        "Total Revenue": 38,
        "Gross Profit": 36,
        "Operating Income": -55,
        "EBIT": -50,
        "Net Income": 159
    },
    "2020-09-30": {
        "Diluted EPS": 0.2,
        "Total Revenue": 67,
        "Gross Profit": 68,
        "Operating Income": 66,
        "EBIT": 72,
        "Net Income": 24
    },
    "2020-06-30": {
        "Diluted EPS": 0.13,
        "Total Revenue": 32,
        "Gross Profit": 32,
        "Operating Income": -6,
        "EBIT": -1,
        "Net Income": 17
    },
    "2020-03-31": {
        "Diluted EPS": -0.17,
        "Total Revenue": 40,
        "Gross Profit": 40,
        "Operating Income": -8,
        "EBIT": -3,
        "Net Income": -21
    },
    "2019-12-31": {
        "Diluted EPS": 0.19,
        "Total Revenue": 18,
        "Gross Profit": 44,
        "Operating Income": -4,
        "EBIT": 2,
        "Net Income": 22
    },
    "2019-09-30": {
        "Diluted EPS": 0.25,
        "Total Revenue": 48,
        "Gross Profit": 42,
        "Operating Income": 2,
        "EBIT": 7,
        "Net Income": 28
    },
    "2019-06-30": {
        "Diluted EPS": 0.03,
        "Total Revenue": 62,
        "Gross Profit": 49,
        "Operating Income": -3,
        "EBIT": 2,
        "Net Income": 3
    },
    "2019-03-31": {
        "Diluted EPS": 0.04,
        "Total Revenue": 50,
        "Gross Profit": 41,
        "Operating Income": 4,
        "EBIT": 8,
        "Net Income": 4
    },
    "2018-12-31": {
        "Diluted EPS": 0.11,
        "Total Revenue": 50,
        "Gross Profit": 36,
        "Operating Income": 13,
        "EBIT": 13,
        "Net Income": 11
    },
    "2018-09-30": {
        "Diluted EPS": 0.09,
        "Total Revenue": 43,
        "Gross Profit": 39,
        "Operating Income": 12,
        "EBIT": 12,
        "Net Income": 10
    },
    "2018-06-30": {
        "Diluted EPS": 0.08,
        "Total Revenue": 40,
        "Gross Profit": 38,
        "Operating Income": 10,
        "EBIT": 10,
        "Net Income": 7
    },
    "2018-03-31": {
        "Diluted EPS": 0.07,
        "Total Revenue": 39,
        "Gross Profit": 39,
        "Operating Income": 10,
        "EBIT": 10,
        "Net Income": 7
    },
    "2017-12-31": {
        "Diluted EPS": 0.0,
        "Total Revenue": NaN,
        "Gross Profit": NaN,
        "Operating Income": NaN,
        "EBIT": NaN,
        "Net Income": NaN
    },
    "2017-09-30": {
        "Diluted EPS": 0.08,
        "Total Revenue": 38,
        "Gross Profit": 38,
        "Operating Income": 11,
        "EBIT": 11,
        "Net Income": 8
    },
    "2017-06-30": {
        "Diluted EPS": -0.03,
        "Total Revenue": 26,
        "Gross Profit": 26,
        "Operating Income": -3,
        "EBIT": -3,
        "Net Income": -3
    },
    "2023-06-30": {
        "Tax Effect Of Unusual Items": NaN,
        "Tax Rate For Calcs": NaN,
        "Normalized EBITDA": NaN,
        "Total Unusual Items": NaN,
        "Total Unusual Items Excluding Goodwill": NaN,
        "Net Income From Continuing Operation Net Minority Interest": NaN,
        "Reconciled Depreciation": NaN,
        "Reconciled Cost Of Revenue": NaN,
        "EBITDA": NaN,
        "EBIT": NaN,
        "Net Interest Income": NaN,
        "Interest Expense": NaN,
        "Interest Income": NaN,
        "Normalized Income": NaN,
        "Net Income From Continuing And Discontinued Operation": NaN,
        "Total Expenses": NaN,
        "Rent Expense Supplemental": NaN,
        "Total Operating Income As Reported": NaN,
        "Diluted Average Shares": NaN,
        "Basic Average Shares": NaN,
        "Diluted EPS": NaN,
        "Basic EPS": NaN,
        "Diluted NI Availto Com Stockholders": NaN,
        "Net Income Common Stockholders": NaN,
        "Net Income": NaN,
        "Net Income Including Noncontrolling Interests": NaN,
        "Net Income Continuous Operations": NaN,
        "Tax Provision": NaN,
        "Pretax Income": NaN,
        "Other Income Expense": NaN,
        "Special Income Charges": 0.0,
        "Other Special Charges": NaN,
        "Write Off": NaN,
        "Earnings From Equity Interest": 0.0,
        "Gain On Sale Of Security": NaN,
        "Net Non Operating Interest Income Expense": NaN,
        "Interest Expense Non Operating": NaN,
        "Interest Income Non Operating": NaN,
        "Operating Income": NaN,
        "Operating Expense": NaN,
        "Other Operating Expenses": NaN,
        "Provision For Doubtful Accounts": NaN,
        "Depreciation Amortization Depletion Income Statement": NaN,
        "Depreciation And Amortization In Income Statement": NaN,
        "Selling General And Administration": NaN,
        "Selling And Marketing Expense": NaN,
        "General And Administrative Expense": NaN,
        "Other Gand A": NaN,
        "Rent And Landing Fees": NaN,
        "Salaries And Wages": NaN,
        "Gross Profit": NaN,
        "Cost Of Revenue": NaN,
        "Total Revenue": NaN,
        "Operating Revenue": NaN
    },
    "2023-09-30": {
        "Tax Effect Of Unusual Items": NaN,
        "Tax Rate For Calcs": NaN,
        "Normalized EBITDA": NaN,
        "Total Unusual Items": NaN,
        "Total Unusual Items Excluding Goodwill": NaN,
        "Net Income From Continuing Operation Net Minority Interest": NaN,
        "Reconciled Depreciation": NaN,
        "Reconciled Cost Of Revenue": NaN,
        "EBITDA": NaN,
        "EBIT": NaN,
        "Net Interest Income": NaN,
        "Interest Expense": NaN,
        "Interest Income": NaN,
        "Normalized Income": NaN,
        "Net Income From Continuing And Discontinued Operation": NaN,
        "Total Expenses": NaN,
        "Rent Expense Supplemental": NaN,
        "Total Operating Income As Reported": NaN,
        "Diluted Average Shares": NaN,
        "Basic Average Shares": NaN,
        "Diluted EPS": NaN,
        "Basic EPS": NaN,
        "Diluted NI Availto Com Stockholders": NaN,
        "Net Income Common Stockholders": NaN,
        "Net Income": NaN,
        "Net Income Including Noncontrolling Interests": NaN,
        "Net Income Continuous Operations": NaN,
        "Tax Provision": NaN,
        "Pretax Income": NaN,
        "Other Income Expense": NaN,
        "Special Income Charges": NaN,
        "Other Special Charges": 689000.0,
        "Write Off": NaN,
        "Earnings From Equity Interest": 0.0,
        "Gain On Sale Of Security": NaN,
        "Net Non Operating Interest Income Expense": NaN,
        "Interest Expense Non Operating": NaN,
        "Interest Income Non Operating": NaN,
        "Operating Income": NaN,
        "Operating Expense": NaN,
        "Other Operating Expenses": NaN,
        "Provision For Doubtful Accounts": NaN,
        "Depreciation Amortization Depletion Income Statement": NaN,
        "Depreciation And Amortization In Income Statement": NaN,
        "Selling General And Administration": NaN,
        "Selling And Marketing Expense": NaN,
        "General And Administrative Expense": NaN,
        "Other Gand A": NaN,
        "Rent And Landing Fees": NaN,
        "Salaries And Wages": NaN,
        "Gross Profit": NaN,
        "Cost Of Revenue": NaN,
        "Total Revenue": NaN,
        "Operating Revenue": NaN
    },
    "2023-12-31": {
        "Tax Effect Of Unusual Items": NaN,
        "Tax Rate For Calcs": NaN,
        "Normalized EBITDA": NaN,
        "Total Unusual Items": NaN,
        "Total Unusual Items Excluding Goodwill": NaN,
        "Net Income From Continuing Operation Net Minority Interest": NaN,
        "Reconciled Depreciation": NaN,
        "Reconciled Cost Of Revenue": NaN,
        "EBITDA": NaN,
        "EBIT": NaN,
        "Net Interest Income": NaN,
        "Interest Expense": NaN,
        "Interest Income": NaN,
        "Normalized Income": NaN,
        "Net Income From Continuing And Discontinued Operation": NaN,
        "Total Expenses": NaN,
        "Rent Expense Supplemental": NaN,
        "Total Operating Income As Reported": NaN,
        "Diluted Average Shares": NaN,
        "Basic Average Shares": NaN,
        "Diluted EPS": NaN,
        "Basic EPS": NaN,
        "Diluted NI Availto Com Stockholders": NaN,
        "Net Income Common Stockholders": NaN,
        "Net Income": NaN,
        "Net Income Including Noncontrolling Interests": NaN,
        "Net Income Continuous Operations": NaN,
        "Tax Provision": NaN,
        "Pretax Income": NaN,
        "Other Income Expense": NaN,
        "Special Income Charges": NaN,
        "Write Off": NaN,
        "Earnings From Equity Interest": 0.0,
        "Gain On Sale Of Security": NaN,
        "Net Non Operating Interest Income Expense": NaN,
        "Interest Expense Non Operating": NaN,
        "Interest Income Non Operating": NaN,
        "Operating Income": NaN,
        "Operating Expense": NaN,
        "Other Operating Expenses": NaN,
        "Provision For Doubtful Accounts": NaN,
        "Depreciation Amortization Depletion Income Statement": NaN,
        "Depreciation And Amortization In Income Statement": NaN,
        "Selling General And Administration": NaN,
        "Selling And Marketing Expense": NaN,
        "General And Administrative Expense": NaN,
        "Other Gand A": NaN,
        "Rent And Landing Fees": NaN,
        "Salaries And Wages": NaN,
        "Gross Profit": NaN,
        "Cost Of Revenue": NaN,
        "Total Revenue": NaN,
        "Operating Revenue": NaN
    },
    "2024-03-31": {
        "Tax Effect Of Unusual Items": NaN,
        "Tax Rate For Calcs": NaN,
        "Normalized EBITDA": NaN,
        "Total Unusual Items": NaN,
        "Total Unusual Items Excluding Goodwill": NaN,
        "Net Income From Continuing Operation Net Minority Interest": NaN,
        "Reconciled Depreciation": NaN,
        "Reconciled Cost Of Revenue": NaN,
        "EBITDA": NaN,
        "EBIT": NaN,
        "Net Interest Income": NaN,
        "Interest Expense": NaN,
        "Interest Income": NaN,
        "Normalized Income": NaN,
        "Net Income From Continuing And Discontinued Operation": NaN,
        "Total Expenses": NaN,
        "Rent Expense Supplemental": NaN,
        "Total Operating Income As Reported": NaN,
        "Diluted Average Shares": NaN,
        "Basic Average Shares": NaN,
        "Diluted EPS": NaN,
        "Basic EPS": NaN,
        "Diluted NI Availto Com Stockholders": NaN,
        "Net Income Common Stockholders": NaN,
        "Net Income": NaN,
        "Net Income Including Noncontrolling Interests": NaN,
        "Net Income Continuous Operations": NaN,
        "Tax Provision": NaN,
        "Pretax Income": NaN,
        "Other Income Expense": NaN,
        "Special Income Charges": NaN,
        "Write Off": NaN,
        "Earnings From Equity Interest": 0.0,
        "Gain On Sale Of Security": NaN,
        "Net Non Operating Interest Income Expense": NaN,
        "Interest Expense Non Operating": NaN,
        "Interest Income Non Operating": NaN,
        "Operating Income": NaN,
        "Operating Expense": NaN,
        "Other Operating Expenses": NaN,
        "Provision For Doubtful Accounts": NaN,
        "Depreciation Amortization Depletion Income Statement": NaN,
        "Depreciation And Amortization In Income Statement": NaN,
        "Selling General And Administration": NaN,
        "Selling And Marketing Expense": NaN,
        "General And Administrative Expense": NaN,
        "Other Gand A": NaN,
        "Rent And Landing Fees": NaN,
        "Salaries And Wages": NaN,
        "Gross Profit": NaN,
        "Cost Of Revenue": NaN,
        "Total Revenue": NaN,
        "Operating Revenue": NaN
    },
    "2024-06-30": {
        "Tax Effect Of Unusual Items": -73791.124367,
        "Tax Rate For Calcs": 0.127666,
        "Normalized EBITDA": 26891000.0,
        "Total Unusual Items": -578000.0,
        "Total Unusual Items Excluding Goodwill": -578000.0,
        "Net Income From Continuing Operation Net Minority Interest": 19303000.0,
        "Reconciled Depreciation": 4012000.0,
        "Reconciled Cost Of Revenue": 27656000.0,
        "EBITDA": 26313000.0,
        "EBIT": 22301000.0,
        "Net Interest Income": 763000.0,
        "Interest Expense": 173000.0,
        "Interest Income": 936000.0,
        "Normalized Income": 19807208.875633,
        "Net Income From Continuing And Discontinued Operation": 19303000.0,
        "Total Expenses": 87793000.0,
        "Rent Expense Supplemental": 576000.0,
        "Total Operating Income As Reported": 21943000.0,
        "Diluted Average Shares": 89315000.0,
        "Basic Average Shares": 88458000.0,
        "Diluted EPS": 0.22,
        "Basic EPS": 0.22,
        "Diluted NI Availto Com Stockholders": 19303000.0,
        "Net Income Common Stockholders": 19303000.0,
        "Net Income": 19303000.0,
        "Net Income Including Noncontrolling Interests": 19303000.0,
        "Net Income Continuous Operations": 19303000.0,
        "Tax Provision": 2825000.0,
        "Pretax Income": 22128000.0,
        "Other Income Expense": -578000.0,
        "Special Income Charges": 0.0,
        "Write Off": 0.0,
        "Earnings From Equity Interest": 0.0,
        "Gain On Sale Of Security": -578000.0,
        "Net Non Operating Interest Income Expense": 763000.0,
        "Interest Expense Non Operating": 173000.0,
        "Interest Income Non Operating": 936000.0,
        "Operating Income": 21941000.0,
        "Operating Expense": 60137000.0,
        "Other Operating Expenses": 4298000.0,
        "Provision For Doubtful Accounts": -143000.0,
        "Depreciation Amortization Depletion Income Statement": 4012000.0,
        "Depreciation And Amortization In Income Statement": 4012000.0,
        "Selling General And Administration": 51970000.0,
        "Selling And Marketing Expense": 29026000.0,
        "General And Administrative Expense": 22944000.0,
        "Other Gand A": 2588000.0,
        "Rent And Landing Fees": 576000.0,
        "Salaries And Wages": 19780000.0,
        "Gross Profit": 82078000.0,
        "Cost Of Revenue": 27656000.0,
        "Total Revenue": 109734000.0,
        "Operating Revenue": 109734000.0
    },
    "2024-09-30": {
        "Tax Effect Of Unusual Items": -227774.335118,
        "Tax Rate For Calcs": 0.212674,
        "Normalized EBITDA": 28120000.0,
        "Total Unusual Items": -1071000.0,
        "Total Unusual Items Excluding Goodwill": -1071000.0,
        "Net Income From Continuing Operation Net Minority Interest": 17940000.0,
        "Reconciled Depreciation": 4146000.0,
        "Reconciled Cost Of Revenue": 33115000.0,
        "EBITDA": 27049000.0,
        "EBIT": 22903000.0,
        "Net Interest Income": 667000.0,
        "Interest Expense": 117000.0,
        "Interest Income": 784000.0,
        "Normalized Income": 18783225.664882,
        "Net Income From Continuing And Discontinued Operation": 17940000.0,
        "Total Expenses": 100020000.0,
        "Rent Expense Supplemental": 593000.0,
        "Total Operating Income As Reported": 23185000.0,
        "Diluted Average Shares": 89487000.0,
        "Basic Average Shares": 88472000.0,
        "Diluted EPS": 0.2,
        "Basic EPS": 0.2,
        "Diluted NI Availto Com Stockholders": 17940000.0,
        "Net Income Common Stockholders": 17940000.0,
        "Net Income": 17940000.0,
        "Net Income Including Noncontrolling Interests": 17940000.0,
        "Net Income Continuous Operations": 17940000.0,
        "Tax Provision": 4846000.0,
        "Pretax Income": 22786000.0,
        "Other Income Expense": -1071000.0,
        "Special Income Charges": -4000.0,
        "Write Off": 4000.0,
        "Earnings From Equity Interest": NaN,
        "Gain On Sale Of Security": -1067000.0,
        "Net Non Operating Interest Income Expense": 667000.0,
        "Interest Expense Non Operating": 117000.0,
        "Interest Income Non Operating": 784000.0,
        "Operating Income": 23189000.0,
        "Operating Expense": 66905000.0,
        "Other Operating Expenses": 4911000.0,
        "Provision For Doubtful Accounts": -45000.0,
        "Depreciation Amortization Depletion Income Statement": 4146000.0,
        "Depreciation And Amortization In Income Statement": 4146000.0,
        "Selling General And Administration": 57893000.0,
        "Selling And Marketing Expense": 32516000.0,
        "General And Administrative Expense": 25377000.0,
        "Other Gand A": 1600000.0,
        "Rent And Landing Fees": 593000.0,
        "Salaries And Wages": 23184000.0,
        "Gross Profit": 90094000.0,
        "Cost Of Revenue": 33115000.0,
        "Total Revenue": 123209000.0,
        "Operating Revenue": 123209000.0
    },
    "2024-12-31": {
        "Tax Effect Of Unusual Items": 867152.747576,
        "Tax Rate For Calcs": 0.156979,
        "Normalized EBITDA": 32957000.0,
        "Total Unusual Items": 5524000.0,
        "Total Unusual Items Excluding Goodwill": 5524000.0,
        "Net Income From Continuing Operation Net Minority Interest": 28689000.0,
        "Reconciled Depreciation": 4353000.0,
        "Reconciled Cost Of Revenue": 47772000.0,
        "EBITDA": 38481000.0,
        "EBIT": 34128000.0,
        "Net Interest Income": 840000.0,
        "Interest Expense": 98000.0,
        "Interest Income": 994000.0,
        "Normalized Income": 24032152.747576,
        "Net Income From Continuing And Discontinued Operation": 28689000.0,
        "Total Expenses": 118168000.0,
        "Rent Expense Supplemental": 541000.0,
        "Total Operating Income As Reported": 27559000.0,
        "Diluted Average Shares": 89741000.0,
        "Basic Average Shares": 88480000.0,
        "Diluted EPS": 0.32,
        "Basic EPS": 0.32,
        "Diluted NI Availto Com Stockholders": 28689000.0,
        "Net Income Common Stockholders": 28689000.0,
        "Net Income": 28689000.0,
        "Net Income Including Noncontrolling Interests": 28689000.0,
        "Net Income Continuous Operations": 28688000.0,
        "Tax Provision": 5342000.0,
        "Pretax Income": 34030000.0,
        "Other Income Expense": 5522000.0,
        "Special Income Charges": -109000.0,
        "Write Off": 109000.0,
        "Earnings From Equity Interest": NaN,
        "Gain On Sale Of Security": 5633000.0,
        "Net Non Operating Interest Income Expense": 840000.0,
        "Interest Expense Non Operating": 98000.0,
        "Interest Income Non Operating": 994000.0,
        "Operating Income": 27666000.0,
        "Operating Expense": 70396000.0,
        "Other Operating Expenses": 5423000.0,
        "Provision For Doubtful Accounts": -532000.0,
        "Depreciation Amortization Depletion Income Statement": 4353000.0,
        "Depreciation And Amortization In Income Statement": 4353000.0,
        "Selling General And Administration": 61152000.0,
        "Selling And Marketing Expense": 40944000.0,
        "General And Administrative Expense": 20208000.0,
        "Other Gand A": 1899000.0,
        "Rent And Landing Fees": 541000.0,
        "Salaries And Wages": 17768000.0,
        "Gross Profit": 98062000.0,
        "Cost Of Revenue": 47772000.0,
        "Total Revenue": 145834000.0,
        "Operating Revenue": 145834000.0
    },
    "2025-03-31": {
        "Tax Effect Of Unusual Items": -189146.457602,
        "Tax Rate For Calcs": 0.120629,
        "Normalized EBITDA": 26913000.0,
        "Total Unusual Items": -1568000.0,
        "Total Unusual Items Excluding Goodwill": -1568000.0,
        "Net Income From Continuing Operation Net Minority Interest": 18283000.0,
        "Reconciled Depreciation": 4434000.0,
        "Reconciled Cost Of Revenue": 50693000.0,
        "EBITDA": 25345000.0,
        "EBIT": 20911000.0,
        "Net Interest Income": 558000.0,
        "Interest Expense": 120000.0,
        "Interest Income": 678000.0,
        "Normalized Income": 19661853.542398,
        "Net Income From Continuing And Discontinued Operation": 18283000.0,
        "Total Expenses": 120908000.0,
        "Rent Expense Supplemental": 631000.0,
        "Total Operating Income As Reported": 21075000.0,
        "Diluted Average Shares": 90188000.0,
        "Basic Average Shares": 89486000.0,
        "Diluted EPS": 0.2,
        "Basic EPS": 0.2,
        "Diluted NI Availto Com Stockholders": 18283000.0,
        "Net Income Common Stockholders": 18283000.0,
        "Net Income": 18283000.0,
        "Net Income Including Noncontrolling Interests": 18283000.0,
        "Net Income Continuous Operations": 18283000.0,
        "Tax Provision": 2508000.0,
        "Pretax Income": 20791000.0,
        "Other Income Expense": -1575000.0,
        "Special Income Charges": -733000.0,
        "Write Off": 733000.0,
        "Earnings From Equity Interest": -7000.0,
        "Gain On Sale Of Security": -835000.0,
        "Net Non Operating Interest Income Expense": 558000.0,
        "Interest Expense Non Operating": 120000.0,
        "Interest Income Non Operating": 678000.0,
        "Operating Income": 21808000.0,
        "Operating Expense": 70215000.0,
        "Other Operating Expenses": 5016000.0,
        "Provision For Doubtful Accounts": 160000.0,
        "Depreciation Amortization Depletion Income Statement": 4434000.0,
        "Depreciation And Amortization In Income Statement": 4434000.0,
        "Selling General And Administration": 60605000.0,
        "Selling And Marketing Expense": 34204000.0,
        "General And Administrative Expense": 26401000.0,
        "Other Gand A": 2202000.0,
        "Rent And Landing Fees": 631000.0,
        "Salaries And Wages": 23568000.0,
        "Gross Profit": 92023000.0,
        "Cost Of Revenue": 50693000.0,
        "Total Revenue": 142716000.0,
        "Operating Revenue": 142716000.0
    },
    "2025-06-30": {
        "Tax Effect Of Unusual Items": -193680.0,
        "Tax Rate For Calcs": 0.12,
        "Normalized EBITDA": 24234000.0,
        "Total Unusual Items": -1614000.0,
        "Total Unusual Items Excluding Goodwill": -1614000.0,
        "Net Income From Continuing Operation Net Minority Interest": 15676000.0,
        "Reconciled Depreciation": 4634000.0,
        "Reconciled Cost Of Revenue": 50862000.0,
        "EBITDA": 22620000.0,
        "EBIT": 17986000.0,
        "Net Interest Income": 671000.0,
        "Interest Expense": 223000.0,
        "Interest Income": 894000.0,
        "Normalized Income": 17096320.0,
        "Net Income From Continuing And Discontinued Operation": 15676000.0,
        "Total Expenses": 124247000.0,
        "Rent Expense Supplemental": 506000.0,
        "Total Operating Income As Reported": 18109000.0,
        "Diluted Average Shares": 90316000.0,
        "Basic Average Shares": 89505000.0,
        "Diluted EPS": 0.17,
        "Basic EPS": 0.18,
        "Diluted NI Availto Com Stockholders": 15676000.0,
        "Net Income Common Stockholders": 15676000.0,
        "Net Income": 15676000.0,
        "Net Income Including Noncontrolling Interests": 15676000.0,
        "Net Income Continuous Operations": 15676000.0,
        "Tax Provision": 2087000.0,
        "Pretax Income": 17763000.0,
        "Other Income Expense": -1622000.0,
        "Special Income Charges": -605000.0,
        "Write Off": 605000.0,
        "Earnings From Equity Interest": -8000.0,
        "Gain On Sale Of Security": -1009000.0,
        "Net Non Operating Interest Income Expense": 671000.0,
        "Interest Expense Non Operating": 223000.0,
        "Interest Income Non Operating": 894000.0,
        "Operating Income": 18715000.0,
        "Operating Expense": 73385000.0,
        "Other Operating Expenses": 5297000.0,
        "Provision For Doubtful Accounts": -166000.0,
        "Depreciation Amortization Depletion Income Statement": 4634000.0,
        "Depreciation And Amortization In Income Statement": 4634000.0,
        "Selling General And Administration": 63620000.0,
        "Selling And Marketing Expense": 33994000.0,
        "General And Administrative Expense": 29626000.0,
        "Other Gand A": 1699000.0,
        "Rent And Landing Fees": 506000.0,
        "Salaries And Wages": 27421000.0,
        "Gross Profit": 92100000.0,
        "Cost Of Revenue": 50862000.0,
        "Total Revenue": 142962000.0,
        "Operating Revenue": 142962000.0
    }
}