{
    "2023-03-31": {
        "Tax Effect Of Unusual Items": NaN,
        "Tax Rate For Calcs": NaN,
        "Normalized EBITDA": NaN,
        "Total Unusual Items": NaN,
        "Total Unusual Items Excluding Goodwill": NaN,
        "Net Income From Continuing Operation Net Minority Interest": NaN,
        "Reconciled Depreciation": NaN,
        "Reconciled Cost Of Revenue": NaN,
        "EBITDA": NaN,
        "EBIT": NaN,
        "Net Interest Income": NaN,
        "Interest Expense": NaN,
        "Interest Income": NaN,
        "Normalized Income": NaN,
        "Net Income From Continuing And Discontinued Operation": NaN,
        "Total Expenses": NaN,
        "Total Operating Income As Reported": NaN,
        "Diluted Average Shares": 111774425.0,
        "Basic Average Shares": 111774425.0,
        "Diluted EPS": -0.17,
        "Basic EPS": -0.17,
        "Diluted NI Availto Com Stockholders": NaN,
        "Average Dilution Earnings": NaN,
        "Net Income Common Stockholders": NaN,
        "Otherunder Preferred Stock Dividend": NaN,
        "Net Income": NaN,
        "Net Income Including Noncontrolling Interests": NaN,
        "Net Income Continuous Operations": NaN,
        "Pretax Income": NaN,
        "Other Income Expense": NaN,
        "Gain On Sale Of Security": NaN,
        "Net Non Operating Interest Income Expense": NaN,
        "Interest Expense Non Operating": NaN,
        "Interest Income Non Operating": NaN,
        "Operating Income": NaN,
        "Operating Expense": NaN,
        "Research And Development": NaN,
        "Selling General And Administration": NaN,
        "Gross Profit": NaN,
        "Cost Of Revenue": NaN,
        "Total Revenue": NaN,
        "Operating Revenue": NaN
    },
    "2022-12-31": {
        "Tax Effect Of Unusual Items": NaN,
        "Tax Rate For Calcs": NaN,
        "Normalized EBITDA": NaN,
        "Total Unusual Items": NaN,
        "Total Unusual Items Excluding Goodwill": NaN,
        "Net Income From Continuing Operation Net Minority Interest": NaN,
        "Reconciled Depreciation": NaN,
        "Reconciled Cost Of Revenue": NaN,
        "EBITDA": NaN,
        "EBIT": NaN,
        "Net Interest Income": NaN,
        "Interest Expense": NaN,
        "Interest Income": NaN,
        "Normalized Income": NaN,
        "Net Income From Continuing And Discontinued Operation": NaN,
        "Total Expenses": NaN,
        "Total Operating Income As Reported": NaN,
        "Diluted Average Shares": 94960910.0,
        "Basic Average Shares": 94960910.0,
        "Diluted EPS": -0.17,
        "Basic EPS": -0.17,
        "Diluted NI Availto Com Stockholders": NaN,
        "Net Income Common Stockholders": NaN,
        "Otherunder Preferred Stock Dividend": NaN,
        "Net Income": NaN,
        "Net Income Including Noncontrolling Interests": NaN,
        "Net Income Continuous Operations": NaN,
        "Pretax Income": NaN,
        "Other Income Expense": NaN,
        "Gain On Sale Of Security": NaN,
        "Net Non Operating Interest Income Expense": NaN,
        "Interest Expense Non Operating": NaN,
        "Interest Income Non Operating": NaN,
        "Operating Income": NaN,
        "Operating Expense": NaN,
        "Research And Development": NaN,
        "Selling General And Administration": NaN,
        "Gross Profit": NaN,
        "Cost Of Revenue": NaN,
        "Total Revenue": NaN,
        "Operating Revenue": NaN
    },
    "2022-09-30": {
        "Tax Effect Of Unusual Items": NaN,
        "Tax Rate For Calcs": NaN,
        "Normalized EBITDA": NaN,
        "Total Unusual Items": NaN,
        "Total Unusual Items Excluding Goodwill": NaN,
        "Net Income From Continuing Operation Net Minority Interest": NaN,
        "Reconciled Depreciation": NaN,
        "Reconciled Cost Of Revenue": NaN,
        "EBITDA": NaN,
        "EBIT": NaN,
        "Net Interest Income": NaN,
        "Interest Expense": NaN,
        "Interest Income": NaN,
        "Normalized Income": NaN,
        "Net Income From Continuing And Discontinued Operation": NaN,
        "Total Expenses": NaN,
        "Total Operating Income As Reported": NaN,
        "Diluted Average Shares": NaN,
        "Basic Average Shares": NaN,
        "Diluted EPS": NaN,
        "Basic EPS": NaN,
        "Diluted NI Availto Com Stockholders": NaN,
        "Net Income Common Stockholders": NaN,
        "Otherunder Preferred Stock Dividend": NaN,
        "Net Income": NaN,
        "Net Income Including Noncontrolling Interests": NaN,
        "Net Income Continuous Operations": NaN,
        "Pretax Income": NaN,
        "Other Income Expense": NaN,
        "Special Income Charges": 0.0,
        "Gain On Sale Of Ppe": 0.0,
        "Gain On Sale Of Security": NaN,
        "Net Non Operating Interest Income Expense": NaN,
        "Interest Expense Non Operating": NaN,
        "Interest Income Non Operating": NaN,
        "Operating Income": NaN,
        "Operating Expense": NaN,
        "Research And Development": NaN,
        "Selling General And Administration": NaN,
        "Gross Profit": NaN,
        "Cost Of Revenue": NaN,
        "Total Revenue": NaN,
        "Operating Revenue": NaN
    },
    "2022-06-30": {
        "Tax Effect Of Unusual Items": 0.0,
        "Tax Rate For Calcs": 0.0,
        "Normalized EBITDA": -15172000.0,
        "Total Unusual Items": -2000.0,
        "Total Unusual Items Excluding Goodwill": -2000.0,
        "Net Income From Continuing Operation Net Minority Interest": -19397000.0,
        "Reconciled Depreciation": 137000.0,
        "Reconciled Cost Of Revenue": 2143000.0,
        "EBITDA": -15174000.0,
        "EBIT": -15311000.0,
        "Net Interest Income": -4050000.0,
        "Interest Expense": 4086000.0,
        "Interest Income": 36000.0,
        "Normalized Income": -19395000.0,
        "Net Income From Continuing And Discontinued Operation": -19397000.0,
        "Total Expenses": 35927000.0,
        "Total Operating Income As Reported": -15345000.0,
        "Diluted Average Shares": 82740096.0,
        "Basic Average Shares": 82740096.0,
        "Diluted EPS": -0.23,
        "Basic EPS": -0.23,
        "Diluted NI Availto Com Stockholders": -19397000.0,
        "Net Income Common Stockholders": -19397000.0,
        "Otherunder Preferred Stock Dividend": NaN,
        "Net Income": -19397000.0,
        "Net Income Including Noncontrolling Interests": -19397000.0,
        "Net Income Continuous Operations": -19397000.0,
        "Pretax Income": -19397000.0,
        "Other Income Expense": -2000.0,
        "Other Non Operating Income Expenses": NaN,
        "Special Income Charges": 0.0,
        "Gain On Sale Of Ppe": 0.0,
        "Gain On Sale Of Security": -2000.0,
        "Net Non Operating Interest Income Expense": -4050000.0,
        "Interest Expense Non Operating": 4086000.0,
        "Interest Income Non Operating": 36000.0,
        "Operating Income": -15345000.0,
        "Operating Expense": 33784000.0,
        "Research And Development": 4270000.0,
        "Selling General And Administration": 29514000.0,
        "Gross Profit": 18439000.0,
        "Cost Of Revenue": 2143000.0,
        "Total Revenue": 20582000.0,
        "Operating Revenue": 20582000.0
    },
    "2022-03-31": {
        "Diluted EPS": -0.31,
        "Total Revenue": 15,
        "Gross Profit": 13,
        "Operating Income": -21,
        "EBIT": -21,
        "Net Income": -25
    },
    "2021-12-31": {
        "Diluted EPS": -0.2,
        "Total Revenue": 23,
        "Gross Profit": 20,
        "Operating Income": -12,
        "EBIT": -11,
        "Net Income": -16
    },
    "2021-09-30": {
        "Diluted EPS": -0.32,
        "Total Revenue": 22,
        "Gross Profit": 19,
        "Operating Income": -13,
        "EBIT": -12,
        "Net Income": -17
    },
    "2021-06-30": {
        "Diluted EPS": -0.44,
        "Total Revenue": 18,
        "Gross Profit": 16,
        "Operating Income": -20,
        "EBIT": -19,
        "Net Income": -24
    },
    "2021-03-31": {
        "Diluted EPS": -0.49,
        "Total Revenue": 12,
        "Gross Profit": 10,
        "Operating Income": -22,
        "EBIT": -22,
        "Net Income": -26
    },
    "2020-12-31": {
        "Diluted EPS": -0.45,
        "Total Revenue": 16,
        "Gross Profit": 14,
        "Operating Income": -20,
        "EBIT": -20,
        "Net Income": -24
    },
    "2020-09-30": {
        "Diluted EPS": -0.43,
        "Total Revenue": 15,
        "Gross Profit": 13,
        "Operating Income": -18,
        "EBIT": -17,
        "Net Income": -21
    },
    "2020-06-30": {
        "Diluted EPS": -0.56,
        "Total Revenue": 10,
        "Gross Profit": 9,
        "Operating Income": -23,
        "EBIT": -22,
        "Net Income": -26
    },
    "2020-03-31": {
        "Diluted EPS": -0.63,
        "Total Revenue": 7,
        "Gross Profit": 6,
        "Operating Income": -26,
        "EBIT": -26,
        "Net Income": -29
    },
    "2019-12-31": {
        "Diluted EPS": -0.58,
        "Total Revenue": 11,
        "Gross Profit": 9,
        "Operating Income": -23,
        "EBIT": -22,
        "Net Income": -25
    },
    "2019-09-30": {
        "Diluted EPS": -0.69,
        "Total Revenue": 12,
        "Gross Profit": 11,
        "Operating Income": -20,
        "EBIT": -19,
        "Net Income": -29
    },
    "2019-06-30": {
        "Diluted EPS": -0.66,
        "Total Revenue": 7,
        "Gross Profit": 6,
        "Operating Income": -26,
        "EBIT": -25,
        "Net Income": -27
    },
    "2019-03-31": {
        "Diluted EPS": -0.7,
        "Total Revenue": 4,
        "Gross Profit": 4,
        "Operating Income": -27,
        "EBIT": -27,
        "Net Income": -29
    },
    "2018-12-31": {
        "Diluted EPS": -0.62,
        "Total Revenue": 3,
        "Gross Profit": 2,
        "Operating Income": -25,
        "EBIT": -24,
        "Net Income": -26
    },
    "2018-09-30": {
        "Diluted EPS": -0.61,
        "Total Revenue": 2,
        "Gross Profit": 2,
        "Operating Income": -23,
        "EBIT": -23,
        "Net Income": -25
    },
    "2018-06-30": {
        "Diluted EPS": -0.64,
        "Total Revenue": 1,
        "Gross Profit": 1,
        "Operating Income": -23,
        "EBIT": -23,
        "Net Income": -25
    },
    "2018-03-31": {
        "Diluted EPS": -0.81,
        "Total Revenue": 1,
        "Gross Profit": 1,
        "Operating Income": -29,
        "EBIT": -29,
        "Net Income": -31
    },
    "2017-12-31": {
        "Diluted EPS": 4.63,
        "Total Revenue": NaN,
        "Gross Profit": NaN,
        "Operating Income": -20,
        "EBIT": -20,
        "Net Income": -20
    },
    "2017-09-30": {
        "Diluted EPS": -4.23,
        "Total Revenue": NaN,
        "Gross Profit": NaN,
        "Operating Income": -13,
        "EBIT": -13,
        "Net Income": -17
    },
    "2017-06-30": {
        "Diluted EPS": -3.16,
        "Total Revenue": NaN,
        "Gross Profit": NaN,
        "Operating Income": -8,
        "EBIT": -8,
        "Net Income": -13
    },
    "2017-03-31": {
        "Diluted EPS": -2.87,
        "Total Revenue": NaN,
        "Gross Profit": NaN,
        "Operating Income": -7,
        "EBIT": -7,
        "Net Income": -12
    },
    "2016-12-31": {
        "Diluted EPS": 0.0,
        "Total Revenue": NaN,
        "Gross Profit": NaN,
        "Operating Income": NaN,
        "EBIT": NaN,
        "Net Income": NaN
    },
    "2016-09-30": {
        "Diluted EPS": -2.32,
        "Total Revenue": NaN,
        "Gross Profit": NaN,
        "Operating Income": -6,
        "EBIT": -6,
        "Net Income": -9
    },
    "2015-12-31": {
        "Diluted EPS": 0.0,
        "Total Revenue": NaN,
        "Gross Profit": NaN,
        "Operating Income": NaN,
        "EBIT": NaN,
        "Net Income": NaN
    },
    "2023-06-30": {
        "Tax Effect Of Unusual Items": NaN,
        "Tax Rate For Calcs": NaN,
        "Normalized EBITDA": NaN,
        "Total Unusual Items": NaN,
        "Total Unusual Items Excluding Goodwill": NaN,
        "Net Income From Continuing Operation Net Minority Interest": NaN,
        "Reconciled Depreciation": NaN,
        "Reconciled Cost Of Revenue": NaN,
        "EBITDA": NaN,
        "EBIT": NaN,
        "Net Interest Income": NaN,
        "Interest Expense": NaN,
        "Interest Income": NaN,
        "Normalized Income": NaN,
        "Net Income From Continuing And Discontinued Operation": NaN,
        "Total Expenses": NaN,
        "Total Operating Income As Reported": NaN,
        "Diluted Average Shares": NaN,
        "Basic Average Shares": NaN,
        "Diluted EPS": NaN,
        "Basic EPS": NaN,
        "Diluted NI Availto Com Stockholders": NaN,
        "Average Dilution Earnings": 0.0,
        "Net Income Common Stockholders": NaN,
        "Otherunder Preferred Stock Dividend": 53000.0,
        "Net Income": NaN,
        "Net Income Including Noncontrolling Interests": NaN,
        "Net Income Continuous Operations": NaN,
        "Pretax Income": NaN,
        "Other Income Expense": NaN,
        "Gain On Sale Of Security": NaN,
        "Net Non Operating Interest Income Expense": NaN,
        "Interest Expense Non Operating": NaN,
        "Interest Income Non Operating": NaN,
        "Operating Income": NaN,
        "Operating Expense": NaN,
        "Research And Development": NaN,
        "Selling General And Administration": NaN,
        "Gross Profit": NaN,
        "Cost Of Revenue": NaN,
        "Total Revenue": NaN,
        "Operating Revenue": NaN
    },
    "2023-09-30": {
        "Tax Effect Of Unusual Items": NaN,
        "Tax Rate For Calcs": NaN,
        "Normalized EBITDA": NaN,
        "Total Unusual Items": -3205000.0,
        "Total Unusual Items Excluding Goodwill": -3205000.0,
        "Net Income From Continuing Operation Net Minority Interest": NaN,
        "Reconciled Depreciation": NaN,
        "Reconciled Cost Of Revenue": NaN,
        "EBITDA": NaN,
        "EBIT": NaN,
        "Net Interest Income": NaN,
        "Interest Expense": NaN,
        "Interest Income": NaN,
        "Normalized Income": NaN,
        "Net Income From Continuing And Discontinued Operation": NaN,
        "Total Expenses": NaN,
        "Total Operating Income As Reported": NaN,
        "Diluted Average Shares": 7482010.0,
        "Basic Average Shares": 7482010.0,
        "Diluted EPS": -1.2,
        "Basic EPS": -1.2,
        "Diluted NI Availto Com Stockholders": NaN,
        "Average Dilution Earnings": 0.0,
        "Net Income Common Stockholders": NaN,
        "Otherunder Preferred Stock Dividend": 0.0,
        "Net Income": NaN,
        "Net Income Including Noncontrolling Interests": NaN,
        "Net Income Continuous Operations": NaN,
        "Pretax Income": NaN,
        "Other Income Expense": NaN,
        "Gain On Sale Of Security": -3205000.0,
        "Net Non Operating Interest Income Expense": NaN,
        "Interest Expense Non Operating": NaN,
        "Interest Income Non Operating": NaN,
        "Operating Income": NaN,
        "Operating Expense": NaN,
        "Research And Development": NaN,
        "Selling General And Administration": NaN,
        "Gross Profit": NaN,
        "Cost Of Revenue": NaN,
        "Total Revenue": NaN,
        "Operating Revenue": NaN
    },
    "2023-12-31": {
        "Tax Effect Of Unusual Items": 0.0,
        "Tax Rate For Calcs": 0.0,
        "Normalized EBITDA": -1863000.0,
        "Total Unusual Items": -2892000.0,
        "Total Unusual Items Excluding Goodwill": -2892000.0,
        "Net Income From Continuing Operation Net Minority Interest": -9967000.0,
        "Reconciled Depreciation": 120000.0,
        "Reconciled Cost Of Revenue": 2131000.0,
        "EBITDA": -4755000.0,
        "EBIT": -4875000.0,
        "Net Interest Income": -4539000.0,
        "Interest Expense": 5092000.0,
        "Interest Income": 553000.0,
        "Normalized Income": -7075000.0,
        "Net Income From Continuing And Discontinued Operation": -9967000.0,
        "Total Expenses": 22377000.0,
        "Total Operating Income As Reported": -2512000.0,
        "Diluted Average Shares": NaN,
        "Basic Average Shares": NaN,
        "Diluted EPS": NaN,
        "Basic EPS": NaN,
        "Diluted NI Availto Com Stockholders": -9967000.0,
        "Average Dilution Earnings": NaN,
        "Net Income Common Stockholders": -9967000.0,
        "Otherunder Preferred Stock Dividend": NaN,
        "Net Income": -9967000.0,
        "Net Income Including Noncontrolling Interests": -9967000.0,
        "Net Income Continuous Operations": -9967000.0,
        "Pretax Income": -9967000.0,
        "Other Income Expense": -2916000.0,
        "Gain On Sale Of Security": -2892000.0,
        "Net Non Operating Interest Income Expense": -4539000.0,
        "Interest Expense Non Operating": 5092000.0,
        "Interest Income Non Operating": 553000.0,
        "Operating Income": -2512000.0,
        "Operating Expense": 20246000.0,
        "Research And Development": 1286000.0,
        "Selling General And Administration": 18960000.0,
        "Gross Profit": 17734000.0,
        "Cost Of Revenue": 2131000.0,
        "Total Revenue": 19865000.0,
        "Operating Revenue": 19865000.0
    },
    "2024-03-31": {
        "Tax Effect Of Unusual Items": 0.0,
        "Tax Rate For Calcs": 0.0,
        "Normalized EBITDA": -7696000.0,
        "Total Unusual Items": -1318000.0,
        "Total Unusual Items Excluding Goodwill": -1318000.0,
        "Net Income From Continuing Operation Net Minority Interest": -14067000.0,
        "Reconciled Depreciation": 83000.0,
        "Reconciled Cost Of Revenue": 1231000.0,
        "EBITDA": -9014000.0,
        "EBIT": -9097000.0,
        "Net Interest Income": -4674000.0,
        "Interest Expense": 4970000.0,
        "Interest Income": 296000.0,
        "Normalized Income": -12749000.0,
        "Net Income From Continuing And Discontinued Operation": -14067000.0,
        "Total Expenses": 22955000.0,
        "Total Operating Income As Reported": -8075000.0,
        "Diluted Average Shares": 7506323.0,
        "Basic Average Shares": 7506323.0,
        "Diluted EPS": -1.8,
        "Basic EPS": -1.8,
        "Diluted NI Availto Com Stockholders": -14067000.0,
        "Average Dilution Earnings": NaN,
        "Net Income Common Stockholders": -14067000.0,
        "Otherunder Preferred Stock Dividend": NaN,
        "Net Income": -14067000.0,
        "Net Income Including Noncontrolling Interests": -14067000.0,
        "Net Income Continuous Operations": -14067000.0,
        "Pretax Income": -14067000.0,
        "Other Income Expense": -1318000.0,
        "Gain On Sale Of Security": -1318000.0,
        "Net Non Operating Interest Income Expense": -4674000.0,
        "Interest Expense Non Operating": 4970000.0,
        "Interest Income Non Operating": 296000.0,
        "Operating Income": -8075000.0,
        "Operating Expense": 21724000.0,
        "Research And Development": 1206000.0,
        "Selling General And Administration": 20518000.0,
        "Gross Profit": 13649000.0,
        "Cost Of Revenue": 1231000.0,
        "Total Revenue": 14880000.0,
        "Operating Revenue": 14880000.0
    },
    "2024-06-30": {
        "Tax Effect Of Unusual Items": 0.0,
        "Tax Rate For Calcs": 0.0,
        "Normalized EBITDA": -5669000.0,
        "Total Unusual Items": 3105000.0,
        "Total Unusual Items Excluding Goodwill": 3105000.0,
        "Net Income From Continuing Operation Net Minority Interest": -7581000.0,
        "Reconciled Depreciation": 70000.0,
        "Reconciled Cost Of Revenue": 1981000.0,
        "EBITDA": -2564000.0,
        "EBIT": -2634000.0,
        "Net Interest Income": -4138000.0,
        "Interest Expense": 4947000.0,
        "Interest Income": 809000.0,
        "Normalized Income": -10686000.0,
        "Net Income From Continuing And Discontinued Operation": -7581000.0,
        "Total Expenses": 27038000.0,
        "Total Operating Income As Reported": -6548000.0,
        "Diluted Average Shares": 10046558.0,
        "Basic Average Shares": 9830358.0,
        "Diluted EPS": -1.05,
        "Basic EPS": -0.75,
        "Diluted NI Availto Com Stockholders": -10681000.0,
        "Average Dilution Earnings": -3100000.0,
        "Net Income Common Stockholders": -7581000.0,
        "Otherunder Preferred Stock Dividend": 0.0,
        "Net Income": -7581000.0,
        "Net Income Including Noncontrolling Interests": -7581000.0,
        "Net Income Continuous Operations": -7581000.0,
        "Pretax Income": -7581000.0,
        "Other Income Expense": 3105000.0,
        "Gain On Sale Of Security": 3105000.0,
        "Net Non Operating Interest Income Expense": -4138000.0,
        "Interest Expense Non Operating": 4947000.0,
        "Interest Income Non Operating": 809000.0,
        "Operating Income": -6548000.0,
        "Operating Expense": 25057000.0,
        "Research And Development": 928000.0,
        "Selling General And Administration": 24129000.0,
        "Gross Profit": 18509000.0,
        "Cost Of Revenue": 1981000.0,
        "Total Revenue": 20490000.0,
        "Operating Revenue": 20490000.0
    },
    "2024-09-30": {
        "Tax Effect Of Unusual Items": 1449000.0,
        "Tax Rate For Calcs": 0.21,
        "Normalized EBITDA": -1074000.0,
        "Total Unusual Items": 6900000.0,
        "Total Unusual Items Excluding Goodwill": 6900000.0,
        "Net Income From Continuing Operation Net Minority Interest": 467000.0,
        "Reconciled Depreciation": 65000.0,
        "Reconciled Cost Of Revenue": 2065000.0,
        "EBITDA": 5826000.0,
        "EBIT": 5761000.0,
        "Net Interest Income": -4381000.0,
        "Interest Expense": 5294000.0,
        "Interest Income": 913000.0,
        "Normalized Income": -4984000.0,
        "Net Income From Continuing And Discontinued Operation": 467000.0,
        "Total Expenses": 22489000.0,
        "Total Operating Income As Reported": -2052000.0,
        "Diluted Average Shares": 11624658.0,
        "Basic Average Shares": 11621904.0,
        "Diluted EPS": 0.033807,
        "Basic EPS": 0.033815,
        "Diluted NI Availto Com Stockholders": 393000.0,
        "Average Dilution Earnings": 0.0,
        "Net Income Common Stockholders": 393000.0,
        "Otherunder Preferred Stock Dividend": 74000.0,
        "Net Income": 467000.0,
        "Net Income Including Noncontrolling Interests": 467000.0,
        "Net Income Continuous Operations": 467000.0,
        "Pretax Income": 467000.0,
        "Other Income Expense": 6900000.0,
        "Gain On Sale Of Security": 6900000.0,
        "Net Non Operating Interest Income Expense": -4381000.0,
        "Interest Expense Non Operating": 5294000.0,
        "Interest Income Non Operating": 913000.0,
        "Operating Income": -2052000.0,
        "Operating Expense": 20424000.0,
        "Research And Development": 949000.0,
        "Selling General And Administration": 19475000.0,
        "Gross Profit": 18372000.0,
        "Cost Of Revenue": 2065000.0,
        "Total Revenue": 20437000.0,
        "Operating Revenue": 20437000.0
    },
    "2024-12-31": {
        "Tax Effect Of Unusual Items": 0.0,
        "Tax Rate For Calcs": 0.0,
        "Normalized EBITDA": 4553000.0,
        "Total Unusual Items": NaN,
        "Total Unusual Items Excluding Goodwill": NaN,
        "Net Income From Continuing Operation Net Minority Interest": -360000.0,
        "Reconciled Depreciation": 65000.0,
        "Reconciled Cost Of Revenue": 1954000.0,
        "EBITDA": 4553000.0,
        "EBIT": 4488000.0,
        "Net Interest Income": -4115000.0,
        "Interest Expense": 4848000.0,
        "Interest Income": 733000.0,
        "Normalized Income": -360000.0,
        "Net Income From Continuing And Discontinued Operation": -360000.0,
        "Total Expenses": 22064000.0,
        "Total Operating Income As Reported": 355000.0,
        "Diluted Average Shares": 11635909.0,
        "Basic Average Shares": 11635909.0,
        "Diluted EPS": -0.03,
        "Basic EPS": -0.03,
        "Diluted NI Availto Com Stockholders": 8340000.0,
        "Average Dilution Earnings": NaN,
        "Net Income Common Stockholders": -360000.0,
        "Otherunder Preferred Stock Dividend": NaN,
        "Net Income": -360000.0,
        "Net Income Including Noncontrolling Interests": -360000.0,
        "Net Income Continuous Operations": -360000.0,
        "Pretax Income": -360000.0,
        "Other Income Expense": 3400000.0,
        "Gain On Sale Of Security": NaN,
        "Net Non Operating Interest Income Expense": -4115000.0,
        "Interest Expense Non Operating": 4848000.0,
        "Interest Income Non Operating": 733000.0,
        "Operating Income": 355000.0,
        "Operating Expense": 20110000.0,
        "Research And Development": 772000.0,
        "Selling General And Administration": 19338000.0,
        "Gross Profit": 20465000.0,
        "Cost Of Revenue": 1954000.0,
        "Total Revenue": 22419000.0,
        "Operating Revenue": 22419000.0
    }
}