{
    "2023-06-30": {
        "Tax Effect Of Unusual Items": 0.0,
        "Tax Rate For Calcs": 0.182152,
        "Normalized EBITDA": 14892000.0,
        "Net Income From Continuing Operation Net Minority Interest": -9400000.0,
        "Reconciled Depreciation": 9124000.0,
        "Reconciled Cost Of Revenue": 193151000.0,
        "EBITDA": 14892000.0,
        "EBIT": 5768000.0,
        "Net Interest Income": -17467000.0,
        "Interest Expense": 17467000.0,
        "Normalized Income": -9400000.0,
        "Net Income From Continuing And Discontinued Operation": -9400000.0,
        "Total Expenses": 232374000.0,
        "Rent Expense Supplemental": 16440000.0,
        "Diluted Average Shares": 11016430.0,
        "Basic Average Shares": 11016430.0,
        "Diluted EPS": -0.85,
        "Basic EPS": -0.85,
        "Diluted NI Availto Com Stockholders": -9400000.0,
        "Net Income Common Stockholders": -9400000.0,
        "Net Income": -9400000.0,
        "Minority Interests": 168000.0,
        "Net Income Including Noncontrolling Interests": -9568000.0,
        "Net Income Continuous Operations": -9568000.0,
        "Tax Provision": -2131000.0,
        "Pretax Income": -11699000.0,
        "Other Income Expense": -68047000.0,
        "Other Non Operating Income Expenses": -68047000.0,
        "Net Non Operating Interest Income Expense": -17467000.0,
        "Interest Expense Non Operating": 17467000.0,
        "Operating Income": 73815000.0,
        "Operating Expense": 39223000.0,
        "Selling General And Administration": 39223000.0,
        "General And Administrative Expense": 39223000.0,
        "Other Gand A": 22783000.0,
        "Rent And Landing Fees": 16440000.0,
        "Gross Profit": 113038000.0,
        "Cost Of Revenue": 193151000.0,
        "Total Revenue": 306189000.0,
        "Operating Revenue": 297170000.0
    },
    "2023-03-31": {
        "Tax Effect Of Unusual Items": 0.0,
        "Tax Rate For Calcs": 0.241,
        "Normalized EBITDA": 40909000.0,
        "Net Income From Continuing Operation Net Minority Interest": 14617000.0,
        "Reconciled Depreciation": 8718000.0,
        "Reconciled Cost Of Revenue": 212555000.0,
        "EBITDA": 40909000.0,
        "EBIT": 32191000.0,
        "Net Interest Income": -13142000.0,
        "Interest Expense": 13142000.0,
        "Normalized Income": 14617000.0,
        "Net Income From Continuing And Discontinued Operation": 14617000.0,
        "Total Expenses": 250896000.0,
        "Rent Expense Supplemental": 15901000.0,
        "Diluted Average Shares": 11963492.0,
        "Basic Average Shares": 11092603.0,
        "Diluted EPS": 1.22,
        "Basic EPS": 1.32,
        "Diluted NI Availto Com Stockholders": 14617000.0,
        "Net Income Common Stockholders": 14617000.0,
        "Net Income": 14617000.0,
        "Minority Interests": 153000.0,
        "Net Income Including Noncontrolling Interests": 14464000.0,
        "Net Income Continuous Operations": 14464000.0,
        "Tax Provision": 4585000.0,
        "Pretax Income": 19049000.0,
        "Other Income Expense": -38592000.0,
        "Other Non Operating Income Expenses": -38592000.0,
        "Net Non Operating Interest Income Expense": -13142000.0,
        "Interest Expense Non Operating": 13142000.0,
        "Operating Income": 70783000.0,
        "Operating Expense": 38341000.0,
        "Selling General And Administration": 38341000.0,
        "General And Administrative Expense": 38341000.0,
        "Other Gand A": 22440000.0,
        "Rent And Landing Fees": 15901000.0,
        "Gross Profit": 109124000.0,
        "Cost Of Revenue": 212555000.0,
        "Total Revenue": 321679000.0,
        "Operating Revenue": 312546000.0
    },
    "2022-12-31": {
        "Tax Effect Of Unusual Items": 0.0,
        "Tax Rate For Calcs": 0.260472,
        "Normalized EBITDA": 49611000.0,
        "Net Income From Continuing Operation Net Minority Interest": 22413000.0,
        "Reconciled Depreciation": 8651000.0,
        "Reconciled Cost Of Revenue": 204326000.0,
        "EBITDA": 49611000.0,
        "EBIT": 40960000.0,
        "Net Interest Income": -10688000.0,
        "Interest Expense": 10688000.0,
        "Normalized Income": 22413000.0,
        "Net Income From Continuing And Discontinued Operation": 22413000.0,
        "Total Expenses": 241015000.0,
        "Rent Expense Supplemental": 15196000.0,
        "Diluted Average Shares": 11969012.0,
        "Basic Average Shares": 10967276.0,
        "Diluted EPS": 1.87,
        "Basic EPS": 2.04,
        "Diluted NI Availto Com Stockholders": 22413000.0,
        "Net Income Common Stockholders": 22413000.0,
        "Net Income": 22413000.0,
        "Minority Interests": 26000.0,
        "Net Income Including Noncontrolling Interests": 22387000.0,
        "Net Income Continuous Operations": 22387000.0,
        "Tax Provision": 7885000.0,
        "Pretax Income": 30272000.0,
        "Other Income Expense": -31605000.0,
        "Other Non Operating Income Expenses": -31605000.0,
        "Net Non Operating Interest Income Expense": -10688000.0,
        "Interest Expense Non Operating": 10688000.0,
        "Operating Income": 72565000.0,
        "Operating Expense": 36689000.0,
        "Selling General And Administration": 36689000.0,
        "General And Administrative Expense": 36689000.0,
        "Other Gand A": 21493000.0,
        "Rent And Landing Fees": 15196000.0,
        "Gross Profit": 109254000.0,
        "Cost Of Revenue": 204326000.0,
        "Total Revenue": 313580000.0,
        "Operating Revenue": 304148000.0
    },
    "2022-09-30": {
        "Tax Effect Of Unusual Items": 0.0,
        "Tax Rate For Calcs": 0.355,
        "Normalized EBITDA": 23038000.0,
        "Net Income From Continuing Operation Net Minority Interest": 4520000.0,
        "Reconciled Depreciation": 8782000.0,
        "Reconciled Cost Of Revenue": 185839000.0,
        "EBITDA": 23038000.0,
        "EBIT": 14256000.0,
        "Net Interest Income": -7018000.0,
        "Interest Expense": 7018000.0,
        "Normalized Income": 4520000.0,
        "Net Income From Continuing And Discontinued Operation": 4520000.0,
        "Total Expenses": 222796000.0,
        "Rent Expense Supplemental": 15457000.0,
        "Diluted Average Shares": 12190425.0,
        "Basic Average Shares": 11270589.0,
        "Diluted EPS": 0.37,
        "Basic EPS": 0.4,
        "Diluted NI Availto Com Stockholders": 4520000.0,
        "Net Income Common Stockholders": 4520000.0,
        "Net Income": 4520000.0,
        "Minority Interests": -145000.0,
        "Net Income Including Noncontrolling Interests": 4665000.0,
        "Net Income Continuous Operations": 4665000.0,
        "Tax Provision": 2573000.0,
        "Pretax Income": 7238000.0,
        "Other Income Expense": -57059000.0,
        "Other Non Operating Income Expenses": -57059000.0,
        "Net Non Operating Interest Income Expense": -7018000.0,
        "Interest Expense Non Operating": 7018000.0,
        "Operating Income": 71315000.0,
        "Operating Expense": 36957000.0,
        "Selling General And Administration": 36957000.0,
        "General And Administrative Expense": 36957000.0,
        "Other Gand A": 21500000.0,
        "Rent And Landing Fees": 15457000.0,
        "Gross Profit": 108272000.0,
        "Cost Of Revenue": 185839000.0,
        "Total Revenue": 294111000.0,
        "Operating Revenue": 290560000.0
    },
    "2022-06-30": {
        "Tax Effect Of Unusual Items": 0.0,
        "Tax Rate For Calcs": 0.235,
        "Normalized EBITDA": 5869000.0,
        "Net Income From Continuing Operation Net Minority Interest": -3874000.0,
        "Reconciled Depreciation": 8410000.0,
        "Reconciled Cost Of Revenue": 184221000.0,
        "EBITDA": 5869000.0,
        "EBIT": -2541000.0,
        "Net Interest Income": -3628000.0,
        "Interest Expense": 3628000.0,
        "Normalized Income": -3874000.0,
        "Net Income From Continuing And Discontinued Operation": -3874000.0,
        "Total Expenses": 219671000.0,
        "Rent Expense Supplemental": 14554000.0,
        "Diluted Average Shares": 11980115.0,
        "Basic Average Shares": 11980115.0,
        "Diluted EPS": -0.32,
        "Basic EPS": -0.32,
        "Diluted NI Availto Com Stockholders": -3874000.0,
        "Net Income Common Stockholders": -3874000.0,
        "Net Income": -3874000.0,
        "Minority Interests": 846000.0,
        "Net Income Including Noncontrolling Interests": -4720000.0,
        "Net Income Continuous Operations": -4720000.0,
        "Tax Provision": -1449000.0,
        "Pretax Income": -6169000.0,
        "Other Income Expense": -20092000.0,
        "Other Non Operating Income Expenses": -20092000.0,
        "Net Non Operating Interest Income Expense": -3628000.0,
        "Interest Expense Non Operating": 3628000.0,
        "Operating Income": 17551000.0,
        "Operating Expense": 35450000.0,
        "Selling General And Administration": 35450000.0,
        "General And Administrative Expense": 35450000.0,
        "Other Gand A": 20896000.0,
        "Rent And Landing Fees": 14554000.0,
        "Gross Profit": 53001000.0,
        "Cost Of Revenue": 184221000.0,
        "Total Revenue": 237222000.0,
        "Operating Revenue": 246328000.0
    },
    "2022-03-31": {
        "Diluted EPS": 0.69,
        "Total Revenue": 266,
        "Gross Profit": 260,
        "Operating Income": 38,
        "EBIT": 50,
        "Net Income": 9
    },
    "2021-12-31": {
        "Diluted EPS": 4.59,
        "Total Revenue": 365,
        "Gross Profit": 359,
        "Operating Income": 130,
        "EBIT": 142,
        "Net Income": 63
    },
    "2021-09-30": {
        "Diluted EPS": 1.92,
        "Total Revenue": 315,
        "Gross Profit": 310,
        "Operating Income": 69,
        "EBIT": 81,
        "Net Income": 26
    },
    "2021-06-30": {
        "Diluted EPS": 2.28,
        "Total Revenue": 340,
        "Gross Profit": 335,
        "Operating Income": 70,
        "EBIT": 81,
        "Net Income": 31
    },
    "2021-03-31": {
        "Diluted EPS": 2.91,
        "Total Revenue": 373,
        "Gross Profit": 367,
        "Operating Income": 76,
        "EBIT": 88,
        "Net Income": 39
    },
    "2020-12-31": {
        "Diluted EPS": 6.19,
        "Total Revenue": 423,
        "Gross Profit": 418,
        "Operating Income": 137,
        "EBIT": 148,
        "Net Income": 82
    },
    "2020-09-30": {
        "Diluted EPS": 1.19,
        "Total Revenue": 276,
        "Gross Profit": 270,
        "Operating Income": 46,
        "EBIT": 57,
        "Net Income": 16
    },
    "2020-06-30": {
        "Diluted EPS": 1.34,
        "Total Revenue": 265,
        "Gross Profit": 259,
        "Operating Income": 42,
        "EBIT": 53,
        "Net Income": 18
    },
    "2020-03-31": {
        "Diluted EPS": 0.58,
        "Total Revenue": 235,
        "Gross Profit": 229,
        "Operating Income": 35,
        "EBIT": 47,
        "Net Income": 8
    },
    "2019-12-31": {
        "Diluted EPS": 1.83,
        "Total Revenue": 296,
        "Gross Profit": 290,
        "Operating Income": 65,
        "EBIT": 76,
        "Net Income": 25
    },
    "2019-09-30": {
        "Diluted EPS": 0.29,
        "Total Revenue": 235,
        "Gross Profit": 229,
        "Operating Income": 41,
        "EBIT": 53,
        "Net Income": 4
    },
    "2019-06-30": {
        "Diluted EPS": 0.89,
        "Total Revenue": 251,
        "Gross Profit": 245,
        "Operating Income": 53,
        "EBIT": 71,
        "Net Income": 12
    },
    "2019-03-31": {
        "Diluted EPS": 0.81,
        "Total Revenue": 252,
        "Gross Profit": 246,
        "Operating Income": 51,
        "EBIT": 56,
        "Net Income": 11
    },
    "2018-12-31": {
        "Diluted EPS": 0.58,
        "Total Revenue": 243,
        "Gross Profit": 238,
        "Operating Income": 53,
        "EBIT": 58,
        "Net Income": 8
    },
    "2018-09-30": {
        "Diluted EPS": 0.36,
        "Total Revenue": 238,
        "Gross Profit": 232,
        "Operating Income": 46,
        "EBIT": 51,
        "Net Income": 5
    },
    "2018-06-30": {
        "Diluted EPS": 0.63,
        "Total Revenue": 243,
        "Gross Profit": 237,
        "Operating Income": 52,
        "EBIT": 57,
        "Net Income": 9
    },
    "2018-03-31": {
        "Diluted EPS": 0.48,
        "Total Revenue": 235,
        "Gross Profit": 228,
        "Operating Income": 41,
        "EBIT": 46,
        "Net Income": 7
    },
    "2017-12-31": {
        "Diluted EPS": 1.56,
        "Total Revenue": 265,
        "Gross Profit": 259,
        "Operating Income": 52,
        "EBIT": 56,
        "Net Income": 21
    },
    "2017-09-30": {
        "Diluted EPS": 0.57,
        "Total Revenue": 226,
        "Gross Profit": 221,
        "Operating Income": 45,
        "EBIT": 50,
        "Net Income": 8
    },
    "2017-06-30": {
        "Diluted EPS": -0.1,
        "Total Revenue": 216,
        "Gross Profit": 210,
        "Operating Income": 34,
        "EBIT": 38,
        "Net Income": -1
    },
    "2017-03-31": {
        "Diluted EPS": -0.36,
        "Total Revenue": 213,
        "Gross Profit": 207,
        "Operating Income": 31,
        "EBIT": 35,
        "Net Income": -5
    },
    "2016-12-31": {
        "Diluted EPS": -0.14,
        "Total Revenue": 219,
        "Gross Profit": 213,
        "Operating Income": 27,
        "EBIT": 34,
        "Net Income": -2
    },
    "2016-09-30": {
        "Diluted EPS": -0.05,
        "Total Revenue": 212,
        "Gross Profit": 206,
        "Operating Income": 32,
        "EBIT": 35,
        "Net Income": -1
    },
    "2016-06-30": {
        "Diluted EPS": 0.39,
        "Total Revenue": 212,
        "Gross Profit": 206,
        "Operating Income": 32,
        "EBIT": 37,
        "Net Income": 5
    },
    "2016-03-31": {
        "Diluted EPS": -0.29,
        "Total Revenue": 215,
        "Gross Profit": 208,
        "Operating Income": 27,
        "EBIT": 33,
        "Net Income": -4
    },
    "2015-12-31": {
        "Diluted EPS": -0.21,
        "Total Revenue": 217,
        "Gross Profit": 210,
        "Operating Income": 24,
        "EBIT": 29,
        "Net Income": -3
    },
    "2015-09-30": {
        "Diluted EPS": -0.07,
        "Total Revenue": 207,
        "Gross Profit": 201,
        "Operating Income": 29,
        "EBIT": 34,
        "Net Income": -1
    },
    "2015-06-30": {
        "Diluted EPS": 0.02,
        "Total Revenue": 228,
        "Gross Profit": 222,
        "Operating Income": 36,
        "EBIT": 41,
        "Net Income": 0
    },
    "2015-03-31": {
        "Diluted EPS": 0.4,
        "Total Revenue": 246,
        "Gross Profit": 239,
        "Operating Income": 43,
        "EBIT": 49,
        "Net Income": 6
    },
    "2014-12-31": {
        "Diluted EPS": 0.19,
        "Total Revenue": 232,
        "Gross Profit": 225,
        "Operating Income": 31,
        "EBIT": 38,
        "Net Income": 3
    },
    "2014-09-30": {
        "Diluted EPS": 0.31,
        "Total Revenue": 245,
        "Gross Profit": 239,
        "Operating Income": 46,
        "EBIT": 52,
        "Net Income": 4
    },
    "2014-06-30": {
        "Diluted EPS": -0.11,
        "Total Revenue": 250,
        "Gross Profit": 244,
        "Operating Income": 50,
        "EBIT": 57,
        "Net Income": -2
    },
    "2014-03-31": {
        "Diluted EPS": 0.23,
        "Total Revenue": 255,
        "Gross Profit": 249,
        "Operating Income": 45,
        "EBIT": 52,
        "Net Income": 3
    },
    "2013-12-31": {
        "Diluted EPS": 0.94,
        "Total Revenue": 293,
        "Gross Profit": 287,
        "Operating Income": 59,
        "EBIT": 67,
        "Net Income": 13
    },
    "2013-09-30": {
        "Diluted EPS": 0.37,
        "Total Revenue": 243,
        "Gross Profit": 237,
        "Operating Income": 43,
        "EBIT": 51,
        "Net Income": 5
    },
    "2013-06-30": {
        "Diluted EPS": 0.2,
        "Total Revenue": 244,
        "Gross Profit": 238,
        "Operating Income": 44,
        "EBIT": 52,
        "Net Income": 3
    },
    "2013-03-31": {
        "Diluted EPS": 0.26,
        "Total Revenue": 239,
        "Gross Profit": 233,
        "Operating Income": 40,
        "EBIT": 49,
        "Net Income": 4
    },
    "2012-12-31": {
        "Diluted EPS": -0.26,
        "Total Revenue": 249,
        "Gross Profit": 244,
        "Operating Income": 59,
        "EBIT": 71,
        "Net Income": -4
    },
    "2012-09-30": {
        "Diluted EPS": 0.16,
        "Total Revenue": 232,
        "Gross Profit": 226,
        "Operating Income": 40,
        "EBIT": 48,
        "Net Income": 2
    },
    "2012-06-30": {
        "Diluted EPS": 0.17,
        "Total Revenue": 233,
        "Gross Profit": 227,
        "Operating Income": 44,
        "EBIT": 51,
        "Net Income": 2
    },
    "2012-03-31": {
        "Diluted EPS": -0.34,
        "Total Revenue": 238,
        "Gross Profit": 232,
        "Operating Income": 33,
        "EBIT": 44,
        "Net Income": -5
    },
    "2011-12-31": {
        "Diluted EPS": 0.25,
        "Total Revenue": 229,
        "Gross Profit": 224,
        "Operating Income": 41,
        "EBIT": 53,
        "Net Income": 3
    },
    "2011-09-30": {
        "Diluted EPS": 0.15,
        "Total Revenue": 232,
        "Gross Profit": 225,
        "Operating Income": 42,
        "EBIT": 51,
        "Net Income": 2
    },
    "2011-06-30": {
        "Diluted EPS": -0.02,
        "Total Revenue": 245,
        "Gross Profit": 238,
        "Operating Income": 43,
        "EBIT": 53,
        "Net Income": 0
    },
    "2011-03-31": {
        "Diluted EPS": 0.36,
        "Total Revenue": 253,
        "Gross Profit": 247,
        "Operating Income": 42,
        "EBIT": 52,
        "Net Income": 5
    },
    "2010-12-31": {
        "Diluted EPS": 1.19,
        "Total Revenue": 298,
        "Gross Profit": 292,
        "Operating Income": 62,
        "EBIT": 71,
        "Net Income": 17
    },
    "2010-09-30": {
        "Diluted EPS": 0.26,
        "Total Revenue": 235,
        "Gross Profit": 230,
        "Operating Income": 36,
        "EBIT": 46,
        "Net Income": 4
    },
    "2010-06-30": {
        "Diluted EPS": 0.66,
        "Total Revenue": 257,
        "Gross Profit": 249,
        "Operating Income": 50,
        "EBIT": 60,
        "Net Income": 9
    },
    "2010-03-31": {
        "Diluted EPS": 0.66,
        "Total Revenue": 246,
        "Gross Profit": 240,
        "Operating Income": 47,
        "EBIT": 56,
        "Net Income": 9
    },
    "2009-12-31": {
        "Diluted EPS": 0.57,
        "Total Revenue": 272,
        "Gross Profit": 265,
        "Operating Income": 47,
        "EBIT": 56,
        "Net Income": 8
    },
    "2009-09-30": {
        "Diluted EPS": 0.59,
        "Total Revenue": 262,
        "Gross Profit": 255,
        "Operating Income": 47,
        "EBIT": 56,
        "Net Income": 8
    },
    "2009-06-30": {
        "Diluted EPS": 0.54,
        "Total Revenue": 251,
        "Gross Profit": 244,
        "Operating Income": 43,
        "EBIT": 53,
        "Net Income": 7
    },
    "2009-03-31": {
        "Diluted EPS": -0.15,
        "Total Revenue": 205,
        "Gross Profit": 200,
        "Operating Income": 21,
        "EBIT": 30,
        "Net Income": -2
    },
    "2023-09-30": {
        "Tax Effect Of Unusual Items": 0.0,
        "Tax Rate For Calcs": 0.362,
        "Normalized EBITDA": 50761000.0,
        "Net Income From Continuing Operation Net Minority Interest": 13861000.0,
        "Reconciled Depreciation": 9430000.0,
        "Reconciled Cost Of Revenue": 201735000.0,
        "EBITDA": 50761000.0,
        "EBIT": 41331000.0,
        "Net Interest Income": -19744000.0,
        "Interest Expense": 19744000.0,
        "Normalized Income": 13861000.0,
        "Net Income From Continuing And Discontinued Operation": 13861000.0,
        "Total Expenses": 241606000.0,
        "Rent Expense Supplemental": 17281000.0,
        "Diluted Average Shares": 11440229.0,
        "Basic Average Shares": 10519431.0,
        "Diluted EPS": 1.21,
        "Basic EPS": 1.32,
        "Diluted NI Availto Com Stockholders": 13861000.0,
        "Net Income Common Stockholders": 13861000.0,
        "Net Income": 13861000.0,
        "Minority Interests": 82000.0,
        "Net Income Including Noncontrolling Interests": 13779000.0,
        "Net Income Continuous Operations": 13779000.0,
        "Tax Provision": 7808000.0,
        "Pretax Income": 21587000.0,
        "Other Income Expense": -29730000.0,
        "Other Non Operating Income Expenses": -29730000.0,
        "Net Non Operating Interest Income Expense": -19744000.0,
        "Interest Expense Non Operating": 19744000.0,
        "Operating Income": 71061000.0,
        "Operating Expense": 39871000.0,
        "Selling General And Administration": 39871000.0,
        "General And Administrative Expense": 39871000.0,
        "Other Gand A": 22590000.0,
        "Rent And Landing Fees": 17281000.0,
        "Gross Profit": 110932000.0,
        "Cost Of Revenue": 201735000.0,
        "Total Revenue": 312667000.0,
        "Operating Revenue": 314939000.0
    },
    "2023-12-31": {
        "Tax Effect Of Unusual Items": 0.0,
        "Tax Rate For Calcs": 0.349708,
        "Normalized EBITDA": 46011000.0,
        "Net Income From Continuing Operation Net Minority Interest": 11100000.0,
        "Reconciled Depreciation": 9933000.0,
        "Reconciled Cost Of Revenue": 199883000.0,
        "EBITDA": 46011000.0,
        "EBIT": 36078000.0,
        "Net Interest Income": -18246000.0,
        "Interest Expense": 18246000.0,
        "Normalized Income": 11100000.0,
        "Net Income From Continuing And Discontinued Operation": 11100000.0,
        "Total Expenses": 239771000.0,
        "Rent Expense Supplemental": 16380000.0,
        "Diluted Average Shares": 11305198.0,
        "Basic Average Shares": 10326996.0,
        "Diluted EPS": 0.98,
        "Basic EPS": 1.07,
        "Diluted NI Availto Com Stockholders": 11100000.0,
        "Net Income Common Stockholders": 11100000.0,
        "Net Income": 11100000.0,
        "Minority Interests": -496000.0,
        "Net Income Including Noncontrolling Interests": 11596000.0,
        "Net Income Continuous Operations": 11596000.0,
        "Tax Provision": 6236000.0,
        "Pretax Income": 17832000.0,
        "Other Income Expense": -32440000.0,
        "Other Non Operating Income Expenses": -32440000.0,
        "Net Non Operating Interest Income Expense": -18246000.0,
        "Interest Expense Non Operating": 18246000.0,
        "Operating Income": 68518000.0,
        "Operating Expense": 39888000.0,
        "Selling General And Administration": 39888000.0,
        "General And Administrative Expense": 39888000.0,
        "Other Gand A": 23508000.0,
        "Rent And Landing Fees": 16380000.0,
        "Gross Profit": 108406000.0,
        "Cost Of Revenue": 199883000.0,
        "Total Revenue": 308289000.0,
        "Operating Revenue": 299955000.0
    },
    "2024-03-31": {
        "Tax Effect Of Unusual Items": 0.0,
        "Tax Rate For Calcs": 0.312669,
        "Normalized EBITDA": 67200000.0,
        "Net Income From Continuing Operation Net Minority Interest": 26054000.0,
        "Reconciled Depreciation": 9197000.0,
        "Reconciled Cost Of Revenue": 227555000.0,
        "EBITDA": 67200000.0,
        "EBIT": 58003000.0,
        "Net Interest Income": -20548000.0,
        "Interest Expense": 20548000.0,
        "Normalized Income": 26054000.0,
        "Net Income From Continuing And Discontinued Operation": 26054000.0,
        "Total Expenses": 267979000.0,
        "Rent Expense Supplemental": 15848000.0,
        "Diluted Average Shares": 11001669.0,
        "Basic Average Shares": 10407454.0,
        "Diluted EPS": 2.37,
        "Basic EPS": 2.5,
        "Diluted NI Availto Com Stockholders": 26054000.0,
        "Net Income Common Stockholders": 26054000.0,
        "Net Income": 26054000.0,
        "Minority Interests": 310000.0,
        "Net Income Including Noncontrolling Interests": 25744000.0,
        "Net Income Continuous Operations": 25744000.0,
        "Tax Provision": 11711000.0,
        "Pretax Income": 37455000.0,
        "Other Income Expense": -27156000.0,
        "Other Non Operating Income Expenses": -27156000.0,
        "Net Non Operating Interest Income Expense": -20548000.0,
        "Interest Expense Non Operating": 20548000.0,
        "Operating Income": 85159000.0,
        "Operating Expense": 40424000.0,
        "Selling General And Administration": 40424000.0,
        "General And Administrative Expense": 40424000.0,
        "Other Gand A": 24576000.0,
        "Rent And Landing Fees": 15848000.0,
        "Gross Profit": 125583000.0,
        "Cost Of Revenue": 227555000.0,
        "Total Revenue": 353138000.0,
        "Operating Revenue": 342919000.0
    },
    "2024-06-30": {
        "Tax Effect Of Unusual Items": 0.0,
        "Tax Rate For Calcs": 0.352915,
        "Normalized EBITDA": 47119000.0,
        "Net Income From Continuing Operation Net Minority Interest": 10266000.0,
        "Reconciled Depreciation": 9274000.0,
        "Reconciled Cost Of Revenue": 227507000.0,
        "EBITDA": 47119000.0,
        "EBIT": 37845000.0,
        "Net Interest Income": -21980000.0,
        "Interest Expense": 21980000.0,
        "Normalized Income": 10266000.0,
        "Net Income From Continuing And Discontinued Operation": 10266000.0,
        "Total Expenses": 267705000.0,
        "Rent Expense Supplemental": 15516000.0,
        "Diluted Average Shares": 11111903.0,
        "Basic Average Shares": 10327818.0,
        "Diluted EPS": 0.92,
        "Basic EPS": 0.99,
        "Diluted NI Availto Com Stockholders": 10266000.0,
        "Net Income Common Stockholders": 10266000.0,
        "Net Income": 10266000.0,
        "Minority Interests": 0.0,
        "Net Income Including Noncontrolling Interests": 10266000.0,
        "Net Income Continuous Operations": 10266000.0,
        "Tax Provision": 5599000.0,
        "Pretax Income": 15865000.0,
        "Other Income Expense": -25039000.0,
        "Other Non Operating Income Expenses": -25039000.0,
        "Net Non Operating Interest Income Expense": -21980000.0,
        "Interest Expense Non Operating": 21980000.0,
        "Operating Income": 62884000.0,
        "Operating Expense": 40198000.0,
        "Selling General And Administration": 40198000.0,
        "General And Administrative Expense": 40198000.0,
        "Other Gand A": 24682000.0,
        "Rent And Landing Fees": 15516000.0,
        "Gross Profit": 103082000.0,
        "Cost Of Revenue": 227507000.0,
        "Total Revenue": 330589000.0,
        "Operating Revenue": 323096000.0
    },
    "2024-09-30": {
        "Tax Effect Of Unusual Items": 0.0,
        "Tax Rate For Calcs": 0.307,
        "Normalized EBITDA": 68879000.0,
        "Net Income From Continuing Operation Net Minority Interest": 24508000.0,
        "Reconciled Depreciation": 9406000.0,
        "Reconciled Cost Of Revenue": 245060000.0,
        "EBITDA": 68879000.0,
        "EBIT": 59473000.0,
        "Net Interest Income": -24103000.0,
        "Interest Expense": 24103000.0,
        "Normalized Income": 24508000.0,
        "Net Income From Continuing And Discontinued Operation": 24508000.0,
        "Total Expenses": 285902000.0,
        "Rent Expense Supplemental": 16240000.0,
        "Diluted Average Shares": 11277865.0,
        "Basic Average Shares": 10332927.0,
        "Diluted EPS": 2.16,
        "Basic EPS": 2.38,
        "Diluted NI Availto Com Stockholders": 24508000.0,
        "Net Income Common Stockholders": 24508000.0,
        "Net Income": 24508000.0,
        "Minority Interests": 0.0,
        "Net Income Including Noncontrolling Interests": 24508000.0,
        "Net Income Continuous Operations": 24508000.0,
        "Tax Provision": 10862000.0,
        "Pretax Income": 35370000.0,
        "Other Income Expense": -27977000.0,
        "Other Non Operating Income Expenses": -27977000.0,
        "Net Non Operating Interest Income Expense": -24103000.0,
        "Interest Expense Non Operating": 24103000.0,
        "Operating Income": 87450000.0,
        "Operating Expense": 40842000.0,
        "Selling General And Administration": 40842000.0,
        "General And Administrative Expense": 40842000.0,
        "Other Gand A": 24602000.0,
        "Rent And Landing Fees": 16240000.0,
        "Gross Profit": 128292000.0,
        "Cost Of Revenue": 245060000.0,
        "Total Revenue": 373352000.0,
        "Operating Revenue": 364168000.0
    },
    "2024-12-31": {
        "Tax Effect Of Unusual Items": 0.0,
        "Tax Rate For Calcs": 0.37136,
        "Normalized EBITDA": 47835000.0,
        "Net Income From Continuing Operation Net Minority Interest": 10729000.0,
        "Reconciled Depreciation": 9408000.0,
        "Reconciled Cost Of Revenue": 264333000.0,
        "EBITDA": 47835000.0,
        "EBIT": 38427000.0,
        "Net Interest Income": -21360000.0,
        "Interest Expense": 21360000.0,
        "Normalized Income": 10729000.0,
        "Net Income From Continuing And Discontinued Operation": 10729000.0,
        "Total Expenses": 306082000.0,
        "Rent Expense Supplemental": 16248000.0,
        "Diluted Average Shares": 11389040.0,
        "Basic Average Shares": 10331401.0,
        "Diluted EPS": 0.92,
        "Basic EPS": 1.04,
        "Diluted NI Availto Com Stockholders": 10729000.0,
        "Net Income Common Stockholders": 10729000.0,
        "Net Income": 10729000.0,
        "Minority Interests": 0.0,
        "Net Income Including Noncontrolling Interests": 10729000.0,
        "Net Income Continuous Operations": 10729000.0,
        "Tax Provision": 6338000.0,
        "Pretax Income": 17067000.0,
        "Other Income Expense": -30908000.0,
        "Other Non Operating Income Expenses": -30908000.0,
        "Net Non Operating Interest Income Expense": -21360000.0,
        "Interest Expense Non Operating": 21360000.0,
        "Operating Income": 69335000.0,
        "Operating Expense": 41749000.0,
        "Selling General And Administration": 41749000.0,
        "General And Administrative Expense": 41749000.0,
        "Other Gand A": 25501000.0,
        "Rent And Landing Fees": 16248000.0,
        "Gross Profit": 111084000.0,
        "Cost Of Revenue": 264333000.0,
        "Total Revenue": 375417000.0,
        "Operating Revenue": 368398000.0
    },
    "2025-03-31": {
        "Tax Effect Of Unusual Items": 0.0,
        "Tax Rate For Calcs": 0.259,
        "Normalized EBITDA": 72056000.0,
        "Net Income From Continuing Operation Net Minority Interest": 30655000.0,
        "Reconciled Depreciation": 9284000.0,
        "Reconciled Cost Of Revenue": 234843000.0,
        "EBITDA": 72056000.0,
        "EBIT": 62772000.0,
        "Net Interest Income": -21396000.0,
        "Interest Expense": 21396000.0,
        "Normalized Income": 30655000.0,
        "Net Income From Continuing And Discontinued Operation": 30655000.0,
        "Total Expenses": 277034000.0,
        "Rent Expense Supplemental": 16009000.0,
        "Diluted Average Shares": 11277939.0,
        "Basic Average Shares": 10465771.0,
        "Diluted EPS": 2.72,
        "Basic EPS": 2.93,
        "Diluted NI Availto Com Stockholders": 30655000.0,
        "Net Income Common Stockholders": 30655000.0,
        "Net Income": 30655000.0,
        "Minority Interests": 0.0,
        "Net Income Including Noncontrolling Interests": 30655000.0,
        "Net Income Continuous Operations": 30655000.0,
        "Tax Provision": 10721000.0,
        "Pretax Income": 41376000.0,
        "Other Income Expense": -28019000.0,
        "Other Non Operating Income Expenses": -28019000.0,
        "Net Non Operating Interest Income Expense": -21396000.0,
        "Interest Expense Non Operating": 21396000.0,
        "Operating Income": 90791000.0,
        "Operating Expense": 42191000.0,
        "Selling General And Administration": 42191000.0,
        "General And Administrative Expense": 42191000.0,
        "Other Gand A": 26182000.0,
        "Rent And Landing Fees": 16009000.0,
        "Gross Profit": 132982000.0,
        "Cost Of Revenue": 234843000.0,
        "Total Revenue": 367825000.0,
        "Operating Revenue": 362723000.0
    },
    "2025-06-30": {
        "Tax Effect Of Unusual Items": 0.0,
        "Tax Rate For Calcs": 0.327103,
        "Normalized EBITDA": 64216000.0,
        "Net Income From Continuing Operation Net Minority Interest": 21674000.0,
        "Reconciled Depreciation": 9477000.0,
        "Reconciled Cost Of Revenue": 246115000.0,
        "EBITDA": 64216000.0,
        "EBIT": 54739000.0,
        "Net Interest Income": -22529000.0,
        "Interest Expense": 22529000.0,
        "Normalized Income": 21674000.0,
        "Net Income From Continuing And Discontinued Operation": 21674000.0,
        "Total Expenses": 287897000.0,
        "Rent Expense Supplemental": 15578000.0,
        "Diluted Average Shares": 11349049.0,
        "Basic Average Shares": 10520219.0,
        "Diluted EPS": 1.91,
        "Basic EPS": 2.06,
        "Diluted NI Availto Com Stockholders": 21674000.0,
        "Net Income Common Stockholders": 21674000.0,
        "Net Income": 21674000.0,
        "Minority Interests": 0.0,
        "Net Income Including Noncontrolling Interests": 21674000.0,
        "Net Income Continuous Operations": 21674000.0,
        "Tax Provision": 10536000.0,
        "Pretax Income": 32210000.0,
        "Other Income Expense": -30542000.0,
        "Other Non Operating Income Expenses": -30542000.0,
        "Net Non Operating Interest Income Expense": -22529000.0,
        "Interest Expense Non Operating": 22529000.0,
        "Operating Income": 85281000.0,
        "Operating Expense": 41782000.0,
        "Selling General And Administration": 41782000.0,
        "General And Administrative Expense": 41782000.0,
        "Other Gand A": 26204000.0,
        "Rent And Landing Fees": 15578000.0,
        "Gross Profit": 127063000.0,
        "Cost Of Revenue": 246115000.0,
        "Total Revenue": 373178000.0,
        "Operating Revenue": 360389000.0
    }
}