{
    "2023-03-31": {
        "Tax Effect Of Unusual Items": NaN,
        "Tax Rate For Calcs": NaN,
        "Normalized EBITDA": NaN,
        "Total Unusual Items": NaN,
        "Total Unusual Items Excluding Goodwill": NaN,
        "Net Income From Continuing Operation Net Minority Interest": NaN,
        "Reconciled Depreciation": NaN,
        "Reconciled Cost Of Revenue": NaN,
        "EBITDA": NaN,
        "EBIT": NaN,
        "Net Interest Income": NaN,
        "Interest Expense": NaN,
        "Interest Income": NaN,
        "Normalized Income": NaN,
        "Net Income From Continuing And Discontinued Operation": NaN,
        "Total Expenses": NaN,
        "Total Operating Income As Reported": NaN,
        "Diluted Average Shares": NaN,
        "Basic Average Shares": NaN,
        "Diluted EPS": NaN,
        "Basic EPS": NaN,
        "Diluted NI Availto Com Stockholders": NaN,
        "Net Income Common Stockholders": NaN,
        "Net Income": NaN,
        "Minority Interests": NaN,
        "Net Income Including Noncontrolling Interests": NaN,
        "Net Income Continuous Operations": NaN,
        "Earnings From Equity Interest Net Of Tax": NaN,
        "Tax Provision": NaN,
        "Pretax Income": NaN,
        "Other Income Expense": NaN,
        "Other Non Operating Income Expenses": NaN,
        "Special Income Charges": 0.0,
        "Impairment Of Capital Assets": 0.0,
        "Gain On Sale Of Security": NaN,
        "Net Non Operating Interest Income Expense": NaN,
        "Interest Expense Non Operating": NaN,
        "Interest Income Non Operating": NaN,
        "Operating Income": NaN,
        "Operating Expense": NaN,
        "Research And Development": NaN,
        "Selling General And Administration": NaN,
        "Selling And Marketing Expense": NaN,
        "General And Administrative Expense": NaN,
        "Other Gand A": NaN,
        "Gross Profit": NaN,
        "Cost Of Revenue": NaN,
        "Total Revenue": NaN,
        "Operating Revenue": NaN
    },
    "2022-12-31": {
        "Tax Effect Of Unusual Items": NaN,
        "Tax Rate For Calcs": NaN,
        "Normalized EBITDA": NaN,
        "Total Unusual Items": NaN,
        "Total Unusual Items Excluding Goodwill": NaN,
        "Net Income From Continuing Operation Net Minority Interest": NaN,
        "Reconciled Depreciation": NaN,
        "Reconciled Cost Of Revenue": NaN,
        "EBITDA": NaN,
        "EBIT": NaN,
        "Net Interest Income": NaN,
        "Interest Expense": NaN,
        "Interest Income": NaN,
        "Normalized Income": NaN,
        "Net Income From Continuing And Discontinued Operation": NaN,
        "Total Expenses": NaN,
        "Total Operating Income As Reported": NaN,
        "Diluted Average Shares": NaN,
        "Basic Average Shares": NaN,
        "Diluted EPS": NaN,
        "Basic EPS": NaN,
        "Diluted NI Availto Com Stockholders": NaN,
        "Net Income Common Stockholders": NaN,
        "Net Income": NaN,
        "Minority Interests": NaN,
        "Net Income Including Noncontrolling Interests": NaN,
        "Net Income Continuous Operations": NaN,
        "Earnings From Equity Interest Net Of Tax": NaN,
        "Tax Provision": NaN,
        "Pretax Income": NaN,
        "Other Income Expense": NaN,
        "Other Non Operating Income Expenses": NaN,
        "Special Income Charges": NaN,
        "Write Off": 1000.0,
        "Impairment Of Capital Assets": NaN,
        "Gain On Sale Of Security": NaN,
        "Net Non Operating Interest Income Expense": NaN,
        "Interest Expense Non Operating": NaN,
        "Interest Income Non Operating": NaN,
        "Operating Income": NaN,
        "Operating Expense": NaN,
        "Research And Development": NaN,
        "Selling General And Administration": NaN,
        "Selling And Marketing Expense": NaN,
        "General And Administrative Expense": NaN,
        "Other Gand A": NaN,
        "Gross Profit": NaN,
        "Cost Of Revenue": NaN,
        "Total Revenue": NaN,
        "Operating Revenue": NaN
    },
    "2022-09-30": {
        "Tax Effect Of Unusual Items": NaN,
        "Tax Rate For Calcs": NaN,
        "Normalized EBITDA": NaN,
        "Total Unusual Items": NaN,
        "Total Unusual Items Excluding Goodwill": NaN,
        "Net Income From Continuing Operation Net Minority Interest": NaN,
        "Reconciled Depreciation": NaN,
        "Reconciled Cost Of Revenue": NaN,
        "EBITDA": NaN,
        "EBIT": NaN,
        "Net Interest Income": NaN,
        "Interest Expense": NaN,
        "Interest Income": NaN,
        "Normalized Income": NaN,
        "Net Income From Continuing And Discontinued Operation": NaN,
        "Total Expenses": NaN,
        "Total Operating Income As Reported": NaN,
        "Diluted Average Shares": NaN,
        "Basic Average Shares": NaN,
        "Diluted EPS": NaN,
        "Basic EPS": NaN,
        "Diluted NI Availto Com Stockholders": NaN,
        "Net Income Common Stockholders": NaN,
        "Net Income": NaN,
        "Minority Interests": NaN,
        "Net Income Including Noncontrolling Interests": NaN,
        "Net Income Continuous Operations": NaN,
        "Earnings From Equity Interest Net Of Tax": NaN,
        "Tax Provision": NaN,
        "Pretax Income": NaN,
        "Other Income Expense": NaN,
        "Other Non Operating Income Expenses": NaN,
        "Special Income Charges": NaN,
        "Write Off": 827000.0,
        "Impairment Of Capital Assets": NaN,
        "Gain On Sale Of Security": NaN,
        "Net Non Operating Interest Income Expense": NaN,
        "Interest Expense Non Operating": NaN,
        "Interest Income Non Operating": NaN,
        "Operating Income": NaN,
        "Operating Expense": NaN,
        "Research And Development": NaN,
        "Selling General And Administration": NaN,
        "Selling And Marketing Expense": NaN,
        "General And Administrative Expense": NaN,
        "Other Gand A": NaN,
        "Gross Profit": NaN,
        "Cost Of Revenue": NaN,
        "Total Revenue": NaN,
        "Operating Revenue": NaN
    },
    "2022-06-30": {
        "Tax Effect Of Unusual Items": -1118146.0,
        "Tax Rate For Calcs": 0.271,
        "Normalized EBITDA": 96078000.0,
        "Total Unusual Items": -4126000.0,
        "Total Unusual Items Excluding Goodwill": -4126000.0,
        "Net Income From Continuing Operation Net Minority Interest": 11260000.0,
        "Reconciled Depreciation": 48897000.0,
        "Reconciled Cost Of Revenue": 111477000.0,
        "EBITDA": 91952000.0,
        "EBIT": 43055000.0,
        "Net Interest Income": -20239000.0,
        "Interest Expense": 20418000.0,
        "Interest Income": 179000.0,
        "Normalized Income": 14267854.0,
        "Net Income From Continuing And Discontinued Operation": 11260000.0,
        "Total Expenses": 130343000.0,
        "Total Operating Income As Reported": 38607000.0,
        "Diluted Average Shares": 56498000.0,
        "Basic Average Shares": 56114000.0,
        "Diluted EPS": 0.2,
        "Basic EPS": 0.2,
        "Diluted NI Availto Com Stockholders": 11260000.0,
        "Net Income Common Stockholders": 11260000.0,
        "Net Income": 11260000.0,
        "Minority Interests": -3685000.0,
        "Net Income Including Noncontrolling Interests": 14945000.0,
        "Net Income Continuous Operations": 14945000.0,
        "Earnings From Equity Interest Net Of Tax": -1562000.0,
        "Tax Provision": 6130000.0,
        "Pretax Income": 22637000.0,
        "Other Income Expense": 4141000.0,
        "Other Non Operating Income Expenses": 8267000.0,
        "Special Income Charges": -128000.0,
        "Write Off": 128000.0,
        "Impairment Of Capital Assets": NaN,
        "Gain On Sale Of Security": -3998000.0,
        "Net Non Operating Interest Income Expense": -20239000.0,
        "Interest Expense Non Operating": 20418000.0,
        "Interest Income Non Operating": 179000.0,
        "Operating Income": 38735000.0,
        "Operating Expense": 18866000.0,
        "Research And Development": 1388000.0,
        "Selling General And Administration": 17478000.0,
        "Selling And Marketing Expense": 3952000.0,
        "General And Administrative Expense": 13526000.0,
        "Other Gand A": 13526000.0,
        "Gross Profit": 57601000.0,
        "Cost Of Revenue": 111477000.0,
        "Total Revenue": 169078000.0,
        "Operating Revenue": 169078000.0
    },
    "2023-06-30": {
        "Tax Effect Of Unusual Items": NaN,
        "Tax Rate For Calcs": NaN,
        "Normalized EBITDA": NaN,
        "Total Unusual Items": NaN,
        "Total Unusual Items Excluding Goodwill": NaN,
        "Net Income From Continuing Operation Net Minority Interest": NaN,
        "Reconciled Depreciation": NaN,
        "Reconciled Cost Of Revenue": NaN,
        "EBITDA": NaN,
        "EBIT": NaN,
        "Net Interest Income": NaN,
        "Interest Expense": NaN,
        "Interest Income": NaN,
        "Normalized Income": NaN,
        "Net Income From Continuing And Discontinued Operation": NaN,
        "Total Expenses": NaN,
        "Total Operating Income As Reported": NaN,
        "Diluted Average Shares": NaN,
        "Basic Average Shares": NaN,
        "Diluted EPS": NaN,
        "Basic EPS": NaN,
        "Diluted NI Availto Com Stockholders": NaN,
        "Net Income Common Stockholders": NaN,
        "Net Income": NaN,
        "Minority Interests": NaN,
        "Net Income Including Noncontrolling Interests": NaN,
        "Net Income Continuous Operations": NaN,
        "Earnings From Equity Interest Net Of Tax": NaN,
        "Tax Provision": NaN,
        "Pretax Income": NaN,
        "Other Income Expense": NaN,
        "Other Non Operating Income Expenses": NaN,
        "Special Income Charges": 0.0,
        "Impairment Of Capital Assets": 0.0,
        "Gain On Sale Of Security": NaN,
        "Net Non Operating Interest Income Expense": NaN,
        "Interest Expense Non Operating": NaN,
        "Interest Income Non Operating": NaN,
        "Operating Income": NaN,
        "Operating Expense": NaN,
        "Other Operating Expenses": NaN,
        "Research And Development": NaN,
        "Selling General And Administration": NaN,
        "Selling And Marketing Expense": NaN,
        "General And Administrative Expense": NaN,
        "Other Gand A": NaN,
        "Gross Profit": NaN,
        "Cost Of Revenue": NaN,
        "Total Revenue": NaN,
        "Operating Revenue": NaN
    },
    "2022-03-31": {
        "Diluted EPS": 0.33,
        "Total Revenue": 184,
        "Gross Profit": 70,
        "Operating Income": 45,
        "EBIT": 93,
        "Net Income": 18
    },
    "2021-12-31": {
        "Diluted EPS": 0.34,
        "Total Revenue": 191,
        "Gross Profit": 76,
        "Operating Income": 55,
        "EBIT": 103,
        "Net Income": 19
    },
    "2021-09-30": {
        "Diluted EPS": 0.26,
        "Total Revenue": 159,
        "Gross Profit": 63,
        "Operating Income": 36,
        "EBIT": 85,
        "Net Income": 15
    },
    "2021-06-30": {
        "Diluted EPS": 0.23,
        "Total Revenue": 147,
        "Gross Profit": 52,
        "Operating Income": 29,
        "EBIT": 72,
        "Net Income": 13
    },
    "2021-03-31": {
        "Diluted EPS": 0.27,
        "Total Revenue": 166,
        "Gross Profit": 74,
        "Operating Income": 50,
        "EBIT": 92,
        "Net Income": 15
    },
    "2020-12-31": {
        "Diluted EPS": 0.38,
        "Total Revenue": 179,
        "Gross Profit": 75,
        "Operating Income": 53,
        "EBIT": 94,
        "Net Income": 21
    },
    "2020-09-30": {
        "Diluted EPS": 0.31,
        "Total Revenue": 159,
        "Gross Profit": 54,
        "Operating Income": 52,
        "EBIT": 92,
        "Net Income": 16
    },
    "2020-06-30": {
        "Diluted EPS": 0.45,
        "Total Revenue": 175,
        "Gross Profit": 65,
        "Operating Income": 48,
        "EBIT": 86,
        "Net Income": 23
    },
    "2020-03-31": {
        "Diluted EPS": 0.51,
        "Total Revenue": 192,
        "Gross Profit": 82,
        "Operating Income": 61,
        "EBIT": 98,
        "Net Income": 26
    },
    "2019-12-31": {
        "Diluted EPS": 0.25,
        "Total Revenue": 192,
        "Gross Profit": 75,
        "Operating Income": 54,
        "EBIT": 91,
        "Net Income": 13
    },
    "2019-09-30": {
        "Diluted EPS": 0.3,
        "Total Revenue": 170,
        "Gross Profit": 55,
        "Operating Income": 39,
        "EBIT": 76,
        "Net Income": 16
    },
    "2019-06-30": {
        "Diluted EPS": 0.66,
        "Total Revenue": 184,
        "Gross Profit": 65,
        "Operating Income": 47,
        "EBIT": 83,
        "Net Income": 34
    },
    "2019-03-31": {
        "Diluted EPS": 0.51,
        "Total Revenue": 199,
        "Gross Profit": 74,
        "Operating Income": 54,
        "EBIT": 90,
        "Net Income": 26
    },
    "2018-12-31": {
        "Diluted EPS": 0.36,
        "Total Revenue": 190,
        "Gross Profit": 91,
        "Operating Income": 68,
        "EBIT": 101,
        "Net Income": 18
    },
    "2018-09-30": {
        "Diluted EPS": 0.21,
        "Total Revenue": 166,
        "Gross Profit": 49,
        "Operating Income": 26,
        "EBIT": 60,
        "Net Income": 11
    },
    "2018-06-30": {
        "Diluted EPS": -0.01,
        "Total Revenue": 178,
        "Gross Profit": 57,
        "Operating Income": 37,
        "EBIT": 69,
        "Net Income": 0
    },
    "2018-03-31": {
        "Diluted EPS": 1.36,
        "Total Revenue": 184,
        "Gross Profit": 73,
        "Operating Income": 55,
        "EBIT": 84,
        "Net Income": 70
    },
    "2017-12-31": {
        "Diluted EPS": 1.27,
        "Total Revenue": 166,
        "Gross Profit": 64,
        "Operating Income": 48,
        "EBIT": 82,
        "Net Income": 65
    },
    "2017-09-30": {
        "Diluted EPS": 0.47,
        "Total Revenue": 157,
        "Gross Profit": 59,
        "Operating Income": 44,
        "EBIT": 70,
        "Net Income": 24
    },
    "2017-06-30": {
        "Diluted EPS": 0.17,
        "Total Revenue": 179,
        "Gross Profit": 70,
        "Operating Income": 53,
        "EBIT": 80,
        "Net Income": 9
    },
    "2017-03-31": {
        "Diluted EPS": 0.7,
        "Total Revenue": 190,
        "Gross Profit": 74,
        "Operating Income": 59,
        "EBIT": 86,
        "Net Income": 35
    },
    "2016-12-31": {
        "Diluted EPS": 0.47,
        "Total Revenue": 167,
        "Gross Profit": 67,
        "Operating Income": 51,
        "EBIT": 79,
        "Net Income": 24
    },
    "2016-09-30": {
        "Diluted EPS": 0.24,
        "Total Revenue": 185,
        "Gross Profit": 74,
        "Operating Income": 48,
        "EBIT": 74,
        "Net Income": 12
    },
    "2016-06-30": {
        "Diluted EPS": 0.47,
        "Total Revenue": 160,
        "Gross Profit": 66,
        "Operating Income": 52,
        "EBIT": 76,
        "Net Income": 24
    },
    "2016-03-31": {
        "Diluted EPS": 0.59,
        "Total Revenue": 152,
        "Gross Profit": 64,
        "Operating Income": 51,
        "EBIT": 76,
        "Net Income": 29
    },
    "2015-12-31": {
        "Diluted EPS": 0.55,
        "Total Revenue": 171,
        "Gross Profit": 64,
        "Operating Income": 49,
        "EBIT": 75,
        "Net Income": 24
    },
    "2015-09-30": {
        "Diluted EPS": 1.41,
        "Total Revenue": 163,
        "Gross Profit": 59,
        "Operating Income": 46,
        "EBIT": 74,
        "Net Income": 72
    },
    "2015-06-30": {
        "Diluted EPS": 0.28,
        "Total Revenue": 140,
        "Gross Profit": 51,
        "Operating Income": 39,
        "EBIT": 65,
        "Net Income": 14
    },
    "2015-03-31": {
        "Diluted EPS": 0.21,
        "Total Revenue": 120,
        "Gross Profit": 44,
        "Operating Income": 30,
        "EBIT": 55,
        "Net Income": 10
    },
    "2014-12-31": {
        "Diluted EPS": 0.15,
        "Total Revenue": 149,
        "Gross Profit": 55,
        "Operating Income": 35,
        "EBIT": 60,
        "Net Income": 7
    },
    "2014-09-30": {
        "Diluted EPS": 0.36,
        "Total Revenue": 140,
        "Gross Profit": 55,
        "Operating Income": 44,
        "EBIT": 69,
        "Net Income": 17
    },
    "2014-06-30": {
        "Diluted EPS": 0.2,
        "Total Revenue": 128,
        "Gross Profit": 40,
        "Operating Income": 22,
        "EBIT": 47,
        "Net Income": 9
    },
    "2014-03-31": {
        "Diluted EPS": 0.47,
        "Total Revenue": 142,
        "Gross Profit": 53,
        "Operating Income": 43,
        "EBIT": 65,
        "Net Income": 22
    },
    "2013-12-31": {
        "Diluted EPS": 0.19,
        "Total Revenue": 131,
        "Gross Profit": 43,
        "Operating Income": 22,
        "EBIT": 43,
        "Net Income": 8
    },
    "2013-09-30": {
        "Diluted EPS": 0.28,
        "Total Revenue": 131,
        "Gross Profit": 40,
        "Operating Income": 30,
        "EBIT": 54,
        "Net Income": 13
    },
    "2013-06-30": {
        "Diluted EPS": 0.55,
        "Total Revenue": 153,
        "Gross Profit": 50,
        "Operating Income": 38,
        "EBIT": 60,
        "Net Income": 25
    },
    "2013-03-31": {
        "Diluted EPS": -0.11,
        "Total Revenue": 119,
        "Gross Profit": 27,
        "Operating Income": 8,
        "EBIT": 30,
        "Net Income": -5
    },
    "2012-12-31": {
        "Diluted EPS": -5.04,
        "Total Revenue": 110,
        "Gross Profit": 21,
        "Operating Income": -222,
        "EBIT": -196,
        "Net Income": -229
    },
    "2012-09-30": {
        "Diluted EPS": -0.01,
        "Total Revenue": 132,
        "Gross Profit": 30,
        "Operating Income": 12,
        "EBIT": 37,
        "Net Income": -1
    },
    "2012-06-30": {
        "Diluted EPS": 0.19,
        "Total Revenue": 127,
        "Gross Profit": 38,
        "Operating Income": 24,
        "EBIT": 49,
        "Net Income": 9
    },
    "2012-03-31": {
        "Diluted EPS": 0.17,
        "Total Revenue": 132,
        "Gross Profit": 40,
        "Operating Income": 26,
        "EBIT": 50,
        "Net Income": 8
    },
    "2011-12-31": {
        "Diluted EPS": -0.95,
        "Total Revenue": 112,
        "Gross Profit": 30,
        "Operating Income": 15,
        "EBIT": 39,
        "Net Income": -43
    },
    "2011-09-30": {
        "Diluted EPS": 0.02,
        "Total Revenue": 111,
        "Gross Profit": 36,
        "Operating Income": 24,
        "EBIT": 47,
        "Net Income": 1
    },
    "2011-06-30": {
        "Diluted EPS": 0.18,
        "Total Revenue": 105,
        "Gross Profit": 33,
        "Operating Income": 19,
        "EBIT": 43,
        "Net Income": 8
    },
    "2011-03-31": {
        "Diluted EPS": -0.2,
        "Total Revenue": 98,
        "Gross Profit": 15,
        "Operating Income": 3,
        "EBIT": 26,
        "Net Income": -9
    },
    "2010-12-31": {
        "Diluted EPS": 0.1,
        "Total Revenue": 93,
        "Gross Profit": 18,
        "Operating Income": 4,
        "EBIT": 26,
        "Net Income": 4
    },
    "2010-09-30": {
        "Diluted EPS": 0.71,
        "Total Revenue": 101,
        "Gross Profit": 25,
        "Operating Income": 15,
        "EBIT": 38,
        "Net Income": 32
    },
    "2010-06-30": {
        "Diluted EPS": -0.03,
        "Total Revenue": 96,
        "Gross Profit": 19,
        "Operating Income": 2,
        "EBIT": 22,
        "Net Income": -1
    },
    "2010-03-31": {
        "Diluted EPS": 0.04,
        "Total Revenue": 83,
        "Gross Profit": 16,
        "Operating Income": 2,
        "EBIT": 22,
        "Net Income": 2
    },
    "2009-12-31": {
        "Diluted EPS": 0.36,
        "Total Revenue": 94,
        "Gross Profit": 22,
        "Operating Income": 8,
        "EBIT": 23,
        "Net Income": 16
    },
    "2009-09-30": {
        "Diluted EPS": 0.48,
        "Total Revenue": 119,
        "Gross Profit": 39,
        "Operating Income": 23,
        "EBIT": 40,
        "Net Income": 22
    },
    "2009-06-30": {
        "Diluted EPS": 0.35,
        "Total Revenue": 99,
        "Gross Profit": 28,
        "Operating Income": 16,
        "EBIT": 31,
        "Net Income": 16
    },
    "2009-03-31": {
        "Diluted EPS": 0.32,
        "Total Revenue": 99,
        "Gross Profit": 31,
        "Operating Income": 19,
        "EBIT": 34,
        "Net Income": 15
    },
    "2023-09-30": {
        "Tax Effect Of Unusual Items": NaN,
        "Tax Rate For Calcs": NaN,
        "Normalized EBITDA": NaN,
        "Total Unusual Items": NaN,
        "Total Unusual Items Excluding Goodwill": NaN,
        "Net Income From Continuing Operation Net Minority Interest": NaN,
        "Reconciled Depreciation": NaN,
        "Reconciled Cost Of Revenue": NaN,
        "EBITDA": NaN,
        "EBIT": NaN,
        "Net Interest Income": NaN,
        "Interest Expense": NaN,
        "Interest Income": NaN,
        "Normalized Income": NaN,
        "Net Income From Continuing And Discontinued Operation": NaN,
        "Total Expenses": NaN,
        "Total Operating Income As Reported": NaN,
        "Diluted Average Shares": 60570000.0,
        "Basic Average Shares": 60299000.0,
        "Diluted EPS": 0.59,
        "Basic EPS": 0.59,
        "Diluted NI Availto Com Stockholders": NaN,
        "Net Income Common Stockholders": NaN,
        "Net Income": NaN,
        "Minority Interests": NaN,
        "Net Income Including Noncontrolling Interests": NaN,
        "Net Income Continuous Operations": NaN,
        "Earnings From Equity Interest Net Of Tax": NaN,
        "Tax Provision": NaN,
        "Pretax Income": NaN,
        "Other Income Expense": NaN,
        "Other Non Operating Income Expenses": NaN,
        "Special Income Charges": -2318000.0,
        "Impairment Of Capital Assets": 2318000.0,
        "Gain On Sale Of Security": NaN,
        "Net Non Operating Interest Income Expense": NaN,
        "Interest Expense Non Operating": NaN,
        "Interest Income Non Operating": NaN,
        "Operating Income": NaN,
        "Operating Expense": NaN,
        "Other Operating Expenses": NaN,
        "Research And Development": NaN,
        "Selling General And Administration": NaN,
        "Selling And Marketing Expense": NaN,
        "General And Administrative Expense": NaN,
        "Other Gand A": NaN,
        "Gross Profit": NaN,
        "Cost Of Revenue": NaN,
        "Total Revenue": NaN,
        "Operating Revenue": NaN
    },
    "2023-12-31": {
        "Tax Effect Of Unusual Items": -117838.273829,
        "Tax Rate For Calcs": 0.167622,
        "Normalized EBITDA": 135246000.0,
        "Total Unusual Items": -703000.0,
        "Total Unusual Items Excluding Goodwill": -703000.0,
        "Net Income From Continuing Operation Net Minority Interest": 35726000.0,
        "Reconciled Depreciation": 59892000.0,
        "Reconciled Cost Of Revenue": 162884000.0,
        "EBITDA": 134543000.0,
        "EBIT": 74651000.0,
        "Net Interest Income": -23440000.0,
        "Interest Expense": 25803000.0,
        "Interest Income": 2363000.0,
        "Normalized Income": 36311161.726171,
        "Net Income From Continuing And Discontinued Operation": 35726000.0,
        "Total Expenses": 188297000.0,
        "Total Operating Income As Reported": 51628000.0,
        "Diluted Average Shares": 60505000.0,
        "Basic Average Shares": 60367000.0,
        "Diluted EPS": 0.59,
        "Basic EPS": 0.59,
        "Diluted NI Availto Com Stockholders": 35726000.0,
        "Net Income Common Stockholders": 35726000.0,
        "Net Income": 35726000.0,
        "Minority Interests": -3107000.0,
        "Net Income Including Noncontrolling Interests": 38833000.0,
        "Net Income Continuous Operations": 38833000.0,
        "Earnings From Equity Interest Net Of Tax": -1827000.0,
        "Tax Provision": 8188000.0,
        "Pretax Income": 48848000.0,
        "Other Income Expense": 19245000.0,
        "Other Non Operating Income Expenses": 19948000.0,
        "Special Income Charges": -1415000.0,
        "Impairment Of Capital Assets": 1415000.0,
        "Gain On Sale Of Security": 712000.0,
        "Net Non Operating Interest Income Expense": -23440000.0,
        "Interest Expense Non Operating": 25803000.0,
        "Interest Income Non Operating": 2363000.0,
        "Operating Income": 53043000.0,
        "Operating Expense": 25413000.0,
        "Other Operating Expenses": NaN,
        "Research And Development": 2452000.0,
        "Selling General And Administration": 22961000.0,
        "Selling And Marketing Expense": 4307000.0,
        "General And Administrative Expense": 18654000.0,
        "Other Gand A": 18654000.0,
        "Gross Profit": 78456000.0,
        "Cost Of Revenue": 162884000.0,
        "Total Revenue": 241340000.0,
        "Operating Revenue": 241340000.0
    },
    "2024-03-31": {
        "Tax Effect Of Unusual Items": -332220.0,
        "Tax Rate For Calcs": 0.21,
        "Normalized EBITDA": 134275000.0,
        "Total Unusual Items": -1582000.0,
        "Total Unusual Items Excluding Goodwill": -1582000.0,
        "Net Income From Continuing Operation Net Minority Interest": 38587000.0,
        "Reconciled Depreciation": 62351000.0,
        "Reconciled Cost Of Revenue": 145356000.0,
        "EBITDA": 132693000.0,
        "EBIT": 70342000.0,
        "Net Interest Income": -29129000.0,
        "Interest Expense": 30968000.0,
        "Interest Income": 1839000.0,
        "Normalized Income": 39836780.0,
        "Net Income From Continuing And Discontinued Operation": 38587000.0,
        "Total Expenses": 171583000.0,
        "Total Operating Income As Reported": 52583000.0,
        "Diluted Average Shares": 60536000.0,
        "Basic Average Shares": 60386000.0,
        "Diluted EPS": 0.64,
        "Basic EPS": 0.64,
        "Diluted NI Availto Com Stockholders": 38587000.0,
        "Net Income Common Stockholders": 38587000.0,
        "Net Income": 38587000.0,
        "Minority Interests": -1763000.0,
        "Net Income Including Noncontrolling Interests": 40350000.0,
        "Net Income Continuous Operations": 40350000.0,
        "Earnings From Equity Interest Net Of Tax": 829000.0,
        "Tax Provision": -147000.0,
        "Pretax Income": 39374000.0,
        "Other Income Expense": 15920000.0,
        "Other Non Operating Income Expenses": 17502000.0,
        "Special Income Charges": 0.0,
        "Impairment Of Capital Assets": 0.0,
        "Gain On Sale Of Security": -1582000.0,
        "Net Non Operating Interest Income Expense": -29129000.0,
        "Interest Expense Non Operating": 30968000.0,
        "Interest Income Non Operating": 1839000.0,
        "Operating Income": 52583000.0,
        "Operating Expense": 26227000.0,
        "Other Operating Expenses": NaN,
        "Research And Development": 1564000.0,
        "Selling General And Administration": 24663000.0,
        "Selling And Marketing Expense": 5126000.0,
        "General And Administrative Expense": 19537000.0,
        "Other Gand A": 19537000.0,
        "Gross Profit": 78810000.0,
        "Cost Of Revenue": 145356000.0,
        "Total Revenue": 224166000.0,
        "Operating Revenue": 224166000.0
    },
    "2024-06-30": {
        "Tax Effect Of Unusual Items": -560280.0,
        "Tax Rate For Calcs": 0.21,
        "Normalized EBITDA": 119740000.0,
        "Total Unusual Items": -2668000.0,
        "Total Unusual Items Excluding Goodwill": -2668000.0,
        "Net Income From Continuing Operation Net Minority Interest": 22243000.0,
        "Reconciled Depreciation": 63801000.0,
        "Reconciled Cost Of Revenue": 151577000.0,
        "EBITDA": 117072000.0,
        "EBIT": 53271000.0,
        "Net Interest Income": -31112000.0,
        "Interest Expense": 33716000.0,
        "Interest Income": 2604000.0,
        "Normalized Income": 24350720.0,
        "Net Income From Continuing And Discontinued Operation": 22243000.0,
        "Total Expenses": 175500000.0,
        "Total Operating Income As Reported": 35127000.0,
        "Diluted Average Shares": 60755000.0,
        "Basic Average Shares": 60451000.0,
        "Diluted EPS": 0.37,
        "Basic EPS": 0.37,
        "Diluted NI Availto Com Stockholders": 22243000.0,
        "Net Income Common Stockholders": 22243000.0,
        "Net Income": 22243000.0,
        "Minority Interests": -1722000.0,
        "Net Income Including Noncontrolling Interests": 23965000.0,
        "Net Income Continuous Operations": 23965000.0,
        "Earnings From Equity Interest Net Of Tax": 1232000.0,
        "Tax Provision": -3178000.0,
        "Pretax Income": 19555000.0,
        "Other Income Expense": 13204000.0,
        "Other Non Operating Income Expenses": 15872000.0,
        "Special Income Charges": -2336000.0,
        "Impairment Of Capital Assets": 2336000.0,
        "Gain On Sale Of Security": -332000.0,
        "Net Non Operating Interest Income Expense": -31112000.0,
        "Interest Expense Non Operating": 33716000.0,
        "Interest Income Non Operating": 2604000.0,
        "Operating Income": 37463000.0,
        "Operating Expense": 23923000.0,
        "Other Operating Expenses": NaN,
        "Research And Development": 1730000.0,
        "Selling General And Administration": 22193000.0,
        "Selling And Marketing Expense": 4167000.0,
        "General And Administrative Expense": 18026000.0,
        "Other Gand A": 18026000.0,
        "Gross Profit": 61386000.0,
        "Cost Of Revenue": 151577000.0,
        "Total Revenue": 212963000.0,
        "Operating Revenue": 212963000.0
    },
    "2024-09-30": {
        "Tax Effect Of Unusual Items": 345660.0,
        "Tax Rate For Calcs": 0.21,
        "Normalized EBITDA": 124569000.0,
        "Total Unusual Items": 1646000.0,
        "Total Unusual Items Excluding Goodwill": 1646000.0,
        "Net Income From Continuing Operation Net Minority Interest": 22082000.0,
        "Reconciled Depreciation": 66661000.0,
        "Reconciled Cost Of Revenue": 152922000.0,
        "EBITDA": 126215000.0,
        "EBIT": 59554000.0,
        "Net Interest Income": -32771000.0,
        "Interest Expense": 34822000.0,
        "Interest Income": 2051000.0,
        "Normalized Income": 20781660.0,
        "Net Income From Continuing And Discontinued Operation": 22082000.0,
        "Total Expenses": 175709000.0,
        "Total Operating Income As Reported": 35675000.0,
        "Diluted Average Shares": 60770000.0,
        "Basic Average Shares": 60480000.0,
        "Diluted EPS": 0.36,
        "Basic EPS": 0.37,
        "Diluted NI Availto Com Stockholders": 22082000.0,
        "Net Income Common Stockholders": 22082000.0,
        "Net Income": 22082000.0,
        "Minority Interests": -2219000.0,
        "Net Income Including Noncontrolling Interests": 24301000.0,
        "Net Income Continuous Operations": 24301000.0,
        "Earnings From Equity Interest Net Of Tax": -1624000.0,
        "Tax Provision": -1193000.0,
        "Pretax Income": 24732000.0,
        "Other Income Expense": 21428000.0,
        "Other Non Operating Income Expenses": 19782000.0,
        "Special Income Charges": -400000.0,
        "Impairment Of Capital Assets": 400000.0,
        "Gain On Sale Of Security": 2046000.0,
        "Net Non Operating Interest Income Expense": -32771000.0,
        "Interest Expense Non Operating": 34822000.0,
        "Interest Income Non Operating": 2051000.0,
        "Operating Income": 36075000.0,
        "Operating Expense": 22787000.0,
        "Other Operating Expenses": -6250000.0,
        "Research And Development": 1816000.0,
        "Selling General And Administration": 27221000.0,
        "Selling And Marketing Expense": 4248000.0,
        "General And Administrative Expense": 22973000.0,
        "Other Gand A": 22973000.0,
        "Gross Profit": 58862000.0,
        "Cost Of Revenue": 152922000.0,
        "Total Revenue": 211784000.0,
        "Operating Revenue": 211784000.0
    },
    "2024-12-31": {
        "Tax Effect Of Unusual Items": -1426530.0,
        "Tax Rate For Calcs": 0.21,
        "Normalized EBITDA": 143084000.0,
        "Total Unusual Items": -6793000.0,
        "Total Unusual Items Excluding Goodwill": -6793000.0,
        "Net Income From Continuing Operation Net Minority Interest": 40821000.0,
        "Reconciled Depreciation": 70050000.0,
        "Reconciled Cost Of Revenue": 157180000.0,
        "EBITDA": 136291000.0,
        "EBIT": 66241000.0,
        "Net Interest Income": -33136000.0,
        "Interest Expense": 34525000.0,
        "Interest Income": 1389000.0,
        "Normalized Income": 46187470.0,
        "Net Income From Continuing And Discontinued Operation": 40821000.0,
        "Total Expenses": 179182000.0,
        "Total Operating Income As Reported": 49085000.0,
        "Diluted Average Shares": 60770000.0,
        "Basic Average Shares": 60480000.0,
        "Diluted EPS": 0.67,
        "Basic EPS": 0.67,
        "Diluted NI Availto Com Stockholders": 40821000.0,
        "Net Income Common Stockholders": 40821000.0,
        "Net Income": 40821000.0,
        "Minority Interests": -1804000.0,
        "Net Income Including Noncontrolling Interests": 42625000.0,
        "Net Income Continuous Operations": 42625000.0,
        "Earnings From Equity Interest Net Of Tax": -862000.0,
        "Tax Provision": -11771000.0,
        "Pretax Income": 31716000.0,
        "Other Income Expense": 13293000.0,
        "Other Non Operating Income Expenses": 20086000.0,
        "Special Income Charges": -2474000.0,
        "Impairment Of Capital Assets": 2474000.0,
        "Gain On Sale Of Security": -4319000.0,
        "Net Non Operating Interest Income Expense": -33136000.0,
        "Interest Expense Non Operating": 34525000.0,
        "Interest Income Non Operating": 1389000.0,
        "Operating Income": 51559000.0,
        "Operating Expense": 22002000.0,
        "Other Operating Expenses": -3125000.0,
        "Research And Development": 1391000.0,
        "Selling General And Administration": 23736000.0,
        "Selling And Marketing Expense": 4153000.0,
        "General And Administrative Expense": 19583000.0,
        "Other Gand A": 19583000.0,
        "Gross Profit": 73561000.0,
        "Cost Of Revenue": 157180000.0,
        "Total Revenue": 230741000.0,
        "Operating Revenue": 230741000.0
    },
    "2025-03-31": {
        "Tax Effect Of Unusual Items": 324240.0,
        "Tax Rate For Calcs": 0.21,
        "Normalized EBITDA": 140312000.0,
        "Total Unusual Items": 1544000.0,
        "Total Unusual Items Excluding Goodwill": 1544000.0,
        "Net Income From Continuing Operation Net Minority Interest": 40362000.0,
        "Reconciled Depreciation": 69777000.0,
        "Reconciled Cost Of Revenue": 156835000.0,
        "EBITDA": 141856000.0,
        "EBIT": 72079000.0,
        "Net Interest Income": -33160000.0,
        "Interest Expense": 34473000.0,
        "Interest Income": 1313000.0,
        "Normalized Income": 39142240.0,
        "Net Income From Continuing And Discontinued Operation": 40362000.0,
        "Total Expenses": 178333000.0,
        "Total Operating Income As Reported": 50913000.0,
        "Diluted Average Shares": 60840000.0,
        "Basic Average Shares": 60559000.0,
        "Diluted EPS": 0.66,
        "Basic EPS": 0.67,
        "Diluted NI Availto Com Stockholders": 40362000.0,
        "Net Income Common Stockholders": 40362000.0,
        "Net Income": 40362000.0,
        "Minority Interests": -672000.0,
        "Net Income Including Noncontrolling Interests": 41034000.0,
        "Net Income Continuous Operations": 41034000.0,
        "Earnings From Equity Interest Net Of Tax": -367000.0,
        "Tax Provision": -3795000.0,
        "Pretax Income": 37606000.0,
        "Other Income Expense": 19337000.0,
        "Other Non Operating Income Expenses": 17793000.0,
        "Special Income Charges": -516000.0,
        "Impairment Of Capital Assets": 516000.0,
        "Gain On Sale Of Security": 2060000.0,
        "Net Non Operating Interest Income Expense": -33160000.0,
        "Interest Expense Non Operating": 34473000.0,
        "Interest Income Non Operating": 1313000.0,
        "Operating Income": 51429000.0,
        "Operating Expense": 21498000.0,
        "Other Operating Expenses": -3125000.0,
        "Research And Development": 2542000.0,
        "Selling General And Administration": 22081000.0,
        "Selling And Marketing Expense": 4172000.0,
        "General And Administrative Expense": 17909000.0,
        "Other Gand A": 17909000.0,
        "Gross Profit": 72927000.0,
        "Cost Of Revenue": 156835000.0,
        "Total Revenue": 229762000.0,
        "Operating Revenue": 229762000.0
    },
    "2025-06-30": {
        "Tax Effect Of Unusual Items": 1011570.0,
        "Tax Rate For Calcs": 0.21,
        "Normalized EBITDA": 123856000.0,
        "Total Unusual Items": 4817000.0,
        "Total Unusual Items Excluding Goodwill": 4817000.0,
        "Net Income From Continuing Operation Net Minority Interest": 28046000.0,
        "Reconciled Depreciation": 70031000.0,
        "Reconciled Cost Of Revenue": 177123000.0,
        "EBITDA": 128673000.0,
        "EBIT": 58642000.0,
        "Net Interest Income": -34753000.0,
        "Interest Expense": 36682000.0,
        "Interest Income": 1929000.0,
        "Normalized Income": 24240570.0,
        "Net Income From Continuing And Discontinued Operation": 28046000.0,
        "Total Expenses": 198449000.0,
        "Total Operating Income As Reported": 35318000.0,
        "Diluted Average Shares": 61019000.0,
        "Basic Average Shares": 60689000.0,
        "Diluted EPS": 0.46,
        "Basic EPS": 0.46,
        "Diluted NI Availto Com Stockholders": 28046000.0,
        "Net Income Common Stockholders": 28046000.0,
        "Net Income": 28046000.0,
        "Minority Interests": -153000.0,
        "Net Income Including Noncontrolling Interests": 28199000.0,
        "Net Income Continuous Operations": 28199000.0,
        "Earnings From Equity Interest Net Of Tax": 773000.0,
        "Tax Provision": -5466000.0,
        "Pretax Income": 21960000.0,
        "Other Income Expense": 21144000.0,
        "Other Non Operating Income Expenses": 16327000.0,
        "Special Income Charges": -251000.0,
        "Impairment Of Capital Assets": 251000.0,
        "Gain On Sale Of Security": 5068000.0,
        "Net Non Operating Interest Income Expense": -34753000.0,
        "Interest Expense Non Operating": 36682000.0,
        "Interest Income Non Operating": 1929000.0,
        "Operating Income": 35569000.0,
        "Operating Expense": 21326000.0,
        "Other Operating Expenses": -4269000.0,
        "Research And Development": 1439000.0,
        "Selling General And Administration": 24156000.0,
        "Selling And Marketing Expense": 4370000.0,
        "General And Administrative Expense": 19786000.0,
        "Other Gand A": 19786000.0,
        "Gross Profit": 56895000.0,
        "Cost Of Revenue": 177123000.0,
        "Total Revenue": 234018000.0,
        "Operating Revenue": 234018000.0
    }
}