{
    "2023-06-30": {
        "Tax Effect Of Unusual Items": 0.0,
        "Tax Rate For Calcs": 0.206,
        "Total Unusual Items": 0.0,
        "Total Unusual Items Excluding Goodwill": 0.0,
        "Net Income From Continuing Operation Net Minority Interest": 9838000.0,
        "Reconciled Depreciation": 1051000.0,
        "Net Interest Income": 26375000.0,
        "Interest Expense": 10526000.0,
        "Interest Income": 36901000.0,
        "Normalized Income": 9838000.0,
        "Net Income From Continuing And Discontinued Operation": 9838000.0,
        "Diluted Average Shares": 10421000.0,
        "Basic Average Shares": 10336000.0,
        "Diluted EPS": 0.94,
        "Basic EPS": 0.95,
        "Diluted NI Availto Com Stockholders": 9838000.0,
        "Net Income Common Stockholders": 9838000.0,
        "Net Income": 9838000.0,
        "Net Income Including Noncontrolling Interests": 9838000.0,
        "Net Income Continuous Operations": 9838000.0,
        "Tax Provision": 2547000.0,
        "Pretax Income": 12385000.0,
        "Special Income Charges": 0.0,
        "Restructuring And Mergern Acquisition": 0.0,
        "Gain On Sale Of Security": -2000.0,
        "Depreciation Amortization Depletion Income Statement": 239000.0,
        "Depreciation And Amortization In Income Statement": 239000.0,
        "Amortization": 239000.0,
        "Amortization Of Intangibles Income Statement": 239000.0,
        "Selling General And Administration": 14713000.0,
        "Selling And Marketing Expense": 919000.0,
        "General And Administrative Expense": 13794000.0,
        "Insurance And Claims": 519000.0,
        "Salaries And Wages": 13275000.0,
        "Total Revenue": 33225000.0,
        "Operating Revenue": 33225000.0,
        "Occupancy And Equipment": 2266000.0,
        "Professional Expense And Contract Services Expense": 504000.0,
        "Other Non Interest Expense": 2719000.0
    },
    "2023-03-31": {
        "Tax Effect Of Unusual Items": 0.0,
        "Tax Rate For Calcs": 0.196,
        "Total Unusual Items": 0.0,
        "Total Unusual Items Excluding Goodwill": 0.0,
        "Net Income From Continuing Operation Net Minority Interest": 9156000.0,
        "Reconciled Depreciation": 1063000.0,
        "Net Interest Income": 26294000.0,
        "Interest Expense": 7983000.0,
        "Interest Income": 34277000.0,
        "Normalized Income": 9156000.0,
        "Net Income From Continuing And Discontinued Operation": 9156000.0,
        "Diluted Average Shares": 10496000.0,
        "Basic Average Shares": 10385000.0,
        "Diluted EPS": 0.87,
        "Basic EPS": 0.88,
        "Diluted NI Availto Com Stockholders": 9156000.0,
        "Net Income Common Stockholders": 9156000.0,
        "Net Income": 9156000.0,
        "Net Income Including Noncontrolling Interests": 9156000.0,
        "Net Income Continuous Operations": 9156000.0,
        "Tax Provision": 2232000.0,
        "Pretax Income": 11388000.0,
        "Special Income Charges": 0.0,
        "Other Special Charges": NaN,
        "Restructuring And Mergern Acquisition": 0.0,
        "Gain On Sale Of Security": -8000.0,
        "Depreciation Amortization Depletion Income Statement": 250000.0,
        "Depreciation And Amortization In Income Statement": 250000.0,
        "Amortization": 250000.0,
        "Amortization Of Intangibles Income Statement": 250000.0,
        "Selling General And Administration": 13352000.0,
        "Selling And Marketing Expense": 405000.0,
        "General And Administrative Expense": 12947000.0,
        "Insurance And Claims": 504000.0,
        "Salaries And Wages": 12443000.0,
        "Total Revenue": 32074000.0,
        "Operating Revenue": 32074000.0,
        "Occupancy And Equipment": 2333000.0,
        "Professional Expense And Contract Services Expense": 734000.0,
        "Other Non Interest Expense": 3288000.0
    },
    "2022-12-31": {
        "Tax Effect Of Unusual Items": NaN,
        "Tax Rate For Calcs": NaN,
        "Total Unusual Items": NaN,
        "Total Unusual Items Excluding Goodwill": NaN,
        "Net Income From Continuing Operation Net Minority Interest": NaN,
        "Reconciled Depreciation": NaN,
        "Net Interest Income": NaN,
        "Interest Expense": NaN,
        "Interest Income": NaN,
        "Normalized Income": NaN,
        "Net Income From Continuing And Discontinued Operation": NaN,
        "Diluted Average Shares": NaN,
        "Basic Average Shares": NaN,
        "Diluted EPS": NaN,
        "Basic EPS": NaN,
        "Diluted NI Availto Com Stockholders": NaN,
        "Net Income Common Stockholders": NaN,
        "Net Income": NaN,
        "Net Income Including Noncontrolling Interests": NaN,
        "Net Income Continuous Operations": NaN,
        "Tax Provision": NaN,
        "Pretax Income": NaN,
        "Special Income Charges": NaN,
        "Other Special Charges": 0.0,
        "Restructuring And Mergern Acquisition": NaN,
        "Gain On Sale Of Security": NaN,
        "Depreciation Amortization Depletion Income Statement": NaN,
        "Depreciation And Amortization In Income Statement": NaN,
        "Amortization": NaN,
        "Amortization Of Intangibles Income Statement": NaN,
        "Selling General And Administration": NaN,
        "Selling And Marketing Expense": NaN,
        "General And Administrative Expense": NaN,
        "Insurance And Claims": NaN,
        "Salaries And Wages": NaN,
        "Total Revenue": NaN,
        "Operating Revenue": NaN,
        "Occupancy And Equipment": NaN,
        "Professional Expense And Contract Services Expense": NaN,
        "Other Non Interest Expense": NaN
    },
    "2022-09-30": {
        "Tax Effect Of Unusual Items": NaN,
        "Tax Rate For Calcs": NaN,
        "Total Unusual Items": NaN,
        "Total Unusual Items Excluding Goodwill": NaN,
        "Net Income From Continuing Operation Net Minority Interest": NaN,
        "Reconciled Depreciation": NaN,
        "Net Interest Income": NaN,
        "Interest Expense": NaN,
        "Interest Income": NaN,
        "Normalized Income": NaN,
        "Net Income From Continuing And Discontinued Operation": NaN,
        "Diluted Average Shares": NaN,
        "Basic Average Shares": NaN,
        "Diluted EPS": NaN,
        "Basic EPS": NaN,
        "Diluted NI Availto Com Stockholders": NaN,
        "Net Income Common Stockholders": NaN,
        "Net Income": NaN,
        "Net Income Including Noncontrolling Interests": NaN,
        "Net Income Continuous Operations": NaN,
        "Tax Provision": NaN,
        "Pretax Income": NaN,
        "Special Income Charges": NaN,
        "Other Special Charges": 13000000.0,
        "Restructuring And Mergern Acquisition": NaN,
        "Gain On Sale Of Security": NaN,
        "Depreciation Amortization Depletion Income Statement": NaN,
        "Depreciation And Amortization In Income Statement": NaN,
        "Amortization": NaN,
        "Amortization Of Intangibles Income Statement": NaN,
        "Selling General And Administration": NaN,
        "Selling And Marketing Expense": NaN,
        "General And Administrative Expense": NaN,
        "Other Gand A": 1192000.0,
        "Insurance And Claims": NaN,
        "Salaries And Wages": NaN,
        "Total Revenue": NaN,
        "Operating Revenue": NaN
    },
    "2022-06-30": {
        "Tax Effect Of Unusual Items": 0.0,
        "Tax Rate For Calcs": 0.174,
        "Total Unusual Items": NaN,
        "Total Unusual Items Excluding Goodwill": NaN,
        "Net Income From Continuing Operation Net Minority Interest": 8871000.0,
        "Reconciled Depreciation": 281000.0,
        "Net Interest Income": 24118000.0,
        "Interest Expense": 1232000.0,
        "Interest Income": 25350000.0,
        "Normalized Income": 8871000.0,
        "Net Income From Continuing And Discontinued Operation": 8871000.0,
        "Diluted Average Shares": 10744000.0,
        "Basic Average Shares": 10610000.0,
        "Diluted EPS": 0.83,
        "Basic EPS": 0.84,
        "Diluted NI Availto Com Stockholders": 8871000.0,
        "Net Income Common Stockholders": 8871000.0,
        "Net Income": 8871000.0,
        "Net Income Including Noncontrolling Interests": 8871000.0,
        "Net Income Continuous Operations": 8871000.0,
        "Tax Provision": 1872000.0,
        "Pretax Income": 10743000.0,
        "Special Income Charges": NaN,
        "Other Special Charges": NaN,
        "Restructuring And Mergern Acquisition": NaN,
        "Gain On Sale Of Security": -3000.0,
        "Depreciation Amortization Depletion Income Statement": 281000.0,
        "Depreciation And Amortization In Income Statement": 281000.0,
        "Amortization": 281000.0,
        "Amortization Of Intangibles Income Statement": 281000.0,
        "Selling General And Administration": 13548000.0,
        "Selling And Marketing Expense": 881000.0,
        "General And Administrative Expense": 12667000.0,
        "Other Gand A": 1165000.0,
        "Insurance And Claims": 190000.0,
        "Salaries And Wages": 11312000.0,
        "Total Revenue": 31312000.0,
        "Operating Revenue": 31312000.0
    },
    "2022-03-31": {
        "Diluted EPS": 0.76,
        "Total Revenue": 31,
        "Gross Profit": 30,
        "Operating Income": 10,
        "EBIT": NaN,
        "Net Income": 8
    },
    "2021-12-31": {
        "Diluted EPS": 0.6,
        "Total Revenue": 31,
        "Gross Profit": 30,
        "Operating Income": 9,
        "EBIT": NaN,
        "Net Income": 7
    },
    "2021-09-30": {
        "Diluted EPS": 0.65,
        "Total Revenue": 30,
        "Gross Profit": 28,
        "Operating Income": 9,
        "EBIT": NaN,
        "Net Income": 7
    },
    "2021-06-30": {
        "Diluted EPS": 0.79,
        "Total Revenue": 30,
        "Gross Profit": 29,
        "Operating Income": 11,
        "EBIT": NaN,
        "Net Income": 9
    },
    "2021-03-31": {
        "Diluted EPS": 0.92,
        "Total Revenue": 31,
        "Gross Profit": 29,
        "Operating Income": 13,
        "EBIT": NaN,
        "Net Income": 10
    },
    "2020-12-31": {
        "Diluted EPS": 0.91,
        "Total Revenue": 34,
        "Gross Profit": 31,
        "Operating Income": 11,
        "EBIT": NaN,
        "Net Income": 10
    },
    "2020-09-30": {
        "Diluted EPS": 0.45,
        "Total Revenue": 31,
        "Gross Profit": 28,
        "Operating Income": 8,
        "EBIT": NaN,
        "Net Income": 5
    },
    "2020-06-30": {
        "Diluted EPS": 0.58,
        "Total Revenue": 32,
        "Gross Profit": 28,
        "Operating Income": 8,
        "EBIT": NaN,
        "Net Income": 6
    },
    "2020-03-31": {
        "Diluted EPS": 0.46,
        "Total Revenue": 31,
        "Gross Profit": 25,
        "Operating Income": 6,
        "EBIT": NaN,
        "Net Income": 5
    },
    "2019-12-31": {
        "Diluted EPS": 0.4,
        "Total Revenue": 31,
        "Gross Profit": 25,
        "Operating Income": 6,
        "EBIT": NaN,
        "Net Income": 4
    },
    "2019-09-30": {
        "Diluted EPS": 0.62,
        "Total Revenue": 33,
        "Gross Profit": 27,
        "Operating Income": 9,
        "EBIT": NaN,
        "Net Income": 7
    },
    "2019-06-30": {
        "Diluted EPS": 0.26,
        "Total Revenue": 32,
        "Gross Profit": 26,
        "Operating Income": 10,
        "EBIT": NaN,
        "Net Income": 3
    },
    "2019-03-31": {
        "Diluted EPS": 0.33,
        "Total Revenue": 25,
        "Gross Profit": 20,
        "Operating Income": 4,
        "EBIT": NaN,
        "Net Income": 3
    },
    "2018-12-31": {
        "Diluted EPS": 0.09,
        "Total Revenue": 24,
        "Gross Profit": 20,
        "Operating Income": 4,
        "EBIT": NaN,
        "Net Income": 1
    },
    "2018-09-30": {
        "Diluted EPS": 0.49,
        "Total Revenue": 22,
        "Gross Profit": 18,
        "Operating Income": 5,
        "EBIT": NaN,
        "Net Income": 4
    },
    "2018-06-30": {
        "Diluted EPS": 0.48,
        "Total Revenue": 21,
        "Gross Profit": 18,
        "Operating Income": 5,
        "EBIT": NaN,
        "Net Income": 4
    },
    "2018-03-31": {
        "Diluted EPS": 0.44,
        "Total Revenue": 20,
        "Gross Profit": 17,
        "Operating Income": 4,
        "EBIT": NaN,
        "Net Income": 4
    },
    "2017-12-31": {
        "Diluted EPS": 0.0,
        "Total Revenue": 19,
        "Gross Profit": 17,
        "Operating Income": 3,
        "EBIT": NaN,
        "Net Income": 0
    },
    "2017-09-30": {
        "Diluted EPS": 0.34,
        "Total Revenue": 18,
        "Gross Profit": 16,
        "Operating Income": 3,
        "EBIT": NaN,
        "Net Income": 3
    },
    "2017-06-30": {
        "Diluted EPS": 0.4,
        "Total Revenue": 18,
        "Gross Profit": 16,
        "Operating Income": 4,
        "EBIT": NaN,
        "Net Income": 3
    },
    "2017-03-31": {
        "Diluted EPS": 0.24,
        "Total Revenue": 16,
        "Gross Profit": 15,
        "Operating Income": 2,
        "EBIT": NaN,
        "Net Income": 2
    },
    "2016-12-31": {
        "Diluted EPS": 0.23,
        "Total Revenue": 16,
        "Gross Profit": 15,
        "Operating Income": 2,
        "EBIT": NaN,
        "Net Income": 2
    },
    "2016-09-30": {
        "Diluted EPS": 0.18,
        "Total Revenue": 15,
        "Gross Profit": 14,
        "Operating Income": 2,
        "EBIT": NaN,
        "Net Income": 1
    },
    "2016-06-30": {
        "Diluted EPS": 0.08,
        "Total Revenue": 15,
        "Gross Profit": 13,
        "Operating Income": 1,
        "EBIT": NaN,
        "Net Income": 1
    },
    "2016-03-31": {
        "Diluted EPS": 0.32,
        "Total Revenue": 16,
        "Gross Profit": 14,
        "Operating Income": 3,
        "EBIT": NaN,
        "Net Income": 3
    },
    "2015-12-31": {
        "Diluted EPS": 0.19,
        "Total Revenue": 14,
        "Gross Profit": 13,
        "Operating Income": 1,
        "EBIT": NaN,
        "Net Income": 1
    },
    "2015-09-30": {
        "Diluted EPS": 0.3,
        "Total Revenue": 15,
        "Gross Profit": 14,
        "Operating Income": 3,
        "EBIT": NaN,
        "Net Income": 2
    },
    "2015-06-30": {
        "Diluted EPS": 0.18,
        "Total Revenue": 14,
        "Gross Profit": 13,
        "Operating Income": 2,
        "EBIT": NaN,
        "Net Income": 2
    },
    "2015-03-31": {
        "Diluted EPS": 0.3,
        "Total Revenue": 15,
        "Gross Profit": 14,
        "Operating Income": 3,
        "EBIT": NaN,
        "Net Income": 2
    },
    "2014-12-31": {
        "Diluted EPS": 2.36,
        "Total Revenue": 14,
        "Gross Profit": 13,
        "Operating Income": 3,
        "EBIT": NaN,
        "Net Income": 19
    },
    "2014-09-30": {
        "Diluted EPS": 0.64,
        "Total Revenue": 14,
        "Gross Profit": 13,
        "Operating Income": 5,
        "EBIT": NaN,
        "Net Income": 5
    },
    "2014-06-30": {
        "Diluted EPS": 0.35,
        "Total Revenue": 15,
        "Gross Profit": 14,
        "Operating Income": 3,
        "EBIT": NaN,
        "Net Income": 3
    },
    "2014-03-31": {
        "Diluted EPS": 0.24,
        "Total Revenue": 14,
        "Gross Profit": 13,
        "Operating Income": 2,
        "EBIT": NaN,
        "Net Income": 2
    },
    "2013-12-31": {
        "Diluted EPS": 0.37,
        "Total Revenue": 14,
        "Gross Profit": 13,
        "Operating Income": 3,
        "EBIT": NaN,
        "Net Income": 3
    },
    "2013-09-30": {
        "Diluted EPS": 0.26,
        "Total Revenue": 14,
        "Gross Profit": 12,
        "Operating Income": 2,
        "EBIT": NaN,
        "Net Income": 2
    },
    "2013-06-30": {
        "Diluted EPS": 0.42,
        "Total Revenue": 14,
        "Gross Profit": 12,
        "Operating Income": 3,
        "EBIT": NaN,
        "Net Income": 3
    },
    "2013-03-31": {
        "Diluted EPS": 0.19,
        "Total Revenue": 14,
        "Gross Profit": 13,
        "Operating Income": 2,
        "EBIT": NaN,
        "Net Income": 2
    },
    "2012-12-31": {
        "Diluted EPS": 0.13,
        "Total Revenue": 15,
        "Gross Profit": 14,
        "Operating Income": 2,
        "EBIT": NaN,
        "Net Income": 1
    },
    "2012-09-30": {
        "Diluted EPS": -2.65,
        "Total Revenue": 16,
        "Gross Profit": 14,
        "Operating Income": -2,
        "EBIT": NaN,
        "Net Income": -21
    },
    "2012-06-30": {
        "Diluted EPS": -1.23,
        "Total Revenue": 19,
        "Gross Profit": 17,
        "Operating Income": -17,
        "EBIT": NaN,
        "Net Income": -10
    },
    "2012-03-31": {
        "Diluted EPS": -1.02,
        "Total Revenue": 19,
        "Gross Profit": 17,
        "Operating Income": -13,
        "EBIT": NaN,
        "Net Income": -8
    },
    "2011-12-31": {
        "Diluted EPS": -3.67,
        "Total Revenue": 21,
        "Gross Profit": 19,
        "Operating Income": -38,
        "EBIT": NaN,
        "Net Income": -29
    },
    "2011-09-30": {
        "Diluted EPS": 0.54,
        "Total Revenue": 24,
        "Gross Profit": 22,
        "Operating Income": 3,
        "EBIT": NaN,
        "Net Income": 4
    },
    "2011-06-30": {
        "Diluted EPS": -1.33,
        "Total Revenue": 21,
        "Gross Profit": 18,
        "Operating Income": -13,
        "EBIT": NaN,
        "Net Income": -11
    },
    "2011-03-31": {
        "Diluted EPS": 0.48,
        "Total Revenue": 20,
        "Gross Profit": 17,
        "Operating Income": 5,
        "EBIT": NaN,
        "Net Income": 4
    },
    "2010-12-31": {
        "Diluted EPS": 0.55,
        "Total Revenue": 20,
        "Gross Profit": 17,
        "Operating Income": 6,
        "EBIT": NaN,
        "Net Income": 4
    },
    "2010-09-30": {
        "Diluted EPS": 0.61,
        "Total Revenue": 21,
        "Gross Profit": 18,
        "Operating Income": 7,
        "EBIT": NaN,
        "Net Income": 5
    },
    "2010-06-30": {
        "Diluted EPS": 0.49,
        "Total Revenue": 22,
        "Gross Profit": 19,
        "Operating Income": 5,
        "EBIT": NaN,
        "Net Income": 4
    },
    "2010-03-31": {
        "Diluted EPS": 0.52,
        "Total Revenue": 18,
        "Gross Profit": 15,
        "Operating Income": 5,
        "EBIT": NaN,
        "Net Income": 3
    },
    "2009-12-31": {
        "Diluted EPS": 0.51,
        "Total Revenue": 18,
        "Gross Profit": 15,
        "Operating Income": 8,
        "EBIT": NaN,
        "Net Income": 3
    },
    "2009-09-30": {
        "Diluted EPS": 0.6,
        "Total Revenue": 18,
        "Gross Profit": 14,
        "Operating Income": 5,
        "EBIT": NaN,
        "Net Income": 4
    },
    "2009-06-30": {
        "Diluted EPS": 0.51,
        "Total Revenue": 17,
        "Gross Profit": 13,
        "Operating Income": 5,
        "EBIT": NaN,
        "Net Income": 3
    },
    "2009-03-31": {
        "Diluted EPS": 0.45,
        "Total Revenue": 17,
        "Gross Profit": 12,
        "Operating Income": 4,
        "EBIT": NaN,
        "Net Income": 3
    },
    "2023-09-30": {
        "Tax Effect Of Unusual Items": NaN,
        "Tax Rate For Calcs": NaN,
        "Total Unusual Items": NaN,
        "Total Unusual Items Excluding Goodwill": NaN,
        "Net Income From Continuing Operation Net Minority Interest": NaN,
        "Reconciled Depreciation": NaN,
        "Net Interest Income": NaN,
        "Interest Expense": NaN,
        "Interest Income": NaN,
        "Normalized Income": NaN,
        "Net Income From Continuing And Discontinued Operation": NaN,
        "Diluted Average Shares": 10405000.0,
        "Basic Average Shares": 10319000.0,
        "Diluted EPS": 0.87,
        "Basic EPS": 0.87,
        "Diluted NI Availto Com Stockholders": NaN,
        "Net Income Common Stockholders": NaN,
        "Net Income": NaN,
        "Net Income Including Noncontrolling Interests": NaN,
        "Net Income Continuous Operations": NaN,
        "Tax Provision": NaN,
        "Pretax Income": NaN,
        "Special Income Charges": NaN,
        "Restructuring And Mergern Acquisition": NaN,
        "Gain On Sale Of Security": NaN,
        "Depreciation Amortization Depletion Income Statement": NaN,
        "Depreciation And Amortization In Income Statement": NaN,
        "Amortization": NaN,
        "Amortization Of Intangibles Income Statement": NaN,
        "Selling General And Administration": NaN,
        "Selling And Marketing Expense": NaN,
        "General And Administrative Expense": NaN,
        "Insurance And Claims": NaN,
        "Salaries And Wages": NaN,
        "Total Revenue": NaN,
        "Operating Revenue": NaN,
        "Occupancy And Equipment": NaN,
        "Professional Expense And Contract Services Expense": NaN,
        "Other Non Interest Expense": NaN
    },
    "2023-12-31": {
        "Tax Effect Of Unusual Items": -224487.472935,
        "Tax Rate For Calcs": 0.211981,
        "Total Unusual Items": -1059000.0,
        "Total Unusual Items Excluding Goodwill": -1059000.0,
        "Net Income From Continuing Operation Net Minority Interest": 7643000.0,
        "Reconciled Depreciation": 1146000.0,
        "Net Interest Income": 26018000.0,
        "Interest Expense": 14010000.0,
        "Interest Income": 40028000.0,
        "Normalized Income": 8477512.527065,
        "Net Income From Continuing And Discontinued Operation": 7643000.0,
        "Diluted Average Shares": 10419000.0,
        "Basic Average Shares": 10321000.0,
        "Diluted EPS": 0.73,
        "Basic EPS": 0.74,
        "Diluted NI Availto Com Stockholders": 7643000.0,
        "Net Income Common Stockholders": 7643000.0,
        "Net Income": 7643000.0,
        "Net Income Including Noncontrolling Interests": 7643000.0,
        "Net Income Continuous Operations": 7643000.0,
        "Tax Provision": 2056000.0,
        "Pretax Income": 9699000.0,
        "Special Income Charges": -1059000.0,
        "Restructuring And Mergern Acquisition": 1059000.0,
        "Gain On Sale Of Security": -39000.0,
        "Depreciation Amortization Depletion Income Statement": 236000.0,
        "Depreciation And Amortization In Income Statement": 236000.0,
        "Amortization": 236000.0,
        "Amortization Of Intangibles Income Statement": 236000.0,
        "Selling General And Administration": 14057000.0,
        "Selling And Marketing Expense": 501000.0,
        "General And Administrative Expense": 13556000.0,
        "Insurance And Claims": 460000.0,
        "Salaries And Wages": 13096000.0,
        "Total Revenue": 32177000.0,
        "Operating Revenue": 32177000.0,
        "Occupancy And Equipment": 2534000.0,
        "Professional Expense And Contract Services Expense": 702000.0,
        "Other Non Interest Expense": 3472000.0
    },
    "2024-03-31": {
        "Tax Effect Of Unusual Items": -138432.0,
        "Tax Rate For Calcs": 0.206,
        "Total Unusual Items": -672000.0,
        "Total Unusual Items Excluding Goodwill": -672000.0,
        "Net Income From Continuing Operation Net Minority Interest": 8531000.0,
        "Reconciled Depreciation": 1072000.0,
        "Net Interest Income": 26881000.0,
        "Interest Expense": 15769000.0,
        "Interest Income": 42650000.0,
        "Normalized Income": 9064568.0,
        "Net Income From Continuing And Discontinued Operation": 8531000.0,
        "Diluted Average Shares": 10482000.0,
        "Basic Average Shares": 10349000.0,
        "Diluted EPS": 0.81,
        "Basic EPS": 0.82,
        "Diluted NI Availto Com Stockholders": 8531000.0,
        "Net Income Common Stockholders": 8531000.0,
        "Net Income": 8531000.0,
        "Net Income Including Noncontrolling Interests": 8531000.0,
        "Net Income Continuous Operations": 8531000.0,
        "Tax Provision": 2213000.0,
        "Pretax Income": 10744000.0,
        "Special Income Charges": -672000.0,
        "Restructuring And Mergern Acquisition": 672000.0,
        "Gain On Sale Of Security": -5000.0,
        "Depreciation Amortization Depletion Income Statement": 225000.0,
        "Depreciation And Amortization In Income Statement": 225000.0,
        "Amortization": 225000.0,
        "Amortization Of Intangibles Income Statement": 225000.0,
        "Selling General And Administration": 14842000.0,
        "Selling And Marketing Expense": 398000.0,
        "General And Administrative Expense": 14444000.0,
        "Insurance And Claims": 441000.0,
        "Salaries And Wages": 14003000.0,
        "Total Revenue": 33160000.0,
        "Operating Revenue": 33160000.0,
        "Occupancy And Equipment": 2639000.0,
        "Professional Expense And Contract Services Expense": 631000.0,
        "Other Non Interest Expense": 3109000.0
    },
    "2024-06-30": {
        "Tax Effect Of Unusual Items": -240620.0,
        "Tax Rate For Calcs": 0.212,
        "Total Unusual Items": -1135000.0,
        "Total Unusual Items Excluding Goodwill": -1135000.0,
        "Net Income From Continuing Operation Net Minority Interest": 7738000.0,
        "Reconciled Depreciation": 1064000.0,
        "Net Interest Income": 26103000.0,
        "Interest Expense": 17178000.0,
        "Interest Income": 43281000.0,
        "Normalized Income": 8632380.0,
        "Net Income From Continuing And Discontinued Operation": 7738000.0,
        "Diluted Average Shares": 10553000.0,
        "Basic Average Shares": 10393000.0,
        "Diluted EPS": 0.73,
        "Basic EPS": 0.74,
        "Diluted NI Availto Com Stockholders": 7738000.0,
        "Net Income Common Stockholders": 7738000.0,
        "Net Income": 7738000.0,
        "Net Income Including Noncontrolling Interests": 7738000.0,
        "Net Income Continuous Operations": 7738000.0,
        "Tax Provision": 2086000.0,
        "Pretax Income": 9824000.0,
        "Special Income Charges": -1135000.0,
        "Restructuring And Mergern Acquisition": 1135000.0,
        "Gain On Sale Of Security": -12000.0,
        "Depreciation Amortization Depletion Income Statement": 215000.0,
        "Depreciation And Amortization In Income Statement": 215000.0,
        "Amortization": 215000.0,
        "Amortization Of Intangibles Income Statement": 215000.0,
        "Selling General And Administration": 14660000.0,
        "Selling And Marketing Expense": 774000.0,
        "General And Administrative Expense": 13886000.0,
        "Insurance And Claims": 419000.0,
        "Salaries And Wages": 13467000.0,
        "Total Revenue": 32934000.0,
        "Operating Revenue": 32934000.0,
        "Occupancy And Equipment": 2705000.0,
        "Professional Expense And Contract Services Expense": 801000.0,
        "Other Non Interest Expense": 2782000.0
    },
    "2024-09-30": {
        "Tax Effect Of Unusual Items": -3464034.0,
        "Tax Rate For Calcs": 0.201,
        "Total Unusual Items": -17234000.0,
        "Total Unusual Items Excluding Goodwill": -17234000.0,
        "Net Income From Continuing Operation Net Minority Interest": -7903000.0,
        "Reconciled Depreciation": 3657000.0,
        "Net Interest Income": 51697000.0,
        "Interest Expense": 31290000.0,
        "Interest Income": 82987000.0,
        "Normalized Income": 5866966.0,
        "Net Income From Continuing And Discontinued Operation": -7903000.0,
        "Diluted Average Shares": 19226000.0,
        "Basic Average Shares": 19088000.0,
        "Diluted EPS": -0.41,
        "Basic EPS": -0.41,
        "Diluted NI Availto Com Stockholders": -7903000.0,
        "Net Income Common Stockholders": -7903000.0,
        "Net Income": -7903000.0,
        "Net Income Including Noncontrolling Interests": -7903000.0,
        "Net Income Continuous Operations": -7903000.0,
        "Tax Provision": -1994000.0,
        "Pretax Income": -9897000.0,
        "Special Income Charges": -17234000.0,
        "Restructuring And Mergern Acquisition": 17234000.0,
        "Gain On Sale Of Security": 271000.0,
        "Depreciation Amortization Depletion Income Statement": 2464000.0,
        "Depreciation And Amortization In Income Statement": 2464000.0,
        "Amortization": 2464000.0,
        "Amortization Of Intangibles Income Statement": 2464000.0,
        "Selling General And Administration": 28712000.0,
        "Selling And Marketing Expense": 537000.0,
        "General And Administrative Expense": 28175000.0,
        "Insurance And Claims": 862000.0,
        "Salaries And Wages": 27313000.0,
        "Total Revenue": 63299000.0,
        "Operating Revenue": 63299000.0,
        "Occupancy And Equipment": 4333000.0,
        "Professional Expense And Contract Services Expense": 1119000.0,
        "Other Non Interest Expense": 5653000.0
    },
    "2024-12-31": {
        "Tax Effect Of Unusual Items": -886968.427196,
        "Tax Rate For Calcs": 0.201401,
        "Total Unusual Items": -4404000.0,
        "Total Unusual Items Excluding Goodwill": -4404000.0,
        "Net Income From Continuing Operation Net Minority Interest": 13684000.0,
        "Reconciled Depreciation": 3897000.0,
        "Net Interest Income": 50573000.0,
        "Interest Expense": 29442000.0,
        "Interest Income": 80015000.0,
        "Normalized Income": 17201031.572804,
        "Net Income From Continuing And Discontinued Operation": 13684000.0,
        "Diluted Average Shares": NaN,
        "Basic Average Shares": NaN,
        "Diluted EPS": NaN,
        "Basic EPS": NaN,
        "Diluted NI Availto Com Stockholders": 13684000.0,
        "Net Income Common Stockholders": 13684000.0,
        "Net Income": 13684000.0,
        "Net Income Including Noncontrolling Interests": 13684000.0,
        "Net Income Continuous Operations": 13684000.0,
        "Tax Provision": 3451000.0,
        "Pretax Income": 17135000.0,
        "Special Income Charges": -4404000.0,
        "Restructuring And Mergern Acquisition": 3926000.0,
        "Gain On Sale Of Security": -5000.0,
        "Depreciation Amortization Depletion Income Statement": 2838000.0,
        "Depreciation And Amortization In Income Statement": 2838000.0,
        "Amortization": 2838000.0,
        "Amortization Of Intangibles Income Statement": 2838000.0,
        "Selling General And Administration": 24414000.0,
        "Selling And Marketing Expense": 878000.0,
        "General And Administrative Expense": 23536000.0,
        "Insurance And Claims": 955000.0,
        "Salaries And Wages": 22581000.0,
        "Total Revenue": 61015000.0,
        "Operating Revenue": 61015000.0,
        "Occupancy And Equipment": 4893000.0,
        "Professional Expense And Contract Services Expense": 1591000.0,
        "Other Non Interest Expense": 3985000.0
    }
}