{
    "2023-03-31": {
        "Tax Effect Of Unusual Items": NaN,
        "Tax Rate For Calcs": NaN,
        "Net Income From Continuing Operation Net Minority Interest": NaN,
        "Reconciled Depreciation": NaN,
        "EBIT": NaN,
        "Net Interest Income": NaN,
        "Interest Expense": NaN,
        "Interest Income": NaN,
        "Normalized Income": NaN,
        "Net Income From Continuing And Discontinued Operation": NaN,
        "Total Expenses": NaN,
        "Diluted Average Shares": NaN,
        "Basic Average Shares": NaN,
        "Diluted EPS": NaN,
        "Basic EPS": NaN,
        "Diluted NI Availto Com Stockholders": NaN,
        "Net Income Common Stockholders": NaN,
        "Net Income": NaN,
        "Minority Interests": NaN,
        "Net Income Including Noncontrolling Interests": NaN,
        "Net Income Continuous Operations": NaN,
        "Tax Provision": NaN,
        "Pretax Income": NaN,
        "Net Non Operating Interest Income Expense": NaN,
        "Interest Expense Non Operating": NaN,
        "Other Operating Expenses": NaN,
        "Depreciation And Amortization In Income Statement": NaN,
        "Depreciation Income Statement": 4939000.0,
        "Selling General And Administration": NaN,
        "General And Administrative Expense": NaN,
        "Other Gand A": NaN,
        "Total Revenue": NaN,
        "Operating Revenue": NaN,
        "Loss Adjustment Expense": NaN,
        "Net Policyholder Benefits And Claims": NaN,
        "Policyholder Benefits Gross": NaN,
        "Policyholder Benefits Ceded": NaN
    },
    "2022-12-31": {
        "Tax Effect Of Unusual Items": NaN,
        "Tax Rate For Calcs": NaN,
        "Total Unusual Items": 0.0,
        "Total Unusual Items Excluding Goodwill": 0.0,
        "Net Income From Continuing Operation Net Minority Interest": NaN,
        "Reconciled Depreciation": NaN,
        "EBIT": NaN,
        "Net Interest Income": NaN,
        "Interest Expense": NaN,
        "Normalized Income": NaN,
        "Net Income From Continuing And Discontinued Operation": NaN,
        "Total Expenses": NaN,
        "Diluted Average Shares": NaN,
        "Basic Average Shares": NaN,
        "Diluted EPS": NaN,
        "Basic EPS": NaN,
        "Diluted NI Availto Com Stockholders": NaN,
        "Net Income Common Stockholders": NaN,
        "Net Income": NaN,
        "Minority Interests": NaN,
        "Net Income Including Noncontrolling Interests": NaN,
        "Net Income Continuous Operations": NaN,
        "Tax Provision": NaN,
        "Pretax Income": NaN,
        "Special Income Charges": 0.0,
        "Net Non Operating Interest Income Expense": NaN,
        "Interest Expense Non Operating": NaN,
        "Other Operating Expenses": NaN,
        "Depreciation And Amortization In Income Statement": NaN,
        "Depreciation Income Statement": NaN,
        "Selling General And Administration": NaN,
        "General And Administrative Expense": NaN,
        "Other Gand A": NaN,
        "Total Revenue": NaN,
        "Operating Revenue": NaN,
        "Loss Adjustment Expense": NaN,
        "Net Policyholder Benefits And Claims": NaN,
        "Policyholder Benefits Gross": NaN,
        "Policyholder Benefits Ceded": NaN
    },
    "2022-09-30": {
        "Tax Effect Of Unusual Items": NaN,
        "Tax Rate For Calcs": NaN,
        "Total Unusual Items": 0.0,
        "Total Unusual Items Excluding Goodwill": 0.0,
        "Net Income From Continuing Operation Net Minority Interest": NaN,
        "Reconciled Depreciation": NaN,
        "EBIT": NaN,
        "Net Interest Income": NaN,
        "Interest Expense": NaN,
        "Normalized Income": NaN,
        "Net Income From Continuing And Discontinued Operation": NaN,
        "Total Expenses": NaN,
        "Diluted Average Shares": NaN,
        "Basic Average Shares": NaN,
        "Diluted EPS": NaN,
        "Basic EPS": NaN,
        "Diluted NI Availto Com Stockholders": NaN,
        "Net Income Common Stockholders": NaN,
        "Net Income": NaN,
        "Minority Interests": NaN,
        "Net Income Including Noncontrolling Interests": NaN,
        "Net Income Continuous Operations": NaN,
        "Tax Provision": NaN,
        "Pretax Income": NaN,
        "Special Income Charges": 0.0,
        "Net Non Operating Interest Income Expense": NaN,
        "Interest Expense Non Operating": NaN,
        "Other Operating Expenses": NaN,
        "Depreciation And Amortization In Income Statement": NaN,
        "Depreciation Income Statement": NaN,
        "Selling General And Administration": NaN,
        "General And Administrative Expense": NaN,
        "Other Gand A": NaN,
        "Total Revenue": NaN,
        "Operating Revenue": NaN
    },
    "2022-06-30": {
        "Tax Effect Of Unusual Items": 0.0,
        "Tax Rate For Calcs": 0.4,
        "Total Unusual Items": 0.0,
        "Total Unusual Items Excluding Goodwill": 0.0,
        "Net Income From Continuing Operation Net Minority Interest": -112164000.0,
        "Reconciled Depreciation": 3691000.0,
        "EBIT": -105694000.0,
        "Net Interest Income": -6141000.0,
        "Interest Expense": 6141000.0,
        "Normalized Income": -112164000.0,
        "Net Income From Continuing And Discontinued Operation": -112164000.0,
        "Total Expenses": 1129154000.0,
        "Diluted Average Shares": 211311494.0,
        "Basic Average Shares": 211311494.0,
        "Diluted EPS": -0.53,
        "Basic EPS": -0.53,
        "Diluted NI Availto Com Stockholders": -112164000.0,
        "Net Income Common Stockholders": -112164000.0,
        "Net Income": -112164000.0,
        "Minority Interests": -39000.0,
        "Net Income Including Noncontrolling Interests": -112125000.0,
        "Net Income Continuous Operations": -112125000.0,
        "Tax Provision": 290000.0,
        "Pretax Income": -111835000.0,
        "Special Income Charges": 0.0,
        "Net Non Operating Interest Income Expense": -6141000.0,
        "Interest Expense Non Operating": 6141000.0,
        "Other Operating Expenses": 67956000.0,
        "Selling General And Administration": 80754000.0,
        "General And Administrative Expense": 80754000.0,
        "Other Gand A": 80754000.0,
        "Total Revenue": 1017319000.0,
        "Operating Revenue": 1017319000.0
    },
    "2022-03-31": {
        "Diluted EPS": -0.36,
        "Total Revenue": 973,
        "Gross Profit": 238,
        "Operating Income": -69,
        "EBIT": -63,
        "Net Income": -75
    },
    "2021-12-31": {
        "Diluted EPS": -0.83,
        "Total Revenue": 496,
        "Gross Profit": 14,
        "Operating Income": -196,
        "EBIT": -190,
        "Net Income": -199
    },
    "2021-09-30": {
        "Diluted EPS": -1.02,
        "Total Revenue": 444,
        "Gross Profit": -10,
        "Operating Income": -212,
        "EBIT": -206,
        "Net Income": -211
    },
    "2021-06-30": {
        "Diluted EPS": -0.35,
        "Total Revenue": 529,
        "Gross Profit": 109,
        "Operating Income": -73,
        "EBIT": -67,
        "Net Income": -73
    },
    "2021-03-31": {
        "Diluted EPS": -1.0,
        "Total Revenue": 369,
        "Gross Profit": 101,
        "Operating Income": -64,
        "EBIT": -59,
        "Net Income": -89
    },
    "2020-12-31": {
        "Diluted EPS": -6.66,
        "Total Revenue": 158,
        "Gross Profit": 73,
        "Operating Income": -187,
        "EBIT": -182,
        "Net Income": -190
    },
    "2020-09-30": {
        "Diluted EPS": -2.72,
        "Total Revenue": 102,
        "Gross Profit": 16,
        "Operating Income": -80,
        "EBIT": -76,
        "Net Income": -79
    },
    "2020-06-30": {
        "Diluted EPS": -1.42,
        "Total Revenue": 115,
        "Gross Profit": 60,
        "Operating Income": -39,
        "EBIT": -37,
        "Net Income": -41
    },
    "2020-03-31": {
        "Diluted EPS": -3.36,
        "Total Revenue": 88,
        "Gross Profit": 4,
        "Operating Income": -96,
        "EBIT": -93,
        "Net Income": -97
    },
    "2019-12-31": {
        "Diluted EPS": 0.0,
        "Total Revenue": NaN,
        "Gross Profit": NaN,
        "Operating Income": NaN,
        "EBIT": NaN,
        "Net Income": NaN
    },
    "2023-06-30": {
        "Tax Effect Of Unusual Items": NaN,
        "Tax Rate For Calcs": NaN,
        "Net Income From Continuing Operation Net Minority Interest": NaN,
        "Reconciled Depreciation": NaN,
        "EBIT": NaN,
        "Net Interest Income": NaN,
        "Interest Expense": NaN,
        "Interest Income": NaN,
        "Normalized Income": NaN,
        "Net Income From Continuing And Discontinued Operation": NaN,
        "Total Expenses": NaN,
        "Diluted Average Shares": NaN,
        "Basic Average Shares": NaN,
        "Diluted EPS": NaN,
        "Basic EPS": NaN,
        "Diluted NI Availto Com Stockholders": NaN,
        "Net Income Common Stockholders": NaN,
        "Net Income": NaN,
        "Minority Interests": NaN,
        "Net Income Including Noncontrolling Interests": NaN,
        "Net Income Continuous Operations": NaN,
        "Tax Provision": NaN,
        "Pretax Income": NaN,
        "Net Non Operating Interest Income Expense": NaN,
        "Interest Expense Non Operating": NaN,
        "Other Operating Expenses": NaN,
        "Depreciation And Amortization In Income Statement": 8821000.0,
        "Depreciation Income Statement": NaN,
        "Selling General And Administration": NaN,
        "General And Administrative Expense": NaN,
        "Other Gand A": NaN,
        "Total Revenue": NaN,
        "Operating Revenue": NaN,
        "Loss Adjustment Expense": NaN,
        "Net Policyholder Benefits And Claims": NaN,
        "Policyholder Benefits Gross": NaN,
        "Policyholder Benefits Ceded": NaN
    },
    "2023-09-30": {
        "Tax Effect Of Unusual Items": NaN,
        "Tax Rate For Calcs": NaN,
        "Net Income From Continuing Operation Net Minority Interest": NaN,
        "Reconciled Depreciation": NaN,
        "EBIT": NaN,
        "Net Interest Income": NaN,
        "Interest Expense": NaN,
        "Interest Income": 1682000.0,
        "Normalized Income": NaN,
        "Net Income From Continuing And Discontinued Operation": NaN,
        "Total Expenses": NaN,
        "Diluted Average Shares": NaN,
        "Basic Average Shares": NaN,
        "Diluted EPS": NaN,
        "Basic EPS": NaN,
        "Diluted NI Availto Com Stockholders": NaN,
        "Net Income Common Stockholders": NaN,
        "Otherunder Preferred Stock Dividend": NaN,
        "Net Income": NaN,
        "Minority Interests": NaN,
        "Net Income Including Noncontrolling Interests": NaN,
        "Net Income Continuous Operations": NaN,
        "Tax Provision": NaN,
        "Pretax Income": NaN,
        "Net Non Operating Interest Income Expense": NaN,
        "Interest Expense Non Operating": NaN,
        "Other Operating Expenses": NaN,
        "Depreciation And Amortization In Income Statement": NaN,
        "Depreciation Income Statement": NaN,
        "Selling General And Administration": NaN,
        "General And Administrative Expense": NaN,
        "Other Gand A": NaN,
        "Total Revenue": NaN,
        "Operating Revenue": NaN,
        "Loss Adjustment Expense": NaN,
        "Net Policyholder Benefits And Claims": NaN,
        "Policyholder Benefits Gross": NaN,
        "Policyholder Benefits Ceded": NaN
    },
    "2023-12-31": {
        "Tax Effect Of Unusual Items": 0.0,
        "Tax Rate For Calcs": 0.00535,
        "Net Income From Continuing Operation Net Minority Interest": -150030000.0,
        "Reconciled Depreciation": 7742000.0,
        "EBIT": -144427000.0,
        "Net Interest Income": -6217000.0,
        "Interest Expense": 6217000.0,
        "Interest Income": NaN,
        "Normalized Income": -150030000.0,
        "Net Income From Continuing And Discontinued Operation": -150030000.0,
        "Total Expenses": 1582276000.0,
        "Diluted Average Shares": 227082062.0,
        "Basic Average Shares": 227082062.0,
        "Diluted EPS": -0.66,
        "Basic EPS": -0.66,
        "Diluted NI Availto Com Stockholders": -150030000.0,
        "Net Income Common Stockholders": -150030000.0,
        "Net Income": -150030000.0,
        "Minority Interests": -192000.0,
        "Net Income Including Noncontrolling Interests": -149838000.0,
        "Net Income Continuous Operations": -149838000.0,
        "Tax Provision": -806000.0,
        "Pretax Income": -150644000.0,
        "Net Non Operating Interest Income Expense": -6217000.0,
        "Interest Expense Non Operating": 6217000.0,
        "Other Operating Expenses": 73261000.0,
        "Depreciation And Amortization In Income Statement": NaN,
        "Depreciation Income Statement": NaN,
        "Selling General And Administration": 85610000.0,
        "General And Administrative Expense": 85610000.0,
        "Other Gand A": 85610000.0,
        "Total Revenue": 1431632000.0,
        "Operating Revenue": 1431632000.0,
        "Loss Adjustment Expense": 1417188000.0,
        "Net Policyholder Benefits And Claims": 1417188000.0,
        "Policyholder Benefits Gross": 1428091000.0,
        "Policyholder Benefits Ceded": 10903000.0
    },
    "2024-03-31": {
        "Tax Effect Of Unusual Items": NaN,
        "Tax Rate For Calcs": NaN,
        "Net Income From Continuing Operation Net Minority Interest": NaN,
        "Reconciled Depreciation": NaN,
        "EBIT": NaN,
        "Net Interest Income": NaN,
        "Interest Expense": NaN,
        "Interest Income": NaN,
        "Normalized Income": NaN,
        "Net Income From Continuing And Discontinued Operation": NaN,
        "Total Expenses": NaN,
        "Diluted Average Shares": NaN,
        "Basic Average Shares": NaN,
        "Diluted EPS": NaN,
        "Basic EPS": NaN,
        "Diluted NI Availto Com Stockholders": NaN,
        "Net Income Common Stockholders": NaN,
        "Otherunder Preferred Stock Dividend": -5782000.0,
        "Net Income": NaN,
        "Minority Interests": NaN,
        "Net Income Including Noncontrolling Interests": NaN,
        "Net Income Continuous Operations": NaN,
        "Tax Provision": NaN,
        "Pretax Income": NaN,
        "Net Non Operating Interest Income Expense": NaN,
        "Interest Expense Non Operating": NaN,
        "Other Operating Expenses": NaN,
        "Depreciation And Amortization In Income Statement": NaN,
        "Depreciation Income Statement": 7811000.0,
        "Selling General And Administration": NaN,
        "General And Administrative Expense": NaN,
        "Other Gand A": NaN,
        "Total Revenue": NaN,
        "Operating Revenue": NaN,
        "Loss Adjustment Expense": NaN,
        "Net Policyholder Benefits And Claims": NaN,
        "Policyholder Benefits Gross": NaN,
        "Policyholder Benefits Ceded": NaN
    },
    "2024-06-30": {
        "Tax Effect Of Unusual Items": 0.0,
        "Tax Rate For Calcs": 0.07608,
        "Net Income From Continuing Operation Net Minority Interest": 56207000.0,
        "Reconciled Depreciation": 7601000.0,
        "EBIT": 66940000.0,
        "Net Interest Income": -5991000.0,
        "Interest Expense": 5991000.0,
        "Interest Income": NaN,
        "Normalized Income": 56207000.0,
        "Net Income From Continuing And Discontinued Operation": 56207000.0,
        "Total Expenses": 2158392000.0,
        "Diluted Average Shares": 303965000.0,
        "Basic Average Shares": 238672000.0,
        "Diluted EPS": 0.2,
        "Basic EPS": 0.24,
        "Diluted NI Availto Com Stockholders": 56207000.0,
        "Net Income Common Stockholders": 56207000.0,
        "Otherunder Preferred Stock Dividend": NaN,
        "Net Income": 56207000.0,
        "Minority Interests": -105000.0,
        "Net Income Including Noncontrolling Interests": 56312000.0,
        "Net Income Continuous Operations": 56312000.0,
        "Tax Provision": 4637000.0,
        "Pretax Income": 60949000.0,
        "Net Non Operating Interest Income Expense": -5991000.0,
        "Interest Expense Non Operating": 5991000.0,
        "Other Operating Expenses": 872000.0,
        "Depreciation And Amortization In Income Statement": 7601000.0,
        "Depreciation Income Statement": NaN,
        "Selling General And Administration": 435144000.0,
        "General And Administrative Expense": 435144000.0,
        "Other Gand A": 435144000.0,
        "Total Revenue": 2219341000.0,
        "Operating Revenue": 2219341000.0,
        "Loss Adjustment Expense": 1708722000.0,
        "Net Policyholder Benefits And Claims": 1708722000.0,
        "Policyholder Benefits Gross": 1738676000.0,
        "Policyholder Benefits Ceded": 29954000.0
    },
    "2024-09-30": {
        "Tax Effect Of Unusual Items": 0.0,
        "Tax Rate For Calcs": 0.21,
        "Net Income From Continuing Operation Net Minority Interest": -54596000.0,
        "Reconciled Depreciation": 7500000.0,
        "EBIT": -46497000.0,
        "Net Interest Income": -5815000.0,
        "Interest Expense": 5815000.0,
        "Interest Income": 1555000.0,
        "Normalized Income": -54596000.0,
        "Net Income From Continuing And Discontinued Operation": -54596000.0,
        "Total Expenses": 2475794000.0,
        "Diluted Average Shares": 243106000.0,
        "Basic Average Shares": 243106000.0,
        "Diluted EPS": -0.22,
        "Basic EPS": -0.22,
        "Diluted NI Availto Com Stockholders": -54596000.0,
        "Net Income Common Stockholders": -54596000.0,
        "Otherunder Preferred Stock Dividend": NaN,
        "Net Income": -54596000.0,
        "Minority Interests": -208000.0,
        "Net Income Including Noncontrolling Interests": -54388000.0,
        "Net Income Continuous Operations": -54388000.0,
        "Tax Provision": 2076000.0,
        "Pretax Income": -52312000.0,
        "Net Non Operating Interest Income Expense": -5815000.0,
        "Interest Expense Non Operating": 5815000.0,
        "Other Operating Expenses": -1877000.0,
        "Depreciation And Amortization In Income Statement": 7500000.0,
        "Depreciation Income Statement": NaN,
        "Selling General And Administration": 459522000.0,
        "General And Administrative Expense": 459522000.0,
        "Other Gand A": 459522000.0,
        "Total Revenue": 2423482000.0,
        "Operating Revenue": 2423482000.0,
        "Loss Adjustment Expense": 2003979000.0,
        "Net Policyholder Benefits And Claims": 2003979000.0,
        "Policyholder Benefits Gross": 2045150000.0,
        "Policyholder Benefits Ceded": 41171000.0
    },
    "2024-12-31": {
        "Tax Effect Of Unusual Items": 0.0,
        "Tax Rate For Calcs": 0.002629,
        "Net Income From Continuing Operation Net Minority Interest": -153547000.0,
        "Reconciled Depreciation": 9233000.0,
        "EBIT": -147663000.0,
        "Net Interest Income": -6026000.0,
        "Interest Expense": 6026000.0,
        "Interest Income": NaN,
        "Normalized Income": -153547000.0,
        "Net Income From Continuing And Discontinued Operation": -153547000.0,
        "Total Expenses": 2546502000.0,
        "Diluted Average Shares": 248210000.0,
        "Basic Average Shares": 248210000.0,
        "Diluted EPS": -0.62,
        "Basic EPS": -0.62,
        "Diluted NI Availto Com Stockholders": -153547000.0,
        "Net Income Common Stockholders": -153547000.0,
        "Otherunder Preferred Stock Dividend": NaN,
        "Net Income": -153547000.0,
        "Minority Interests": -262000.0,
        "Net Income Including Noncontrolling Interests": -153285000.0,
        "Net Income Continuous Operations": -153285000.0,
        "Tax Provision": -404000.0,
        "Pretax Income": -153689000.0,
        "Net Non Operating Interest Income Expense": -6026000.0,
        "Interest Expense Non Operating": 6026000.0,
        "Other Operating Expenses": -68000.0,
        "Depreciation And Amortization In Income Statement": 9233000.0,
        "Depreciation Income Statement": NaN,
        "Selling General And Administration": 466580000.0,
        "General And Administrative Expense": 466580000.0,
        "Other Gand A": 466580000.0,
        "Total Revenue": 2392813000.0,
        "Operating Revenue": 2392813000.0,
        "Loss Adjustment Expense": 2065114000.0,
        "Net Policyholder Benefits And Claims": 2065114000.0,
        "Policyholder Benefits Gross": 2133423000.0,
        "Policyholder Benefits Ceded": 68309000.0
    },
    "2025-03-31": {
        "Tax Effect Of Unusual Items": 0.0,
        "Tax Rate For Calcs": 0.0441,
        "Net Income From Continuing Operation Net Minority Interest": 275271000.0,
        "Reconciled Depreciation": 6730000.0,
        "EBIT": 294205000.0,
        "Net Interest Income": -5994000.0,
        "Interest Expense": 5994000.0,
        "Interest Income": NaN,
        "Normalized Income": 275271000.0,
        "Net Income From Continuing And Discontinued Operation": 275271000.0,
        "Total Expenses": 2758052000.0,
        "Diluted Average Shares": 305938000.0,
        "Basic Average Shares": 251279000.0,
        "Diluted EPS": 0.92,
        "Basic EPS": 1.1,
        "Diluted NI Availto Com Stockholders": 280757000.0,
        "Net Income Common Stockholders": 280757000.0,
        "Otherunder Preferred Stock Dividend": -5486000.0,
        "Net Income": 275271000.0,
        "Minority Interests": -235000.0,
        "Net Income Including Noncontrolling Interests": 275506000.0,
        "Net Income Continuous Operations": 275506000.0,
        "Tax Provision": 12705000.0,
        "Pretax Income": 288211000.0,
        "Net Non Operating Interest Income Expense": -5994000.0,
        "Interest Expense Non Operating": 5994000.0,
        "Other Operating Expenses": 2918000.0,
        "Depreciation And Amortization In Income Statement": 6730000.0,
        "Depreciation Income Statement": NaN,
        "Selling General And Administration": 482759000.0,
        "General And Administrative Expense": 482759000.0,
        "Other Gand A": 482759000.0,
        "Total Revenue": 3046263000.0,
        "Operating Revenue": 3046263000.0,
        "Loss Adjustment Expense": 2259651000.0,
        "Net Policyholder Benefits And Claims": 2259651000.0,
        "Policyholder Benefits Gross": 2290663000.0,
        "Policyholder Benefits Ceded": 31012000.0
    },
    "2025-06-30": {
        "Tax Effect Of Unusual Items": 0.0,
        "Tax Rate For Calcs": 0.021603,
        "Net Income From Continuing Operation Net Minority Interest": -228361000.0,
        "Reconciled Depreciation": 6970000.0,
        "EBIT": -227689000.0,
        "Net Interest Income": -5847000.0,
        "Interest Expense": 5847000.0,
        "Interest Income": NaN,
        "Normalized Income": -228361000.0,
        "Net Income From Continuing And Discontinued Operation": -228361000.0,
        "Total Expenses": 3097481000.0,
        "Diluted Average Shares": 255531000.0,
        "Basic Average Shares": 255531000.0,
        "Diluted EPS": -0.89,
        "Basic EPS": -0.89,
        "Diluted NI Availto Com Stockholders": -228361000.0,
        "Net Income Common Stockholders": -228361000.0,
        "Otherunder Preferred Stock Dividend": NaN,
        "Net Income": -228361000.0,
        "Minority Interests": 130000.0,
        "Net Income Including Noncontrolling Interests": -228491000.0,
        "Net Income Continuous Operations": -228491000.0,
        "Tax Provision": -5045000.0,
        "Pretax Income": -233536000.0,
        "Net Non Operating Interest Income Expense": -5847000.0,
        "Interest Expense Non Operating": 5847000.0,
        "Other Operating Expenses": -2794000.0,
        "Depreciation And Amortization In Income Statement": 6970000.0,
        "Depreciation Income Statement": NaN,
        "Selling General And Administration": 534485000.0,
        "General And Administrative Expense": 534485000.0,
        "Other Gand A": 534485000.0,
        "Total Revenue": 2863945000.0,
        "Operating Revenue": 2863945000.0,
        "Loss Adjustment Expense": 2552973000.0,
        "Net Policyholder Benefits And Claims": 2552973000.0,
        "Policyholder Benefits Gross": 2575176000.0,
        "Policyholder Benefits Ceded": 22203000.0
    },
    "2025-09-30": {
        "Tax Effect Of Unusual Items": 0.0,
        "Tax Rate For Calcs": 0.012973,
        "Net Income From Continuing Operation Net Minority Interest": -137450000.0,
        "Reconciled Depreciation": 7312000.0,
        "EBIT": -132434000.0,
        "Net Interest Income": -6857000.0,
        "Interest Expense": 6857000.0,
        "Interest Income": 231000.0,
        "Normalized Income": -137450000.0,
        "Net Income From Continuing And Discontinued Operation": -137450000.0,
        "Total Expenses": 3125275000.0,
        "Diluted Average Shares": 259273000.0,
        "Basic Average Shares": 259273000.0,
        "Diluted EPS": -0.53,
        "Basic EPS": -0.53,
        "Diluted NI Availto Com Stockholders": -137450000.0,
        "Net Income Common Stockholders": -137450000.0,
        "Otherunder Preferred Stock Dividend": NaN,
        "Net Income": -137450000.0,
        "Minority Interests": 34000.0,
        "Net Income Including Noncontrolling Interests": -137484000.0,
        "Net Income Continuous Operations": -137484000.0,
        "Tax Provision": -1807000.0,
        "Pretax Income": -139291000.0,
        "Net Non Operating Interest Income Expense": -6857000.0,
        "Interest Expense Non Operating": 6857000.0,
        "Other Operating Expenses": 3184000.0,
        "Depreciation And Amortization In Income Statement": 7312000.0,
        "Depreciation Income Statement": NaN,
        "Selling General And Administration": 521592000.0,
        "General And Administrative Expense": 521592000.0,
        "Other Gand A": 521592000.0,
        "Total Revenue": 2985984000.0,
        "Operating Revenue": 2985984000.0,
        "Loss Adjustment Expense": 2586330000.0,
        "Net Policyholder Benefits And Claims": 2586330000.0,
        "Policyholder Benefits Gross": 2634080000.0,
        "Policyholder Benefits Ceded": 47750000.0
    }
}