{
    "2023-03-31": {
        "Tax Effect Of Unusual Items": 0.0,
        "Tax Rate For Calcs": 0.215,
        "Normalized EBITDA": 39664000.0,
        "Total Unusual Items": NaN,
        "Total Unusual Items Excluding Goodwill": NaN,
        "Net Income From Continuing Operation Net Minority Interest": 12139000.0,
        "Reconciled Depreciation": 16048000.0,
        "Reconciled Cost Of Revenue": 83412000.0,
        "EBITDA": 39664000.0,
        "EBIT": 23616000.0,
        "Net Interest Income": -8156000.0,
        "Interest Expense": 8156000.0,
        "Normalized Income": 12139000.0,
        "Net Income From Continuing And Discontinued Operation": 12139000.0,
        "Total Expenses": 91255000.0,
        "Rent Expense Supplemental": 15737000.0,
        "Total Operating Income As Reported": 22536000.0,
        "Diluted Average Shares": 85340906.0,
        "Basic Average Shares": 82006666.0,
        "Diluted EPS": 0.14,
        "Basic EPS": 0.15,
        "Diluted NI Availto Com Stockholders": 12139000.0,
        "Net Income Common Stockholders": 12139000.0,
        "Net Income": 12139000.0,
        "Net Income Including Noncontrolling Interests": 12139000.0,
        "Net Income Continuous Operations": 12139000.0,
        "Tax Provision": 3321000.0,
        "Pretax Income": 15460000.0,
        "Other Income Expense": 1080000.0,
        "Other Non Operating Income Expenses": 1080000.0,
        "Special Income Charges": NaN,
        "Gain On Sale Of Ppe": NaN,
        "Net Non Operating Interest Income Expense": -8156000.0,
        "Interest Expense Non Operating": 8156000.0,
        "Operating Income": 22536000.0,
        "Operating Expense": 7843000.0,
        "Selling General And Administration": 7843000.0,
        "General And Administrative Expense": 7843000.0,
        "Other Gand A": 7843000.0,
        "Gross Profit": 30379000.0,
        "Cost Of Revenue": 83412000.0,
        "Total Revenue": 113791000.0,
        "Operating Revenue": 113791000.0
    },
    "2022-12-31": {
        "Tax Effect Of Unusual Items": NaN,
        "Tax Rate For Calcs": NaN,
        "Normalized EBITDA": NaN,
        "Total Unusual Items": 60000.0,
        "Total Unusual Items Excluding Goodwill": 60000.0,
        "Net Income From Continuing Operation Net Minority Interest": NaN,
        "Reconciled Depreciation": NaN,
        "Reconciled Cost Of Revenue": NaN,
        "EBITDA": NaN,
        "EBIT": NaN,
        "Net Interest Income": NaN,
        "Interest Expense": NaN,
        "Normalized Income": NaN,
        "Net Income From Continuing And Discontinued Operation": NaN,
        "Total Expenses": NaN,
        "Rent Expense Supplemental": NaN,
        "Total Operating Income As Reported": NaN,
        "Diluted Average Shares": 87380404.0,
        "Basic Average Shares": 84902097.0,
        "Diluted EPS": 0.11,
        "Basic EPS": 0.12,
        "Diluted NI Availto Com Stockholders": NaN,
        "Net Income Common Stockholders": NaN,
        "Net Income": NaN,
        "Net Income Including Noncontrolling Interests": NaN,
        "Net Income Continuous Operations": NaN,
        "Tax Provision": NaN,
        "Pretax Income": NaN,
        "Other Income Expense": NaN,
        "Other Non Operating Income Expenses": NaN,
        "Special Income Charges": 0.0,
        "Gain On Sale Of Ppe": 0.0,
        "Net Non Operating Interest Income Expense": NaN,
        "Interest Expense Non Operating": NaN,
        "Operating Income": NaN,
        "Operating Expense": NaN,
        "Selling General And Administration": NaN,
        "General And Administrative Expense": NaN,
        "Other Gand A": NaN,
        "Gross Profit": NaN,
        "Cost Of Revenue": NaN,
        "Total Revenue": NaN,
        "Operating Revenue": NaN
    },
    "2022-09-30": {
        "Tax Effect Of Unusual Items": NaN,
        "Tax Rate For Calcs": NaN,
        "Normalized EBITDA": NaN,
        "Total Unusual Items": 0.0,
        "Total Unusual Items Excluding Goodwill": 0.0,
        "Net Income From Continuing Operation Net Minority Interest": NaN,
        "Reconciled Depreciation": NaN,
        "Reconciled Cost Of Revenue": NaN,
        "EBITDA": NaN,
        "EBIT": NaN,
        "Net Interest Income": NaN,
        "Interest Expense": NaN,
        "Normalized Income": NaN,
        "Net Income From Continuing And Discontinued Operation": NaN,
        "Total Expenses": NaN,
        "Rent Expense Supplemental": NaN,
        "Total Operating Income As Reported": NaN,
        "Diluted Average Shares": NaN,
        "Basic Average Shares": NaN,
        "Diluted EPS": NaN,
        "Basic EPS": NaN,
        "Diluted NI Availto Com Stockholders": NaN,
        "Net Income Common Stockholders": NaN,
        "Net Income": NaN,
        "Net Income Including Noncontrolling Interests": NaN,
        "Net Income Continuous Operations": NaN,
        "Tax Provision": NaN,
        "Pretax Income": NaN,
        "Other Income Expense": NaN,
        "Other Non Operating Income Expenses": NaN,
        "Special Income Charges": 0.0,
        "Gain On Sale Of Ppe": 0.0,
        "Net Non Operating Interest Income Expense": NaN,
        "Interest Expense Non Operating": NaN,
        "Operating Income": NaN,
        "Operating Expense": NaN,
        "Selling General And Administration": NaN,
        "General And Administrative Expense": NaN,
        "Other Gand A": NaN,
        "Gross Profit": NaN,
        "Cost Of Revenue": NaN,
        "Total Revenue": NaN,
        "Operating Revenue": NaN
    },
    "2022-06-30": {
        "Tax Effect Of Unusual Items": 0.0,
        "Tax Rate For Calcs": 0.140427,
        "Normalized EBITDA": 29289000.0,
        "Total Unusual Items": 0.0,
        "Total Unusual Items Excluding Goodwill": 0.0,
        "Net Income From Continuing Operation Net Minority Interest": 3740000.0,
        "Reconciled Depreciation": 16663000.0,
        "Reconciled Cost Of Revenue": 97908000.0,
        "EBITDA": 29289000.0,
        "EBIT": 12626000.0,
        "Net Interest Income": -8275000.0,
        "Interest Expense": 8275000.0,
        "Normalized Income": 3740000.0,
        "Net Income From Continuing And Discontinued Operation": 3740000.0,
        "Total Expenses": 105343000.0,
        "Rent Expense Supplemental": 22350000.0,
        "Total Operating Income As Reported": 12642000.0,
        "Diluted Average Shares": 92607727.0,
        "Basic Average Shares": 91254864.0,
        "Diluted EPS": 0.04,
        "Basic EPS": 0.04,
        "Diluted NI Availto Com Stockholders": 3740000.0,
        "Net Income Common Stockholders": 3740000.0,
        "Net Income": 3740000.0,
        "Net Income Including Noncontrolling Interests": 3740000.0,
        "Net Income Continuous Operations": 3740000.0,
        "Tax Provision": 611000.0,
        "Pretax Income": 4351000.0,
        "Other Income Expense": -16000.0,
        "Other Non Operating Income Expenses": -16000.0,
        "Special Income Charges": 0.0,
        "Gain On Sale Of Ppe": 0.0,
        "Write Off": NaN,
        "Net Non Operating Interest Income Expense": -8275000.0,
        "Interest Expense Non Operating": 8275000.0,
        "Operating Income": 12642000.0,
        "Operating Expense": 7435000.0,
        "Selling General And Administration": 7435000.0,
        "General And Administrative Expense": 7435000.0,
        "Other Gand A": 7435000.0,
        "Gross Profit": 20077000.0,
        "Cost Of Revenue": 97908000.0,
        "Total Revenue": 117985000.0,
        "Operating Revenue": 117985000.0
    },
    "2022-03-31": {
        "Diluted EPS": -0.01,
        "Total Revenue": 104,
        "Gross Profit": 31,
        "Operating Income": 8,
        "EBIT": 24,
        "Net Income": -1
    },
    "2021-12-31": {
        "Diluted EPS": -0.03,
        "Total Revenue": 95,
        "Gross Profit": 19,
        "Operating Income": -2,
        "EBIT": 14,
        "Net Income": -4
    },
    "2021-09-30": {
        "Diluted EPS": -0.18,
        "Total Revenue": 94,
        "Gross Profit": 17,
        "Operating Income": -6,
        "EBIT": 10,
        "Net Income": -16
    },
    "2021-06-30": {
        "Diluted EPS": -0.12,
        "Total Revenue": 88,
        "Gross Profit": 15,
        "Operating Income": -6,
        "EBIT": 10,
        "Net Income": -11
    },
    "2021-03-31": {
        "Diluted EPS": -0.18,
        "Total Revenue": 81,
        "Gross Profit": 11,
        "Operating Income": -16,
        "EBIT": 0,
        "Net Income": -16
    },
    "2020-12-31": {
        "Diluted EPS": -0.01,
        "Total Revenue": 98,
        "Gross Profit": 24,
        "Operating Income": 2,
        "EBIT": 18,
        "Net Income": -1
    },
    "2020-09-30": {
        "Diluted EPS": -0.01,
        "Total Revenue": 106,
        "Gross Profit": 26,
        "Operating Income": 5,
        "EBIT": 21,
        "Net Income": -1
    },
    "2020-06-30": {
        "Diluted EPS": 0.07,
        "Total Revenue": 115,
        "Gross Profit": 36,
        "Operating Income": 14,
        "EBIT": 28,
        "Net Income": 6
    },
    "2020-03-31": {
        "Diluted EPS": 0.28,
        "Total Revenue": 101,
        "Gross Profit": 39,
        "Operating Income": 38,
        "EBIT": 52,
        "Net Income": 25
    },
    "2019-12-31": {
        "Diluted EPS": 0.12,
        "Total Revenue": 98,
        "Gross Profit": 35,
        "Operating Income": 19,
        "EBIT": 33,
        "Net Income": 11
    },
    "2019-09-30": {
        "Diluted EPS": -0.04,
        "Total Revenue": 81,
        "Gross Profit": 20,
        "Operating Income": 1,
        "EBIT": 15,
        "Net Income": -4
    },
    "2019-06-30": {
        "Diluted EPS": -0.02,
        "Total Revenue": 88,
        "Gross Profit": 27,
        "Operating Income": 4,
        "EBIT": 17,
        "Net Income": -2
    },
    "2019-03-31": {
        "Diluted EPS": 0.04,
        "Total Revenue": 88,
        "Gross Profit": 28,
        "Operating Income": 10,
        "EBIT": 23,
        "Net Income": 3
    },
    "2018-12-31": {
        "Diluted EPS": -0.05,
        "Total Revenue": 89,
        "Gross Profit": 23,
        "Operating Income": 7,
        "EBIT": 21,
        "Net Income": -5
    },
    "2018-09-30": {
        "Diluted EPS": 0.13,
        "Total Revenue": 81,
        "Gross Profit": 15,
        "Operating Income": -4,
        "EBIT": 10,
        "Net Income": 12
    },
    "2018-06-30": {
        "Diluted EPS": 0.03,
        "Total Revenue": 95,
        "Gross Profit": 30,
        "Operating Income": 11,
        "EBIT": 24,
        "Net Income": 3
    },
    "2018-03-31": {
        "Diluted EPS": 0.04,
        "Total Revenue": 101,
        "Gross Profit": 33,
        "Operating Income": 14,
        "EBIT": 27,
        "Net Income": 4
    },
    "2017-12-31": {
        "Diluted EPS": 0.61,
        "Total Revenue": 93,
        "Gross Profit": 25,
        "Operating Income": 3,
        "EBIT": 17,
        "Net Income": 54
    },
    "2017-09-30": {
        "Diluted EPS": -0.07,
        "Total Revenue": 93,
        "Gross Profit": 29,
        "Operating Income": 1,
        "EBIT": 16,
        "Net Income": -6
    },
    "2017-06-30": {
        "Diluted EPS": 0.04,
        "Total Revenue": 96,
        "Gross Profit": 36,
        "Operating Income": 14,
        "EBIT": 31,
        "Net Income": 3
    },
    "2017-03-31": {
        "Diluted EPS": 0.06,
        "Total Revenue": 108,
        "Gross Profit": 44,
        "Operating Income": 19,
        "EBIT": 37,
        "Net Income": 5
    },
    "2016-12-31": {
        "Diluted EPS": -3.14,
        "Total Revenue": 115,
        "Gross Profit": 53,
        "Operating Income": 11,
        "EBIT": 34,
        "Net Income": -275
    },
    "2016-09-30": {
        "Diluted EPS": -1.1,
        "Total Revenue": 114,
        "Gross Profit": 50,
        "Operating Income": -83,
        "EBIT": -59,
        "Net Income": -99
    },
    "2016-06-30": {
        "Diluted EPS": 0.32,
        "Total Revenue": 118,
        "Gross Profit": 57,
        "Operating Income": 23,
        "EBIT": 47,
        "Net Income": 30
    },
    "2016-03-31": {
        "Diluted EPS": 0.53,
        "Total Revenue": 115,
        "Gross Profit": 53,
        "Operating Income": 17,
        "EBIT": 42,
        "Net Income": 51
    },
    "2015-12-31": {
        "Diluted EPS": 0.1,
        "Total Revenue": 119,
        "Gross Profit": 57,
        "Operating Income": 21,
        "EBIT": -19,
        "Net Income": 9
    },
    "2015-09-30": {
        "Diluted EPS": 1.79,
        "Total Revenue": 242,
        "Gross Profit": 131,
        "Operating Income": 85,
        "EBIT": 127,
        "Net Income": 173
    },
    "2015-06-30": {
        "Diluted EPS": 0.6,
        "Total Revenue": 245,
        "Gross Profit": 136,
        "Operating Income": 92,
        "EBIT": 133,
        "Net Income": 58
    },
    "2015-03-31": {
        "Diluted EPS": 0.42,
        "Total Revenue": 234,
        "Gross Profit": 121,
        "Operating Income": 78,
        "EBIT": 117,
        "Net Income": 43
    },
    "2014-12-31": {
        "Diluted EPS": 0.3,
        "Total Revenue": 217,
        "Gross Profit": 464,
        "Operating Income": 510,
        "EBIT": 551,
        "Net Income": 27
    },
    "2014-09-30": {
        "Diluted EPS": 0.18,
        "Total Revenue": 206,
        "Gross Profit": 74,
        "Operating Income": 26,
        "EBIT": 66,
        "Net Income": 11
    },
    "2014-06-30": {
        "Diluted EPS": -39.65,
        "Total Revenue": 242,
        "Gross Profit": 65,
        "Operating Income": 8,
        "EBIT": 45,
        "Net Income": -202
    },
    "2014-03-31": {
        "Diluted EPS": 2.46,
        "Total Revenue": 292,
        "Gross Profit": 102,
        "Operating Income": 43,
        "EBIT": 81,
        "Net Income": 13
    },
    "2013-12-31": {
        "Diluted EPS": 0.0,
        "Total Revenue": NaN,
        "Gross Profit": NaN,
        "Operating Income": NaN,
        "EBIT": NaN,
        "Net Income": NaN
    },
    "2012-12-31": {
        "Diluted EPS": 0.0,
        "Total Revenue": NaN,
        "Gross Profit": NaN,
        "Operating Income": NaN,
        "EBIT": NaN,
        "Net Income": NaN
    },
    "2023-06-30": {
        "Tax Effect Of Unusual Items": 0.0,
        "Tax Rate For Calcs": 0.098,
        "Normalized EBITDA": 38176000.0,
        "Total Unusual Items": NaN,
        "Total Unusual Items Excluding Goodwill": NaN,
        "Net Income From Continuing Operation Net Minority Interest": 12303000.0,
        "Reconciled Depreciation": 16449000.0,
        "Reconciled Cost Of Revenue": 79763000.0,
        "EBITDA": 38176000.0,
        "EBIT": 21727000.0,
        "Net Interest Income": -8085000.0,
        "Interest Expense": 8085000.0,
        "Normalized Income": 12303000.0,
        "Net Income From Continuing And Discontinued Operation": 12303000.0,
        "Total Expenses": 86358000.0,
        "Rent Expense Supplemental": 16018000.0,
        "Total Operating Income As Reported": 20267000.0,
        "Diluted Average Shares": 83699619.0,
        "Basic Average Shares": 81404635.0,
        "Diluted EPS": 0.15,
        "Basic EPS": 0.15,
        "Diluted NI Availto Com Stockholders": 12303000.0,
        "Net Income Common Stockholders": 12303000.0,
        "Net Income": 12303000.0,
        "Net Income Including Noncontrolling Interests": 12303000.0,
        "Net Income Continuous Operations": 12303000.0,
        "Tax Provision": 1339000.0,
        "Pretax Income": 13642000.0,
        "Other Income Expense": 1460000.0,
        "Other Non Operating Income Expenses": 1460000.0,
        "Special Income Charges": NaN,
        "Gain On Sale Of Ppe": NaN,
        "Net Non Operating Interest Income Expense": -8085000.0,
        "Interest Expense Non Operating": 8085000.0,
        "Operating Income": 20267000.0,
        "Operating Expense": 6595000.0,
        "Selling General And Administration": 6595000.0,
        "General And Administrative Expense": 6595000.0,
        "Other Gand A": 6595000.0,
        "Gross Profit": 26862000.0,
        "Cost Of Revenue": 79763000.0,
        "Total Revenue": 106625000.0,
        "Operating Revenue": 106625000.0
    },
    "2023-09-30": {
        "Tax Effect Of Unusual Items": 0.0,
        "Tax Rate For Calcs": 0.203,
        "Normalized EBITDA": 46845000.0,
        "Total Unusual Items": NaN,
        "Total Unusual Items Excluding Goodwill": NaN,
        "Net Income From Continuing Operation Net Minority Interest": 17592000.0,
        "Reconciled Depreciation": 17003000.0,
        "Reconciled Cost Of Revenue": 80063000.0,
        "EBITDA": 46845000.0,
        "EBIT": 29842000.0,
        "Net Interest Income": -7779000.0,
        "Interest Expense": 7779000.0,
        "Normalized Income": 17592000.0,
        "Net Income From Continuing And Discontinued Operation": 17592000.0,
        "Total Expenses": 87236000.0,
        "Rent Expense Supplemental": 16233000.0,
        "Total Operating Income As Reported": 28199000.0,
        "Diluted Average Shares": 80700618.0,
        "Basic Average Shares": 78263667.0,
        "Diluted EPS": 0.22,
        "Basic EPS": 0.22,
        "Diluted NI Availto Com Stockholders": 17592000.0,
        "Net Income Common Stockholders": 17592000.0,
        "Net Income": 17592000.0,
        "Net Income Including Noncontrolling Interests": 17592000.0,
        "Net Income Continuous Operations": 17592000.0,
        "Tax Provision": 4471000.0,
        "Pretax Income": 22063000.0,
        "Other Income Expense": 1643000.0,
        "Other Non Operating Income Expenses": 1643000.0,
        "Special Income Charges": NaN,
        "Gain On Sale Of Ppe": NaN,
        "Net Non Operating Interest Income Expense": -7779000.0,
        "Interest Expense Non Operating": 7779000.0,
        "Operating Income": 28199000.0,
        "Operating Expense": 7173000.0,
        "Selling General And Administration": 7173000.0,
        "General And Administrative Expense": 7173000.0,
        "Other Gand A": 7173000.0,
        "Gross Profit": 35372000.0,
        "Cost Of Revenue": 80063000.0,
        "Total Revenue": 115435000.0,
        "Operating Revenue": 115435000.0
    },
    "2023-12-31": {
        "Tax Effect Of Unusual Items": 0.0,
        "Tax Rate For Calcs": 0.037154,
        "Normalized EBITDA": 46070000.0,
        "Total Unusual Items": NaN,
        "Total Unusual Items Excluding Goodwill": NaN,
        "Net Income From Continuing Operation Net Minority Interest": 20421000.0,
        "Reconciled Depreciation": 17664000.0,
        "Reconciled Cost Of Revenue": 83487000.0,
        "EBITDA": 46070000.0,
        "EBIT": 28406000.0,
        "Net Interest Income": -3238000.0,
        "Interest Expense": 7197000.0,
        "Normalized Income": 20421000.0,
        "Net Income From Continuing And Discontinued Operation": 20421000.0,
        "Total Expenses": 90096000.0,
        "Rent Expense Supplemental": 16983000.0,
        "Total Operating Income As Reported": 25924000.0,
        "Diluted Average Shares": NaN,
        "Basic Average Shares": NaN,
        "Diluted EPS": NaN,
        "Basic EPS": NaN,
        "Diluted NI Availto Com Stockholders": 20421000.0,
        "Net Income Common Stockholders": 20421000.0,
        "Net Income": 20421000.0,
        "Net Income Including Noncontrolling Interests": 20421000.0,
        "Net Income Continuous Operations": 20421000.0,
        "Tax Provision": 788000.0,
        "Pretax Income": 21209000.0,
        "Other Income Expense": -1477000.0,
        "Other Non Operating Income Expenses": -3000000.0,
        "Special Income Charges": NaN,
        "Gain On Sale Of Ppe": NaN,
        "Net Non Operating Interest Income Expense": -3238000.0,
        "Interest Expense Non Operating": 7197000.0,
        "Operating Income": 25924000.0,
        "Operating Expense": 6609000.0,
        "Selling General And Administration": 6609000.0,
        "General And Administrative Expense": 6609000.0,
        "Other Gand A": 6609000.0,
        "Gross Profit": 32533000.0,
        "Cost Of Revenue": 83487000.0,
        "Total Revenue": 116020000.0,
        "Operating Revenue": 116020000.0
    },
    "2024-03-31": {
        "Tax Effect Of Unusual Items": NaN,
        "Tax Rate For Calcs": NaN,
        "Net Income From Continuing Operation Net Minority Interest": NaN,
        "Reconciled Depreciation": NaN,
        "EBIT": NaN,
        "Net Interest Income": NaN,
        "Interest Expense": NaN,
        "Normalized Income": NaN,
        "Net Income From Continuing And Discontinued Operation": NaN,
        "Total Expenses": NaN,
        "Diluted Average Shares": NaN,
        "Basic Average Shares": NaN,
        "Diluted EPS": NaN,
        "Basic EPS": NaN,
        "Diluted NI Availto Com Stockholders": NaN,
        "Net Income Common Stockholders": NaN,
        "Otherunder Preferred Stock Dividend": -53000.0,
        "Net Income": NaN,
        "Minority Interests": NaN,
        "Net Income Including Noncontrolling Interests": NaN,
        "Net Income Discontinuous Operations": NaN,
        "Net Income Continuous Operations": NaN,
        "Tax Provision": NaN,
        "Pretax Income": NaN,
        "Other Income Expense": NaN,
        "Net Non Operating Interest Income Expense": NaN,
        "Interest Expense Non Operating": NaN,
        "Other Operating Expenses": -1000000.0,
        "Depreciation And Amortization In Income Statement": NaN,
        "Amortization": NaN,
        "Selling General And Administration": NaN,
        "General And Administrative Expense": NaN,
        "Other Gand A": NaN,
        "Total Revenue": NaN,
        "Operating Revenue": NaN,
        "Loss Adjustment Expense": NaN,
        "Net Policyholder Benefits And Claims": NaN
    },
    "2025-09-30": {
        "Tax Effect Of Unusual Items": 0.0,
        "Tax Rate For Calcs": 0.038686,
        "Net Income From Continuing Operation Net Minority Interest": -31730000.0,
        "Reconciled Depreciation": 9746000.0,
        "EBIT": -25894000.0,
        "Net Interest Income": -6185000.0,
        "Interest Expense": 6185000.0,
        "Normalized Income": -31730000.0,
        "Net Income From Continuing And Discontinued Operation": -112620000.0,
        "Total Expenses": 98685000.0,
        "Diluted Average Shares": 48106069.0,
        "Basic Average Shares": 48106069.0,
        "Diluted EPS": -2.35,
        "Basic EPS": -2.35,
        "Diluted NI Availto Com Stockholders": -112620000.0,
        "Net Income Common Stockholders": -112620000.0,
        "Otherunder Preferred Stock Dividend": NaN,
        "Net Income": -112620000.0,
        "Minority Interests": -892000.0,
        "Net Income Including Noncontrolling Interests": -111728000.0,
        "Net Income Discontinuous Operations": -80890000.0,
        "Net Income Continuous Operations": -30838000.0,
        "Tax Provision": -1241000.0,
        "Pretax Income": -32079000.0,
        "Other Income Expense": 2408000.0,
        "Net Non Operating Interest Income Expense": -6185000.0,
        "Interest Expense Non Operating": 6185000.0,
        "Other Operating Expenses": NaN,
        "Depreciation And Amortization In Income Statement": 9746000.0,
        "Amortization": 9746000.0,
        "Selling General And Administration": 53710000.0,
        "General And Administrative Expense": 53710000.0,
        "Other Gand A": 53710000.0,
        "Total Revenue": 66605000.0,
        "Operating Revenue": 66605000.0,
        "Loss Adjustment Expense": 14386000.0,
        "Net Policyholder Benefits And Claims": 14386000.0
    },
    "2025-06-30": {
        "Tax Effect Of Unusual Items": 0.0,
        "Tax Rate For Calcs": 0.094542,
        "Net Income From Continuing Operation Net Minority Interest": -20548000.0,
        "Reconciled Depreciation": 9741000.0,
        "EBIT": -17404000.0,
        "Net Interest Income": -5570000.0,
        "Interest Expense": 5570000.0,
        "Normalized Income": -20548000.0,
        "Net Income From Continuing And Discontinued Operation": -72699000.0,
        "Total Expenses": 77931000.0,
        "Diluted Average Shares": 48116503.0,
        "Basic Average Shares": 48116503.0,
        "Diluted EPS": -1.54,
        "Basic EPS": -1.54,
        "Diluted NI Availto Com Stockholders": -73940000.0,
        "Net Income Common Stockholders": -73940000.0,
        "Otherunder Preferred Stock Dividend": 1241000.0,
        "Net Income": -72699000.0,
        "Minority Interests": 254000.0,
        "Net Income Including Noncontrolling Interests": -72953000.0,
        "Net Income Discontinuous Operations": -52151000.0,
        "Net Income Continuous Operations": -20802000.0,
        "Tax Provision": -2172000.0,
        "Pretax Income": -22974000.0,
        "Other Income Expense": -2146000.0,
        "Net Non Operating Interest Income Expense": -5570000.0,
        "Interest Expense Non Operating": 5570000.0,
        "Other Operating Expenses": NaN,
        "Depreciation And Amortization In Income Statement": 9741000.0,
        "Amortization": 9741000.0,
        "Selling General And Administration": 40540000.0,
        "General And Administrative Expense": 40540000.0,
        "Other Gand A": 40540000.0,
        "Total Revenue": 54957000.0,
        "Operating Revenue": 54957000.0,
        "Loss Adjustment Expense": 10978000.0,
        "Net Policyholder Benefits And Claims": 10978000.0
    },
    "2025-03-31": {
        "Tax Effect Of Unusual Items": 0.0,
        "Tax Rate For Calcs": 0.040842,
        "Net Income From Continuing Operation Net Minority Interest": -16144000.0,
        "Reconciled Depreciation": 9176000.0,
        "EBIT": -9653000.0,
        "Net Interest Income": -5454000.0,
        "Interest Expense": 5454000.0,
        "Normalized Income": -16144000.0,
        "Net Income From Continuing And Discontinued Operation": -46391000.0,
        "Total Expenses": 77863000.0,
        "Diluted Average Shares": 47313012.0,
        "Basic Average Shares": 47313012.0,
        "Diluted EPS": -1.22,
        "Basic EPS": -1.22,
        "Diluted NI Availto Com Stockholders": -57574000.0,
        "Net Income Common Stockholders": -57574000.0,
        "Otherunder Preferred Stock Dividend": 11183000.0,
        "Net Income": -46391000.0,
        "Minority Interests": -1654000.0,
        "Net Income Including Noncontrolling Interests": -44737000.0,
        "Net Income Discontinuous Operations": -30247000.0,
        "Net Income Continuous Operations": -14490000.0,
        "Tax Provision": -617000.0,
        "Pretax Income": -15107000.0,
        "Other Income Expense": -1124000.0,
        "Net Non Operating Interest Income Expense": -5454000.0,
        "Interest Expense Non Operating": 5454000.0,
        "Other Operating Expenses": NaN,
        "Depreciation And Amortization In Income Statement": 9176000.0,
        "Amortization": 9176000.0,
        "Selling General And Administration": 38531000.0,
        "General And Administrative Expense": 38531000.0,
        "Other Gand A": 38531000.0,
        "Total Revenue": 62756000.0,
        "Operating Revenue": 62756000.0,
        "Loss Adjustment Expense": 10496000.0,
        "Net Policyholder Benefits And Claims": 10496000.0
    },
    "2024-12-31": {
        "Tax Effect Of Unusual Items": 0.0,
        "Tax Rate For Calcs": 0.179538,
        "Net Income From Continuing Operation Net Minority Interest": -51282000.0,
        "Reconciled Depreciation": -15053000.0,
        "EBIT": -102466000.0,
        "Net Interest Income": 41621000.0,
        "Interest Expense": -41621000.0,
        "Normalized Income": -51282000.0,
        "Net Income From Continuing And Discontinued Operation": -548449000.0,
        "Total Expenses": -24340000.0,
        "Diluted Average Shares": NaN,
        "Basic Average Shares": NaN,
        "Diluted EPS": NaN,
        "Basic EPS": NaN,
        "Diluted NI Availto Com Stockholders": -548449000.0,
        "Net Income Common Stockholders": -548449000.0,
        "Otherunder Preferred Stock Dividend": NaN,
        "Net Income": -548449000.0,
        "Minority Interests": -1361000.0,
        "Net Income Including Noncontrolling Interests": -547088000.0,
        "Net Income Discontinuous Operations": NaN,
        "Net Income Continuous Operations": -49921000.0,
        "Tax Provision": -10924000.0,
        "Pretax Income": -60845000.0,
        "Other Income Expense": -19686000.0,
        "Net Non Operating Interest Income Expense": 41621000.0,
        "Interest Expense Non Operating": -41621000.0,
        "Other Operating Expenses": NaN,
        "Depreciation And Amortization In Income Statement": -13053000.0,
        "Amortization": -15398000.0,
        "Selling General And Administration": -9834000.0,
        "General And Administrative Expense": -9834000.0,
        "Other Gand A": -9834000.0,
        "Total Revenue": -85185000.0,
        "Operating Revenue": -85185000.0,
        "Loss Adjustment Expense": 18626000.0,
        "Net Policyholder Benefits And Claims": 18626000.0
    },
    "2024-09-30": {
        "Tax Effect Of Unusual Items": 0.0,
        "Tax Rate For Calcs": 0.041769,
        "Net Income From Continuing Operation Net Minority Interest": -18117000.0,
        "Reconciled Depreciation": 7104000.0,
        "EBIT": -17012000.0,
        "Net Interest Income": -3745000.0,
        "Interest Expense": 3745000.0,
        "Normalized Income": -18117000.0,
        "Net Income From Continuing And Discontinued Operation": -27503000.0,
        "Total Expenses": 90762000.0,
        "Diluted Average Shares": 47688986.0,
        "Basic Average Shares": 47688986.0,
        "Diluted EPS": -0.63,
        "Basic EPS": -0.63,
        "Diluted NI Availto Com Stockholders": -27503000.0,
        "Net Income Common Stockholders": -27503000.0,
        "Otherunder Preferred Stock Dividend": 1000000.0,
        "Net Income": -27503000.0,
        "Minority Interests": 1773000.0,
        "Net Income Including Noncontrolling Interests": -29276000.0,
        "Net Income Discontinuous Operations": -9386000.0,
        "Net Income Continuous Operations": -19890000.0,
        "Tax Provision": -867000.0,
        "Pretax Income": -20757000.0,
        "Other Income Expense": 10124000.0,
        "Net Non Operating Interest Income Expense": -3745000.0,
        "Interest Expense Non Operating": 3745000.0,
        "Other Operating Expenses": NaN,
        "Depreciation And Amortization In Income Statement": 7104000.0,
        "Amortization": 7104000.0,
        "Selling General And Administration": 44000000.0,
        "General And Administrative Expense": 44000000.0,
        "Other Gand A": 44000000.0,
        "Total Revenue": 70005000.0,
        "Operating Revenue": 70005000.0,
        "Loss Adjustment Expense": 20421000.0,
        "Net Policyholder Benefits And Claims": 20421000.0
    },
    "2024-06-30": {
        "Tax Effect Of Unusual Items": NaN,
        "Tax Rate For Calcs": NaN,
        "Net Income From Continuing Operation Net Minority Interest": NaN,
        "Reconciled Depreciation": NaN,
        "EBIT": NaN,
        "Net Interest Income": NaN,
        "Interest Expense": NaN,
        "Normalized Income": NaN,
        "Net Income From Continuing And Discontinued Operation": NaN,
        "Total Expenses": NaN,
        "Diluted Average Shares": 46209250.0,
        "Basic Average Shares": 46209250.0,
        "Diluted EPS": -0.02,
        "Basic EPS": -0.02,
        "Diluted NI Availto Com Stockholders": NaN,
        "Net Income Common Stockholders": NaN,
        "Otherunder Preferred Stock Dividend": 184000.0,
        "Net Income": NaN,
        "Minority Interests": NaN,
        "Net Income Including Noncontrolling Interests": NaN,
        "Net Income Discontinuous Operations": 14182000.0,
        "Net Income Continuous Operations": NaN,
        "Tax Provision": NaN,
        "Pretax Income": NaN,
        "Other Income Expense": NaN,
        "Net Non Operating Interest Income Expense": NaN,
        "Interest Expense Non Operating": NaN,
        "Other Operating Expenses": 2000000.0,
        "Depreciation And Amortization In Income Statement": NaN,
        "Amortization": NaN,
        "Selling General And Administration": NaN,
        "General And Administrative Expense": NaN,
        "Other Gand A": NaN,
        "Total Revenue": NaN,
        "Operating Revenue": NaN,
        "Loss Adjustment Expense": NaN,
        "Net Policyholder Benefits And Claims": NaN
    }
}