{
    "2023-03-31": {
        "Tax Effect Of Unusual Items": NaN,
        "Tax Rate For Calcs": NaN,
        "Normalized EBITDA": NaN,
        "Total Unusual Items": NaN,
        "Total Unusual Items Excluding Goodwill": NaN,
        "Net Income From Continuing Operation Net Minority Interest": NaN,
        "Reconciled Depreciation": NaN,
        "Reconciled Cost Of Revenue": NaN,
        "EBITDA": NaN,
        "EBIT": NaN,
        "Net Interest Income": NaN,
        "Interest Expense": NaN,
        "Normalized Income": NaN,
        "Net Income From Continuing And Discontinued Operation": NaN,
        "Total Expenses": NaN,
        "Total Operating Income As Reported": NaN,
        "Diluted Average Shares": NaN,
        "Basic Average Shares": NaN,
        "Diluted EPS": NaN,
        "Basic EPS": NaN,
        "Diluted NI Availto Com Stockholders": NaN,
        "Net Income Common Stockholders": NaN,
        "Net Income": NaN,
        "Net Income Including Noncontrolling Interests": NaN,
        "Net Income Continuous Operations": NaN,
        "Tax Provision": NaN,
        "Pretax Income": NaN,
        "Other Income Expense": NaN,
        "Special Income Charges": NaN,
        "Other Special Charges": NaN,
        "Restructuring And Mergern Acquisition": NaN,
        "Net Non Operating Interest Income Expense": NaN,
        "Interest Expense Non Operating": NaN,
        "Operating Income": NaN,
        "Operating Expense": NaN,
        "Research And Development": NaN,
        "Selling General And Administration": NaN,
        "General And Administrative Expense": 53986000.0,
        "Other Gand A": 53986000.0,
        "Gross Profit": NaN,
        "Cost Of Revenue": NaN,
        "Total Revenue": NaN,
        "Operating Revenue": NaN
    },
    "2022-12-31": {
        "Tax Effect Of Unusual Items": NaN,
        "Tax Rate For Calcs": NaN,
        "Normalized EBITDA": NaN,
        "Total Unusual Items": NaN,
        "Total Unusual Items Excluding Goodwill": NaN,
        "Net Income From Continuing Operation Net Minority Interest": NaN,
        "Reconciled Depreciation": NaN,
        "Reconciled Cost Of Revenue": NaN,
        "EBITDA": NaN,
        "EBIT": NaN,
        "Net Interest Income": NaN,
        "Interest Expense": NaN,
        "Normalized Income": NaN,
        "Net Income From Continuing And Discontinued Operation": NaN,
        "Total Expenses": NaN,
        "Total Operating Income As Reported": NaN,
        "Diluted Average Shares": NaN,
        "Basic Average Shares": NaN,
        "Diluted EPS": NaN,
        "Basic EPS": NaN,
        "Diluted NI Availto Com Stockholders": NaN,
        "Net Income Common Stockholders": NaN,
        "Net Income": NaN,
        "Net Income Including Noncontrolling Interests": NaN,
        "Net Income Continuous Operations": NaN,
        "Tax Provision": NaN,
        "Pretax Income": NaN,
        "Other Income Expense": NaN,
        "Special Income Charges": NaN,
        "Other Special Charges": NaN,
        "Restructuring And Mergern Acquisition": NaN,
        "Net Non Operating Interest Income Expense": NaN,
        "Interest Expense Non Operating": NaN,
        "Operating Income": NaN,
        "Operating Expense": NaN,
        "Research And Development": NaN,
        "Selling General And Administration": NaN,
        "General And Administrative Expense": 55937000.0,
        "Other Gand A": 55937000.0,
        "Gross Profit": NaN,
        "Cost Of Revenue": NaN,
        "Total Revenue": NaN,
        "Operating Revenue": NaN
    },
    "2022-09-30": {
        "Tax Effect Of Unusual Items": NaN,
        "Tax Rate For Calcs": NaN,
        "Normalized EBITDA": NaN,
        "Total Unusual Items": NaN,
        "Total Unusual Items Excluding Goodwill": NaN,
        "Net Income From Continuing Operation Net Minority Interest": NaN,
        "Reconciled Depreciation": NaN,
        "Reconciled Cost Of Revenue": NaN,
        "EBITDA": NaN,
        "EBIT": NaN,
        "Net Interest Income": NaN,
        "Interest Expense": NaN,
        "Normalized Income": NaN,
        "Net Income From Continuing And Discontinued Operation": NaN,
        "Total Expenses": NaN,
        "Total Operating Income As Reported": NaN,
        "Diluted Average Shares": NaN,
        "Basic Average Shares": NaN,
        "Diluted EPS": NaN,
        "Basic EPS": NaN,
        "Diluted NI Availto Com Stockholders": NaN,
        "Net Income Common Stockholders": NaN,
        "Net Income": NaN,
        "Net Income Including Noncontrolling Interests": NaN,
        "Net Income Continuous Operations": NaN,
        "Tax Provision": NaN,
        "Pretax Income": NaN,
        "Other Income Expense": NaN,
        "Special Income Charges": NaN,
        "Other Special Charges": 940000.0,
        "Restructuring And Mergern Acquisition": NaN,
        "Net Non Operating Interest Income Expense": NaN,
        "Interest Expense Non Operating": NaN,
        "Operating Income": NaN,
        "Operating Expense": NaN,
        "Research And Development": NaN,
        "Selling General And Administration": NaN,
        "General And Administrative Expense": NaN,
        "Other Gand A": NaN,
        "Gross Profit": NaN,
        "Cost Of Revenue": NaN,
        "Total Revenue": NaN,
        "Operating Revenue": NaN
    },
    "2022-06-30": {
        "Tax Effect Of Unusual Items": -247674.647849,
        "Tax Rate For Calcs": 0.090657,
        "Normalized EBITDA": 42289000.0,
        "Total Unusual Items": -2732000.0,
        "Total Unusual Items Excluding Goodwill": -2732000.0,
        "Net Income From Continuing Operation Net Minority Interest": 33763000.0,
        "Reconciled Depreciation": 9699000.0,
        "Reconciled Cost Of Revenue": 214355000.0,
        "EBITDA": 39557000.0,
        "EBIT": 39557000.0,
        "Net Interest Income": -2428000.0,
        "Interest Expense": 2428000.0,
        "Normalized Income": 36247325.352151,
        "Net Income From Continuing And Discontinued Operation": 33763000.0,
        "Total Expenses": 294532000.0,
        "Total Operating Income As Reported": 39557000.0,
        "Diluted Average Shares": 17372000.0,
        "Basic Average Shares": 17002000.0,
        "Diluted EPS": 1.94,
        "Basic EPS": 2.001357,
        "Diluted NI Availto Com Stockholders": 33763000.0,
        "Net Income Common Stockholders": 33763000.0,
        "Net Income": 33763000.0,
        "Net Income Including Noncontrolling Interests": 33763000.0,
        "Net Income Continuous Operations": 33763000.0,
        "Tax Provision": 3366000.0,
        "Pretax Income": 37129000.0,
        "Other Income Expense": -2732000.0,
        "Other Non Operating Income Expenses": 0.0,
        "Special Income Charges": -2732000.0,
        "Other Special Charges": 1578000.0,
        "Write Off": 2732000.0,
        "Restructuring And Mergern Acquisition": 148000.0,
        "Net Non Operating Interest Income Expense": -2428000.0,
        "Interest Expense Non Operating": 2428000.0,
        "Operating Income": 42289000.0,
        "Operating Expense": 80177000.0,
        "Research And Development": 14639000.0,
        "Selling General And Administration": 65538000.0,
        "General And Administrative Expense": NaN,
        "Other Gand A": NaN,
        "Gross Profit": 122466000.0,
        "Cost Of Revenue": 214355000.0,
        "Total Revenue": 336821000.0,
        "Operating Revenue": 336821000.0
    },
    "2022-03-31": {
        "Diluted EPS": 2.41,
        "Total Revenue": 290,
        "Gross Profit": 103,
        "Operating Income": 28,
        "EBIT": 39,
        "Net Income": 43
    },
    "2021-12-31": {
        "Diluted EPS": 1.09,
        "Total Revenue": 277,
        "Gross Profit": 100,
        "Operating Income": 29,
        "EBIT": 39,
        "Net Income": 20
    },
    "2021-09-30": {
        "Diluted EPS": 1.04,
        "Total Revenue": 279,
        "Gross Profit": 99,
        "Operating Income": 25,
        "EBIT": 35,
        "Net Income": 19
    },
    "2021-06-30": {
        "Diluted EPS": 1.39,
        "Total Revenue": 332,
        "Gross Profit": 118,
        "Operating Income": 34,
        "EBIT": 49,
        "Net Income": 26
    },
    "2021-03-31": {
        "Diluted EPS": 1.03,
        "Total Revenue": 284,
        "Gross Profit": 104,
        "Operating Income": 32,
        "EBIT": 45,
        "Net Income": 19
    },
    "2020-12-31": {
        "Diluted EPS": 1.1,
        "Total Revenue": 276,
        "Gross Profit": 102,
        "Operating Income": 32,
        "EBIT": 46,
        "Net Income": 20
    },
    "2020-09-30": {
        "Diluted EPS": 0.51,
        "Total Revenue": 255,
        "Gross Profit": 96,
        "Operating Income": 17,
        "EBIT": 29,
        "Net Income": 9
    },
    "2020-06-30": {
        "Diluted EPS": 0.77,
        "Total Revenue": 277,
        "Gross Profit": 102,
        "Operating Income": 23,
        "EBIT": 38,
        "Net Income": 14
    },
    "2020-03-31": {
        "Diluted EPS": 1.06,
        "Total Revenue": 293,
        "Gross Profit": 109,
        "Operating Income": 24,
        "EBIT": 37,
        "Net Income": 20
    },
    "2019-12-31": {
        "Diluted EPS": 1.12,
        "Total Revenue": 305,
        "Gross Profit": 111,
        "Operating Income": 33,
        "EBIT": 49,
        "Net Income": 21
    },
    "2019-09-30": {
        "Diluted EPS": 1.1,
        "Total Revenue": 291,
        "Gross Profit": 99,
        "Operating Income": 25,
        "EBIT": 41,
        "Net Income": 21
    },
    "2019-06-30": {
        "Diluted EPS": 0.88,
        "Total Revenue": 308,
        "Gross Profit": 113,
        "Operating Income": 28,
        "EBIT": 44,
        "Net Income": 17
    },
    "2019-03-31": {
        "Diluted EPS": 1.05,
        "Total Revenue": 304,
        "Gross Profit": 111,
        "Operating Income": 32,
        "EBIT": 49,
        "Net Income": 20
    },
    "2018-12-31": {
        "Diluted EPS": 1.03,
        "Total Revenue": 303,
        "Gross Profit": 110,
        "Operating Income": 32,
        "EBIT": 48,
        "Net Income": 19
    },
    "2018-09-30": {
        "Diluted EPS": 0.5,
        "Total Revenue": 266,
        "Gross Profit": 96,
        "Operating Income": 16,
        "EBIT": 33,
        "Net Income": 9
    },
    "2018-06-30": {
        "Diluted EPS": 0.25,
        "Total Revenue": 287,
        "Gross Profit": 101,
        "Operating Income": 11,
        "EBIT": 27,
        "Net Income": 5
    },
    "2018-03-31": {
        "Diluted EPS": 0.13,
        "Total Revenue": 267,
        "Gross Profit": 98,
        "Operating Income": 8,
        "EBIT": 24,
        "Net Income": 3
    },
    "2017-12-31": {
        "Diluted EPS": -2.47,
        "Total Revenue": 278,
        "Gross Profit": 102,
        "Operating Income": 18,
        "EBIT": 42,
        "Net Income": -47
    },
    "2017-09-30": {
        "Diluted EPS": 0.52,
        "Total Revenue": 257,
        "Gross Profit": 91,
        "Operating Income": 19,
        "EBIT": 42,
        "Net Income": 10
    },
    "2017-06-30": {
        "Diluted EPS": 0.07,
        "Total Revenue": 252,
        "Gross Profit": 87,
        "Operating Income": 3,
        "EBIT": 24,
        "Net Income": 2
    },
    "2017-03-31": {
        "Diluted EPS": 0.72,
        "Total Revenue": 245,
        "Gross Profit": 86,
        "Operating Income": 20,
        "EBIT": 37,
        "Net Income": 14
    },
    "2016-12-31": {
        "Diluted EPS": 0.25,
        "Total Revenue": 243,
        "Gross Profit": 83,
        "Operating Income": 9,
        "EBIT": 25,
        "Net Income": 5
    },
    "2016-09-30": {
        "Diluted EPS": 0.03,
        "Total Revenue": 221,
        "Gross Profit": 68,
        "Operating Income": 2,
        "EBIT": 18,
        "Net Income": 1
    },
    "2016-06-30": {
        "Diluted EPS": 0.29,
        "Total Revenue": 221,
        "Gross Profit": 71,
        "Operating Income": 9,
        "EBIT": 24,
        "Net Income": 6
    },
    "2016-03-31": {
        "Diluted EPS": 0.47,
        "Total Revenue": 211,
        "Gross Profit": 70,
        "Operating Income": 13,
        "EBIT": 28,
        "Net Income": 9
    },
    "2015-12-31": {
        "Diluted EPS": 0.01,
        "Total Revenue": 197,
        "Gross Profit": 68,
        "Operating Income": 1,
        "EBIT": 15,
        "Net Income": 0
    },
    "2015-09-30": {
        "Diluted EPS": 0.53,
        "Total Revenue": 200,
        "Gross Profit": 68,
        "Operating Income": 16,
        "EBIT": 30,
        "Net Income": 11
    },
    "2015-06-30": {
        "Diluted EPS": 1.09,
        "Total Revenue": 267,
        "Gross Profit": 89,
        "Operating Income": 31,
        "EBIT": 44,
        "Net Income": 22
    },
    "2015-03-31": {
        "Diluted EPS": 0.64,
        "Total Revenue": 215,
        "Gross Profit": 73,
        "Operating Income": 18,
        "EBIT": 32,
        "Net Income": 13
    },
    "2014-12-31": {
        "Diluted EPS": 0.89,
        "Total Revenue": 258,
        "Gross Profit": 89,
        "Operating Income": 26,
        "EBIT": 40,
        "Net Income": 18
    },
    "2014-09-30": {
        "Diluted EPS": 0.55,
        "Total Revenue": 218,
        "Gross Profit": 74,
        "Operating Income": 17,
        "EBIT": 34,
        "Net Income": 11
    },
    "2014-06-30": {
        "Diluted EPS": 1.08,
        "Total Revenue": 260,
        "Gross Profit": 86,
        "Operating Income": 31,
        "EBIT": 45,
        "Net Income": 22
    },
    "2014-03-31": {
        "Diluted EPS": 0.23,
        "Total Revenue": 204,
        "Gross Profit": 71,
        "Operating Income": 18,
        "EBIT": 32,
        "Net Income": 5
    },
    "2013-12-31": {
        "Diluted EPS": 0.71,
        "Total Revenue": 236,
        "Gross Profit": 81,
        "Operating Income": 22,
        "EBIT": 36,
        "Net Income": 15
    },
    "2013-09-30": {
        "Diluted EPS": 0.31,
        "Total Revenue": 206,
        "Gross Profit": 68,
        "Operating Income": 10,
        "EBIT": 23,
        "Net Income": 6
    },
    "2013-06-30": {
        "Diluted EPS": 0.58,
        "Total Revenue": 228,
        "Gross Profit": 87,
        "Operating Income": 26,
        "EBIT": 36,
        "Net Income": 12
    },
    "2013-03-31": {
        "Diluted EPS": 0.66,
        "Total Revenue": 198,
        "Gross Profit": 72,
        "Operating Income": 19,
        "EBIT": 26,
        "Net Income": 14
    },
    "2012-12-31": {
        "Diluted EPS": 0.6,
        "Total Revenue": 194,
        "Gross Profit": 70,
        "Operating Income": 19,
        "EBIT": 25,
        "Net Income": 12
    },
    "2012-09-30": {
        "Diluted EPS": 0.31,
        "Total Revenue": 182,
        "Gross Profit": 61,
        "Operating Income": 10,
        "EBIT": 15,
        "Net Income": 6
    },
    "2012-06-30": {
        "Diluted EPS": 0.77,
        "Total Revenue": 235,
        "Gross Profit": 81,
        "Operating Income": 22,
        "EBIT": 27,
        "Net Income": 16
    },
    "2012-03-31": {
        "Diluted EPS": 0.62,
        "Total Revenue": 208,
        "Gross Profit": 69,
        "Operating Income": 18,
        "EBIT": 23,
        "Net Income": 13
    },
    "2011-12-31": {
        "Diluted EPS": 0.61,
        "Total Revenue": 188,
        "Gross Profit": 66,
        "Operating Income": 18,
        "EBIT": 23,
        "Net Income": 12
    },
    "2011-09-30": {
        "Diluted EPS": 0.24,
        "Total Revenue": 161,
        "Gross Profit": 53,
        "Operating Income": 8,
        "EBIT": 12,
        "Net Income": 5
    },
    "2011-06-30": {
        "Diluted EPS": 0.61,
        "Total Revenue": 183,
        "Gross Profit": 70,
        "Operating Income": 17,
        "EBIT": 22,
        "Net Income": 12
    },
    "2011-03-31": {
        "Diluted EPS": 0.45,
        "Total Revenue": 175,
        "Gross Profit": 62,
        "Operating Income": 12,
        "EBIT": 16,
        "Net Income": 9
    },
    "2010-12-31": {
        "Diluted EPS": 0.47,
        "Total Revenue": 169,
        "Gross Profit": 60,
        "Operating Income": 13,
        "EBIT": 18,
        "Net Income": 9
    },
    "2010-09-30": {
        "Diluted EPS": 0.18,
        "Total Revenue": 128,
        "Gross Profit": 47,
        "Operating Income": 5,
        "EBIT": 10,
        "Net Income": 3
    },
    "2010-06-30": {
        "Diluted EPS": 0.42,
        "Total Revenue": 165,
        "Gross Profit": 64,
        "Operating Income": 13,
        "EBIT": 19,
        "Net Income": 8
    },
    "2010-03-31": {
        "Diluted EPS": 0.33,
        "Total Revenue": 145,
        "Gross Profit": 53,
        "Operating Income": 8,
        "EBIT": 13,
        "Net Income": 6
    },
    "2009-12-31": {
        "Diluted EPS": 0.39,
        "Total Revenue": 151,
        "Gross Profit": 56,
        "Operating Income": 11,
        "EBIT": 15,
        "Net Income": 7
    },
    "2009-09-30": {
        "Diluted EPS": 0.14,
        "Total Revenue": 134,
        "Gross Profit": 44,
        "Operating Income": 4,
        "EBIT": 8,
        "Net Income": 3
    },
    "2009-06-30": {
        "Diluted EPS": 0.23,
        "Total Revenue": 139,
        "Gross Profit": 48,
        "Operating Income": 7,
        "EBIT": 12,
        "Net Income": 4
    },
    "2009-03-31": {
        "Diluted EPS": 0.15,
        "Total Revenue": 144,
        "Gross Profit": 50,
        "Operating Income": 4,
        "EBIT": 9,
        "Net Income": 3
    },
    "2023-06-30": {
        "Tax Effect Of Unusual Items": -1120082.800443,
        "Tax Rate For Calcs": 0.176252,
        "Normalized EBITDA": 73200000.0,
        "Total Unusual Items": -6355000.0,
        "Total Unusual Items Excluding Goodwill": -6355000.0,
        "Net Income From Continuing Operation Net Minority Interest": 42381000.0,
        "Reconciled Depreciation": 9694000.0,
        "Reconciled Cost Of Revenue": 268850000.0,
        "EBITDA": 66845000.0,
        "EBIT": 57151000.0,
        "Net Interest Income": -5702000.0,
        "Interest Expense": 5702000.0,
        "Normalized Income": 47615917.199557,
        "Net Income From Continuing And Discontinued Operation": 42381000.0,
        "Total Expenses": 348364000.0,
        "Total Operating Income As Reported": 57151000.0,
        "Diluted Average Shares": 17249000.0,
        "Basic Average Shares": 16870050.0,
        "Diluted EPS": 2.46,
        "Basic EPS": 2.512204,
        "Diluted NI Availto Com Stockholders": 42381000.0,
        "Net Income Common Stockholders": 42381000.0,
        "Net Income": 42381000.0,
        "Net Income Including Noncontrolling Interests": 42381000.0,
        "Net Income Continuous Operations": 42381000.0,
        "Tax Provision": 9068000.0,
        "Pretax Income": 51449000.0,
        "Other Income Expense": -6355000.0,
        "Special Income Charges": -6355000.0,
        "Other Special Charges": NaN,
        "Restructuring And Mergern Acquisition": 2064000.0,
        "Net Non Operating Interest Income Expense": -5702000.0,
        "Interest Expense Non Operating": 5702000.0,
        "Operating Income": 63506000.0,
        "Operating Expense": 79514000.0,
        "Research And Development": 15504000.0,
        "Selling General And Administration": 64010000.0,
        "General And Administrative Expense": NaN,
        "Other Gand A": NaN,
        "Gross Profit": 143020000.0,
        "Cost Of Revenue": 268850000.0,
        "Total Revenue": 411870000.0,
        "Operating Revenue": 411870000.0
    },
    "2023-09-30": {
        "Tax Effect Of Unusual Items": NaN,
        "Tax Rate For Calcs": NaN,
        "Normalized EBITDA": NaN,
        "Total Unusual Items": NaN,
        "Total Unusual Items Excluding Goodwill": NaN,
        "Net Income From Continuing Operation Net Minority Interest": NaN,
        "Reconciled Depreciation": NaN,
        "Reconciled Cost Of Revenue": NaN,
        "EBITDA": NaN,
        "EBIT": NaN,
        "Net Interest Income": NaN,
        "Interest Expense": NaN,
        "Normalized Income": NaN,
        "Net Income From Continuing And Discontinued Operation": NaN,
        "Total Expenses": NaN,
        "Total Operating Income As Reported": NaN,
        "Diluted Average Shares": NaN,
        "Basic Average Shares": NaN,
        "Diluted EPS": NaN,
        "Basic EPS": NaN,
        "Diluted NI Availto Com Stockholders": NaN,
        "Net Income Common Stockholders": NaN,
        "Net Income": NaN,
        "Net Income Including Noncontrolling Interests": NaN,
        "Net Income Continuous Operations": NaN,
        "Tax Provision": NaN,
        "Pretax Income": NaN,
        "Other Income Expense": NaN,
        "Special Income Charges": NaN,
        "Other Special Charges": 84000.0,
        "Restructuring And Mergern Acquisition": NaN,
        "Net Non Operating Interest Income Expense": NaN,
        "Interest Expense Non Operating": NaN,
        "Operating Income": NaN,
        "Operating Expense": NaN,
        "Research And Development": NaN,
        "Selling General And Administration": NaN,
        "General And Administrative Expense": 59882000.0,
        "Other Gand A": 59882000.0,
        "Gross Profit": NaN,
        "Cost Of Revenue": NaN,
        "Total Revenue": NaN,
        "Operating Revenue": NaN
    },
    "2023-12-31": {
        "Tax Effect Of Unusual Items": NaN,
        "Tax Rate For Calcs": NaN,
        "Normalized EBITDA": NaN,
        "Total Unusual Items": NaN,
        "Total Unusual Items Excluding Goodwill": NaN,
        "Net Income From Continuing Operation Net Minority Interest": NaN,
        "Reconciled Depreciation": NaN,
        "Reconciled Cost Of Revenue": NaN,
        "EBITDA": NaN,
        "EBIT": NaN,
        "Net Interest Income": NaN,
        "Interest Expense": NaN,
        "Normalized Income": NaN,
        "Net Income From Continuing And Discontinued Operation": NaN,
        "Total Expenses": NaN,
        "Total Operating Income As Reported": NaN,
        "Diluted Average Shares": NaN,
        "Basic Average Shares": NaN,
        "Diluted EPS": NaN,
        "Basic EPS": NaN,
        "Diluted NI Availto Com Stockholders": NaN,
        "Net Income Common Stockholders": NaN,
        "Net Income": NaN,
        "Net Income Including Noncontrolling Interests": NaN,
        "Net Income Continuous Operations": NaN,
        "Tax Provision": NaN,
        "Pretax Income": NaN,
        "Other Income Expense": NaN,
        "Special Income Charges": NaN,
        "Restructuring And Mergern Acquisition": NaN,
        "Net Non Operating Interest Income Expense": NaN,
        "Interest Expense Non Operating": NaN,
        "Operating Income": NaN,
        "Operating Expense": NaN,
        "Research And Development": NaN,
        "Selling General And Administration": NaN,
        "General And Administrative Expense": 71932000.0,
        "Other Gand A": 71932000.0,
        "Gross Profit": NaN,
        "Cost Of Revenue": NaN,
        "Total Revenue": NaN,
        "Operating Revenue": NaN
    },
    "2024-03-31": {
        "Tax Effect Of Unusual Items": NaN,
        "Tax Rate For Calcs": NaN,
        "Normalized EBITDA": NaN,
        "Total Unusual Items": NaN,
        "Total Unusual Items Excluding Goodwill": NaN,
        "Net Income From Continuing Operation Net Minority Interest": NaN,
        "Reconciled Depreciation": NaN,
        "Reconciled Cost Of Revenue": NaN,
        "EBITDA": NaN,
        "EBIT": NaN,
        "Net Interest Income": NaN,
        "Interest Expense": NaN,
        "Normalized Income": NaN,
        "Net Income From Continuing And Discontinued Operation": NaN,
        "Total Expenses": NaN,
        "Total Operating Income As Reported": NaN,
        "Diluted Average Shares": NaN,
        "Basic Average Shares": NaN,
        "Diluted EPS": NaN,
        "Basic EPS": NaN,
        "Diluted NI Availto Com Stockholders": NaN,
        "Net Income Common Stockholders": NaN,
        "Net Income": NaN,
        "Net Income Including Noncontrolling Interests": NaN,
        "Net Income Continuous Operations": NaN,
        "Tax Provision": NaN,
        "Pretax Income": NaN,
        "Other Income Expense": NaN,
        "Special Income Charges": NaN,
        "Restructuring And Mergern Acquisition": NaN,
        "Net Non Operating Interest Income Expense": NaN,
        "Interest Expense Non Operating": NaN,
        "Operating Income": NaN,
        "Operating Expense": NaN,
        "Research And Development": NaN,
        "Selling General And Administration": NaN,
        "General And Administrative Expense": 66596000.0,
        "Other Gand A": 66596000.0,
        "Gross Profit": NaN,
        "Cost Of Revenue": NaN,
        "Total Revenue": NaN,
        "Operating Revenue": NaN
    },
    "2024-06-30": {
        "Tax Effect Of Unusual Items": -788473.435785,
        "Tax Rate For Calcs": 0.182602,
        "Normalized EBITDA": 78860000.0,
        "Total Unusual Items": -4318000.0,
        "Total Unusual Items Excluding Goodwill": -4318000.0,
        "Net Income From Continuing Operation Net Minority Interest": 44679000.0,
        "Reconciled Depreciation": 11724000.0,
        "Reconciled Cost Of Revenue": 326590000.0,
        "EBITDA": 74542000.0,
        "EBIT": 62818000.0,
        "Net Interest Income": -8158000.0,
        "Interest Expense": 8158000.0,
        "Normalized Income": 48208526.564215,
        "Net Income From Continuing And Discontinued Operation": 44679000.0,
        "Total Expenses": 413771000.0,
        "Total Operating Income As Reported": 62818000.0,
        "Diluted Average Shares": 17504000.0,
        "Basic Average Shares": 17055497.0,
        "Diluted EPS": 2.55,
        "Basic EPS": 2.619625,
        "Diluted NI Availto Com Stockholders": 44679000.0,
        "Net Income Common Stockholders": 44679000.0,
        "Net Income": 44679000.0,
        "Net Income Including Noncontrolling Interests": 44679000.0,
        "Net Income Continuous Operations": 44679000.0,
        "Tax Provision": 9981000.0,
        "Pretax Income": 54660000.0,
        "Other Income Expense": -4318000.0,
        "Special Income Charges": -4318000.0,
        "Restructuring And Mergern Acquisition": 3543000.0,
        "Net Non Operating Interest Income Expense": -8158000.0,
        "Interest Expense Non Operating": 8158000.0,
        "Operating Income": 67136000.0,
        "Operating Expense": 87181000.0,
        "Research And Development": 15859000.0,
        "Selling General And Administration": 71322000.0,
        "General And Administrative Expense": NaN,
        "Other Gand A": NaN,
        "Gross Profit": 154317000.0,
        "Cost Of Revenue": 326590000.0,
        "Total Revenue": 480907000.0,
        "Operating Revenue": 480907000.0
    },
    "2024-09-30": {
        "Tax Effect Of Unusual Items": -257982.0,
        "Tax Rate For Calcs": 0.219,
        "Normalized EBITDA": 42956000.0,
        "Total Unusual Items": -1178000.0,
        "Total Unusual Items Excluding Goodwill": -1178000.0,
        "Net Income From Continuing Operation Net Minority Interest": 17936000.0,
        "Reconciled Depreciation": 11450000.0,
        "Reconciled Cost Of Revenue": 222505000.0,
        "EBITDA": 41778000.0,
        "EBIT": 30328000.0,
        "Net Interest Income": -7359000.0,
        "Interest Expense": 7359000.0,
        "Normalized Income": 18856018.0,
        "Net Income From Continuing And Discontinued Operation": 17936000.0,
        "Total Expenses": 312501000.0,
        "Total Operating Income As Reported": 30328000.0,
        "Diluted Average Shares": 17055000.0,
        "Basic Average Shares": 16710749.0,
        "Diluted EPS": 1.05,
        "Basic EPS": 1.073321,
        "Diluted NI Availto Com Stockholders": 17936000.0,
        "Net Income Common Stockholders": 17936000.0,
        "Net Income": 17936000.0,
        "Net Income Including Noncontrolling Interests": 17936000.0,
        "Net Income Continuous Operations": 17936000.0,
        "Tax Provision": 5033000.0,
        "Pretax Income": 22969000.0,
        "Other Income Expense": -1178000.0,
        "Special Income Charges": -1178000.0,
        "Restructuring And Mergern Acquisition": 1178000.0,
        "Net Non Operating Interest Income Expense": -7359000.0,
        "Interest Expense Non Operating": 7359000.0,
        "Operating Income": 31506000.0,
        "Operating Expense": 89996000.0,
        "Research And Development": 17773000.0,
        "Selling General And Administration": 72223000.0,
        "General And Administrative Expense": 72223000.0,
        "Other Gand A": 72223000.0,
        "Gross Profit": 121502000.0,
        "Cost Of Revenue": 222505000.0,
        "Total Revenue": 344007000.0,
        "Operating Revenue": 344007000.0
    },
    "2024-12-31": {
        "Tax Effect Of Unusual Items": -50095.0,
        "Tax Rate For Calcs": 0.233,
        "Normalized EBITDA": 68819000.0,
        "Total Unusual Items": -215000.0,
        "Total Unusual Items Excluding Goodwill": -215000.0,
        "Net Income From Continuing Operation Net Minority Interest": 37819000.0,
        "Reconciled Depreciation": 10647000.0,
        "Reconciled Cost Of Revenue": 272669000.0,
        "EBITDA": 68604000.0,
        "EBIT": 57957000.0,
        "Net Interest Income": -8619000.0,
        "Interest Expense": 8619000.0,
        "Normalized Income": 37983905.0,
        "Net Income From Continuing And Discontinued Operation": 37819000.0,
        "Total Expenses": 361648000.0,
        "Total Operating Income As Reported": 57957000.0,
        "Diluted Average Shares": 17040000.0,
        "Basic Average Shares": 16745805.0,
        "Diluted EPS": 2.22,
        "Basic EPS": 2.258416,
        "Diluted NI Availto Com Stockholders": 37819000.0,
        "Net Income Common Stockholders": 37819000.0,
        "Net Income": 37819000.0,
        "Net Income Including Noncontrolling Interests": 37819000.0,
        "Net Income Continuous Operations": 37819000.0,
        "Tax Provision": 11519000.0,
        "Pretax Income": 49338000.0,
        "Other Income Expense": -215000.0,
        "Special Income Charges": -215000.0,
        "Restructuring And Mergern Acquisition": 215000.0,
        "Net Non Operating Interest Income Expense": -8619000.0,
        "Interest Expense Non Operating": 8619000.0,
        "Operating Income": 58172000.0,
        "Operating Expense": 88979000.0,
        "Research And Development": 18257000.0,
        "Selling General And Administration": 70722000.0,
        "General And Administrative Expense": NaN,
        "Other Gand A": NaN,
        "Gross Profit": 147151000.0,
        "Cost Of Revenue": 272669000.0,
        "Total Revenue": 419820000.0,
        "Operating Revenue": 419820000.0
    },
    "2025-03-31": {
        "Tax Effect Of Unusual Items": -322465.0,
        "Tax Rate For Calcs": 0.143,
        "Normalized EBITDA": 69039000.0,
        "Total Unusual Items": -2255000.0,
        "Total Unusual Items Excluding Goodwill": -2255000.0,
        "Net Income From Continuing Operation Net Minority Interest": 41134000.0,
        "Reconciled Depreciation": 10567000.0,
        "Reconciled Cost Of Revenue": 294063000.0,
        "EBITDA": 66784000.0,
        "EBIT": 56217000.0,
        "Net Interest Income": -8228000.0,
        "Interest Expense": 8228000.0,
        "Normalized Income": 43066535.0,
        "Net Income From Continuing And Discontinued Operation": 41134000.0,
        "Total Expenses": 385882000.0,
        "Total Operating Income As Reported": 56217000.0,
        "Diluted Average Shares": 17159000.0,
        "Basic Average Shares": 16788617.0,
        "Diluted EPS": 2.4,
        "Basic EPS": 2.450112,
        "Diluted NI Availto Com Stockholders": 41134000.0,
        "Net Income Common Stockholders": 41134000.0,
        "Net Income": 41134000.0,
        "Net Income Including Noncontrolling Interests": 41134000.0,
        "Net Income Continuous Operations": 41134000.0,
        "Tax Provision": 6855000.0,
        "Pretax Income": 47989000.0,
        "Other Income Expense": -2255000.0,
        "Special Income Charges": -2255000.0,
        "Restructuring And Mergern Acquisition": 2255000.0,
        "Net Non Operating Interest Income Expense": -8228000.0,
        "Interest Expense Non Operating": 8228000.0,
        "Operating Income": 58472000.0,
        "Operating Expense": 91819000.0,
        "Research And Development": 18570000.0,
        "Selling General And Administration": 73249000.0,
        "General And Administrative Expense": NaN,
        "Other Gand A": NaN,
        "Gross Profit": 150291000.0,
        "Cost Of Revenue": 294063000.0,
        "Total Revenue": 444354000.0,
        "Operating Revenue": 444354000.0
    },
    "2025-06-30": {
        "Tax Effect Of Unusual Items": -334589.957142,
        "Tax Rate For Calcs": 0.198334,
        "Normalized EBITDA": 85625000.0,
        "Total Unusual Items": -1687000.0,
        "Total Unusual Items Excluding Goodwill": -1687000.0,
        "Net Income From Continuing Operation Net Minority Interest": 52748000.0,
        "Reconciled Depreciation": 10916000.0,
        "Reconciled Cost Of Revenue": 336747000.0,
        "EBITDA": 83938000.0,
        "EBIT": 73022000.0,
        "Net Interest Income": -7224000.0,
        "Interest Expense": 7224000.0,
        "Normalized Income": 54100410.042858,
        "Net Income From Continuing And Discontinued Operation": 52748000.0,
        "Total Expenses": 430276000.0,
        "Total Operating Income As Reported": 73022000.0,
        "Diluted Average Shares": 17412000.0,
        "Basic Average Shares": 16794399.0,
        "Diluted EPS": 3.03,
        "Basic EPS": 3.140809,
        "Diluted NI Availto Com Stockholders": 52748000.0,
        "Net Income Common Stockholders": 52748000.0,
        "Net Income": 52748000.0,
        "Net Income Including Noncontrolling Interests": 52748000.0,
        "Net Income Continuous Operations": 52748000.0,
        "Tax Provision": 13050000.0,
        "Pretax Income": 65798000.0,
        "Other Income Expense": -1687000.0,
        "Special Income Charges": -1687000.0,
        "Restructuring And Mergern Acquisition": 413000.0,
        "Net Non Operating Interest Income Expense": -7224000.0,
        "Interest Expense Non Operating": 7224000.0,
        "Operating Income": 74709000.0,
        "Operating Expense": 93529000.0,
        "Research And Development": 18844000.0,
        "Selling General And Administration": 74685000.0,
        "General And Administrative Expense": NaN,
        "Other Gand A": NaN,
        "Gross Profit": 168238000.0,
        "Cost Of Revenue": 336747000.0,
        "Total Revenue": 504985000.0,
        "Operating Revenue": 504985000.0
    },
    "2025-09-30": {
        "Tax Effect Of Unusual Items": -543270.0,
        "Tax Rate For Calcs": 0.199,
        "Normalized EBITDA": 46063000.0,
        "Total Unusual Items": -2730000.0,
        "Total Unusual Items Excluding Goodwill": -2730000.0,
        "Net Income From Continuing Operation Net Minority Interest": 20556000.0,
        "Reconciled Depreciation": 10260000.0,
        "Reconciled Cost Of Revenue": 261438000.0,
        "EBITDA": 43333000.0,
        "EBIT": 33073000.0,
        "Net Interest Income": -7398000.0,
        "Interest Expense": 7398000.0,
        "Normalized Income": 22742730.0,
        "Net Income From Continuing And Discontinued Operation": 20556000.0,
        "Total Expenses": 348820000.0,
        "Total Operating Income As Reported": 33073000.0,
        "Diluted Average Shares": 17473000.0,
        "Basic Average Shares": 16896000.0,
        "Diluted EPS": 1.18,
        "Basic EPS": 1.22,
        "Diluted NI Availto Com Stockholders": 20556000.0,
        "Net Income Common Stockholders": 20556000.0,
        "Net Income": 20556000.0,
        "Net Income Including Noncontrolling Interests": 20556000.0,
        "Net Income Continuous Operations": 20556000.0,
        "Tax Provision": 5119000.0,
        "Pretax Income": 25675000.0,
        "Other Income Expense": -2730000.0,
        "Special Income Charges": -2730000.0,
        "Restructuring And Mergern Acquisition": 2730000.0,
        "Net Non Operating Interest Income Expense": -7398000.0,
        "Interest Expense Non Operating": 7398000.0,
        "Operating Income": 35803000.0,
        "Operating Expense": 87382000.0,
        "Research And Development": 20427000.0,
        "Selling General And Administration": 66955000.0,
        "General And Administrative Expense": 66955000.0,
        "Other Gand A": 66955000.0,
        "Gross Profit": 123185000.0,
        "Cost Of Revenue": 261438000.0,
        "Total Revenue": 384623000.0,
        "Operating Revenue": 384623000.0
    }
}