{
    "2023-03-31": {
        "Tax Effect Of Unusual Items": NaN,
        "Tax Rate For Calcs": NaN,
        "Normalized EBITDA": NaN,
        "Total Unusual Items": NaN,
        "Total Unusual Items Excluding Goodwill": NaN,
        "Net Income From Continuing Operation Net Minority Interest": NaN,
        "Reconciled Depreciation": NaN,
        "Reconciled Cost Of Revenue": NaN,
        "EBITDA": NaN,
        "EBIT": NaN,
        "Net Interest Income": NaN,
        "Interest Expense": NaN,
        "Interest Income": NaN,
        "Normalized Income": NaN,
        "Net Income From Continuing And Discontinued Operation": NaN,
        "Total Expenses": NaN,
        "Total Operating Income As Reported": NaN,
        "Diluted Average Shares": 20251509.0,
        "Basic Average Shares": 20251509.0,
        "Diluted EPS": -0.02,
        "Basic EPS": -0.02,
        "Diluted NI Availto Com Stockholders": NaN,
        "Net Income Common Stockholders": NaN,
        "Net Income": NaN,
        "Net Income Including Noncontrolling Interests": NaN,
        "Net Income Continuous Operations": NaN,
        "Tax Provision": NaN,
        "Pretax Income": NaN,
        "Other Income Expense": NaN,
        "Other Non Operating Income Expenses": NaN,
        "Special Income Charges": NaN,
        "Other Special Charges": NaN,
        "Impairment Of Capital Assets": NaN,
        "Net Non Operating Interest Income Expense": NaN,
        "Interest Expense Non Operating": NaN,
        "Interest Income Non Operating": NaN,
        "Operating Income": NaN,
        "Operating Expense": NaN,
        "Research And Development": NaN,
        "Selling General And Administration": NaN,
        "Selling And Marketing Expense": NaN,
        "General And Administrative Expense": NaN,
        "Other Gand A": NaN,
        "Gross Profit": NaN,
        "Cost Of Revenue": NaN,
        "Total Revenue": NaN,
        "Operating Revenue": NaN
    },
    "2022-12-31": {
        "Tax Effect Of Unusual Items": NaN,
        "Tax Rate For Calcs": NaN,
        "Normalized EBITDA": NaN,
        "Total Unusual Items": NaN,
        "Total Unusual Items Excluding Goodwill": NaN,
        "Net Income From Continuing Operation Net Minority Interest": NaN,
        "Reconciled Depreciation": NaN,
        "Reconciled Cost Of Revenue": NaN,
        "EBITDA": NaN,
        "EBIT": NaN,
        "Net Interest Income": NaN,
        "Interest Expense": NaN,
        "Interest Income": NaN,
        "Normalized Income": NaN,
        "Net Income From Continuing And Discontinued Operation": NaN,
        "Total Expenses": NaN,
        "Total Operating Income As Reported": NaN,
        "Diluted Average Shares": 20059269.0,
        "Basic Average Shares": 20059269.0,
        "Diluted EPS": -0.16,
        "Basic EPS": -0.16,
        "Diluted NI Availto Com Stockholders": NaN,
        "Net Income Common Stockholders": NaN,
        "Net Income": NaN,
        "Net Income Including Noncontrolling Interests": NaN,
        "Net Income Continuous Operations": NaN,
        "Tax Provision": NaN,
        "Pretax Income": NaN,
        "Other Income Expense": NaN,
        "Other Non Operating Income Expenses": NaN,
        "Special Income Charges": NaN,
        "Other Special Charges": NaN,
        "Impairment Of Capital Assets": NaN,
        "Net Non Operating Interest Income Expense": NaN,
        "Interest Expense Non Operating": NaN,
        "Interest Income Non Operating": NaN,
        "Operating Income": NaN,
        "Operating Expense": NaN,
        "Research And Development": NaN,
        "Selling General And Administration": NaN,
        "Selling And Marketing Expense": NaN,
        "General And Administrative Expense": NaN,
        "Other Gand A": NaN,
        "Gross Profit": NaN,
        "Cost Of Revenue": NaN,
        "Total Revenue": NaN,
        "Operating Revenue": NaN
    },
    "2022-09-30": {
        "Tax Effect Of Unusual Items": NaN,
        "Tax Rate For Calcs": NaN,
        "Normalized EBITDA": NaN,
        "Total Unusual Items": 0.0,
        "Total Unusual Items Excluding Goodwill": 0.0,
        "Net Income From Continuing Operation Net Minority Interest": NaN,
        "Reconciled Depreciation": NaN,
        "Reconciled Cost Of Revenue": NaN,
        "EBITDA": NaN,
        "EBIT": NaN,
        "Net Interest Income": NaN,
        "Interest Expense": NaN,
        "Interest Income": NaN,
        "Normalized Income": NaN,
        "Net Income From Continuing And Discontinued Operation": NaN,
        "Total Expenses": NaN,
        "Total Operating Income As Reported": NaN,
        "Diluted Average Shares": NaN,
        "Basic Average Shares": NaN,
        "Diluted EPS": NaN,
        "Basic EPS": NaN,
        "Diluted NI Availto Com Stockholders": NaN,
        "Net Income Common Stockholders": NaN,
        "Net Income": NaN,
        "Net Income Including Noncontrolling Interests": NaN,
        "Net Income Continuous Operations": NaN,
        "Tax Provision": NaN,
        "Pretax Income": NaN,
        "Other Income Expense": NaN,
        "Other Non Operating Income Expenses": NaN,
        "Special Income Charges": 0.0,
        "Other Special Charges": NaN,
        "Impairment Of Capital Assets": 0.0,
        "Net Non Operating Interest Income Expense": NaN,
        "Interest Expense Non Operating": NaN,
        "Interest Income Non Operating": NaN,
        "Operating Income": NaN,
        "Operating Expense": NaN,
        "Research And Development": NaN,
        "Selling General And Administration": NaN,
        "Selling And Marketing Expense": NaN,
        "General And Administrative Expense": NaN,
        "Other Gand A": NaN,
        "Gross Profit": NaN,
        "Cost Of Revenue": NaN,
        "Total Revenue": NaN,
        "Operating Revenue": NaN
    },
    "2022-06-30": {
        "Tax Effect Of Unusual Items": 0.0,
        "Tax Rate For Calcs": 0.209374,
        "Normalized EBITDA": 707690.0,
        "Total Unusual Items": NaN,
        "Total Unusual Items Excluding Goodwill": NaN,
        "Net Income From Continuing Operation Net Minority Interest": 322822.0,
        "Reconciled Depreciation": 254429.0,
        "Reconciled Cost Of Revenue": 13103025.0,
        "EBITDA": 707690.0,
        "EBIT": 453261.0,
        "Net Interest Income": 10558.0,
        "Interest Expense": 44949.0,
        "Interest Income": 55507.0,
        "Normalized Income": 322822.0,
        "Net Income From Continuing And Discontinued Operation": 322822.0,
        "Total Expenses": 17901420.0,
        "Total Operating Income As Reported": 401923.0,
        "Diluted Average Shares": 21180490.0,
        "Basic Average Shares": 19940902.0,
        "Diluted EPS": 0.02,
        "Basic EPS": 0.02,
        "Diluted NI Availto Com Stockholders": 322822.0,
        "Net Income Common Stockholders": 322822.0,
        "Net Income": 322822.0,
        "Net Income Including Noncontrolling Interests": 322822.0,
        "Net Income Continuous Operations": 322822.0,
        "Tax Provision": 85490.0,
        "Pretax Income": 408312.0,
        "Other Income Expense": -4169.0,
        "Other Non Operating Income Expenses": -4169.0,
        "Special Income Charges": NaN,
        "Other Special Charges": NaN,
        "Impairment Of Capital Assets": NaN,
        "Net Non Operating Interest Income Expense": 10558.0,
        "Interest Expense Non Operating": 44949.0,
        "Interest Income Non Operating": 55507.0,
        "Operating Income": 401923.0,
        "Operating Expense": 4798395.0,
        "Research And Development": 1252037.0,
        "Selling General And Administration": 3546358.0,
        "Selling And Marketing Expense": 1724913.0,
        "General And Administrative Expense": 1821445.0,
        "Other Gand A": 1821445.0,
        "Gross Profit": 5200318.0,
        "Cost Of Revenue": 13103025.0,
        "Total Revenue": 18303343.0,
        "Operating Revenue": 18303343.0
    },
    "2022-03-31": {
        "Diluted EPS": 0.03,
        "Total Revenue": 17,
        "Gross Profit": 5,
        "Operating Income": 1,
        "EBIT": 1,
        "Net Income": 1
    },
    "2021-12-31": {
        "Diluted EPS": -0.02,
        "Total Revenue": 18,
        "Gross Profit": 5,
        "Operating Income": 0,
        "EBIT": 0,
        "Net Income": 0
    },
    "2021-09-30": {
        "Diluted EPS": 0.05,
        "Total Revenue": 16,
        "Gross Profit": 6,
        "Operating Income": 1,
        "EBIT": 1,
        "Net Income": 1
    },
    "2021-06-30": {
        "Diluted EPS": 0.09,
        "Total Revenue": 15,
        "Gross Profit": 5,
        "Operating Income": 1,
        "EBIT": 1,
        "Net Income": 2
    },
    "2021-03-31": {
        "Diluted EPS": 0.0,
        "Total Revenue": 13,
        "Gross Profit": 4,
        "Operating Income": 0,
        "EBIT": 1,
        "Net Income": 0
    },
    "2020-12-31": {
        "Diluted EPS": 0.02,
        "Total Revenue": 14,
        "Gross Profit": 5,
        "Operating Income": 1,
        "EBIT": 1,
        "Net Income": 0
    },
    "2020-09-30": {
        "Diluted EPS": 0.05,
        "Total Revenue": 13,
        "Gross Profit": 5,
        "Operating Income": 1,
        "EBIT": 2,
        "Net Income": 1
    },
    "2020-06-30": {
        "Diluted EPS": 0.0,
        "Total Revenue": 12,
        "Gross Profit": 3,
        "Operating Income": 0,
        "EBIT": 0,
        "Net Income": 0
    },
    "2020-03-31": {
        "Diluted EPS": -0.07,
        "Total Revenue": 13,
        "Gross Profit": 3,
        "Operating Income": -2,
        "EBIT": -1,
        "Net Income": -1
    },
    "2019-12-31": {
        "Diluted EPS": 0.09,
        "Total Revenue": 18,
        "Gross Profit": 7,
        "Operating Income": 2,
        "EBIT": 2,
        "Net Income": 1
    },
    "2019-09-30": {
        "Diluted EPS": 0.03,
        "Total Revenue": 15,
        "Gross Profit": 5,
        "Operating Income": 0,
        "EBIT": 1,
        "Net Income": 1
    },
    "2019-06-30": {
        "Diluted EPS": -0.11,
        "Total Revenue": 15,
        "Gross Profit": 5,
        "Operating Income": -1,
        "EBIT": 0,
        "Net Income": -2
    },
    "2019-03-31": {
        "Diluted EPS": -0.07,
        "Total Revenue": 10,
        "Gross Profit": 2,
        "Operating Income": -2,
        "EBIT": -2,
        "Net Income": -1
    },
    "2018-12-31": {
        "Diluted EPS": 0.02,
        "Total Revenue": 14,
        "Gross Profit": 4,
        "Operating Income": -1,
        "EBIT": -1,
        "Net Income": 0
    },
    "2018-09-30": {
        "Diluted EPS": 0.09,
        "Total Revenue": 10,
        "Gross Profit": 3,
        "Operating Income": 0,
        "EBIT": 0,
        "Net Income": 1
    },
    "2018-06-30": {
        "Diluted EPS": -0.12,
        "Total Revenue": 6,
        "Gross Profit": 2,
        "Operating Income": -1,
        "EBIT": -1,
        "Net Income": -2
    },
    "2018-03-31": {
        "Diluted EPS": -0.08,
        "Total Revenue": 7,
        "Gross Profit": 2,
        "Operating Income": -1,
        "EBIT": 0,
        "Net Income": -1
    },
    "2017-12-31": {
        "Diluted EPS": -0.01,
        "Total Revenue": 7,
        "Gross Profit": 2,
        "Operating Income": -1,
        "EBIT": -1,
        "Net Income": 0
    },
    "2017-09-30": {
        "Diluted EPS": -0.02,
        "Total Revenue": 7,
        "Gross Profit": 2,
        "Operating Income": 0,
        "EBIT": 0,
        "Net Income": 0
    },
    "2017-06-30": {
        "Diluted EPS": 0.03,
        "Total Revenue": 7,
        "Gross Profit": 3,
        "Operating Income": 0,
        "EBIT": 0,
        "Net Income": 0
    },
    "2017-03-31": {
        "Diluted EPS": 0.01,
        "Total Revenue": 6,
        "Gross Profit": 2,
        "Operating Income": 0,
        "EBIT": 0,
        "Net Income": 0
    },
    "2016-12-31": {
        "Diluted EPS": 0.0,
        "Total Revenue": NaN,
        "Gross Profit": NaN,
        "Operating Income": NaN,
        "EBIT": NaN,
        "Net Income": NaN
    },
    "2023-06-30": {
        "Tax Effect Of Unusual Items": NaN,
        "Tax Rate For Calcs": NaN,
        "Normalized EBITDA": NaN,
        "Total Unusual Items": NaN,
        "Total Unusual Items Excluding Goodwill": NaN,
        "Net Income From Continuing Operation Net Minority Interest": NaN,
        "Reconciled Depreciation": NaN,
        "Reconciled Cost Of Revenue": NaN,
        "EBITDA": NaN,
        "EBIT": NaN,
        "Net Interest Income": NaN,
        "Interest Expense": NaN,
        "Interest Income": NaN,
        "Normalized Income": NaN,
        "Net Income From Continuing And Discontinued Operation": NaN,
        "Total Expenses": NaN,
        "Total Operating Income As Reported": NaN,
        "Diluted Average Shares": 20397741.0,
        "Basic Average Shares": 20397741.0,
        "Diluted EPS": -0.12,
        "Basic EPS": -0.12,
        "Diluted NI Availto Com Stockholders": NaN,
        "Net Income Common Stockholders": NaN,
        "Net Income": NaN,
        "Net Income Including Noncontrolling Interests": NaN,
        "Net Income Continuous Operations": NaN,
        "Tax Provision": NaN,
        "Pretax Income": NaN,
        "Other Income Expense": NaN,
        "Other Non Operating Income Expenses": NaN,
        "Special Income Charges": NaN,
        "Other Special Charges": -1298241.0,
        "Impairment Of Capital Assets": NaN,
        "Net Non Operating Interest Income Expense": NaN,
        "Interest Expense Non Operating": NaN,
        "Interest Income Non Operating": NaN,
        "Operating Income": NaN,
        "Operating Expense": NaN,
        "Research And Development": NaN,
        "Selling General And Administration": NaN,
        "Selling And Marketing Expense": NaN,
        "General And Administrative Expense": NaN,
        "Other Gand A": NaN,
        "Gross Profit": NaN,
        "Cost Of Revenue": NaN,
        "Total Revenue": NaN,
        "Operating Revenue": NaN
    },
    "2023-09-30": {
        "Tax Effect Of Unusual Items": NaN,
        "Tax Rate For Calcs": NaN,
        "Normalized EBITDA": NaN,
        "Total Unusual Items": -2512302.0,
        "Total Unusual Items Excluding Goodwill": -2512302.0,
        "Net Income From Continuing Operation Net Minority Interest": NaN,
        "Reconciled Depreciation": NaN,
        "Reconciled Cost Of Revenue": NaN,
        "EBITDA": NaN,
        "EBIT": NaN,
        "Net Interest Income": NaN,
        "Interest Expense": NaN,
        "Interest Income": NaN,
        "Normalized Income": NaN,
        "Net Income From Continuing And Discontinued Operation": NaN,
        "Total Expenses": NaN,
        "Total Operating Income As Reported": NaN,
        "Diluted Average Shares": NaN,
        "Basic Average Shares": NaN,
        "Diluted EPS": NaN,
        "Basic EPS": NaN,
        "Diluted NI Availto Com Stockholders": NaN,
        "Net Income Common Stockholders": NaN,
        "Net Income": NaN,
        "Net Income Including Noncontrolling Interests": NaN,
        "Net Income Continuous Operations": NaN,
        "Tax Provision": NaN,
        "Pretax Income": NaN,
        "Other Income Expense": NaN,
        "Other Non Operating Income Expenses": NaN,
        "Special Income Charges": -2512302.0,
        "Other Special Charges": -418486.0,
        "Impairment Of Capital Assets": 2930788.0,
        "Net Non Operating Interest Income Expense": NaN,
        "Interest Expense Non Operating": NaN,
        "Interest Income Non Operating": NaN,
        "Operating Income": NaN,
        "Operating Expense": NaN,
        "Research And Development": NaN,
        "Selling General And Administration": NaN,
        "Selling And Marketing Expense": NaN,
        "General And Administrative Expense": NaN,
        "Other Gand A": NaN,
        "Gross Profit": NaN,
        "Cost Of Revenue": NaN,
        "Total Revenue": NaN,
        "Operating Revenue": NaN
    },
    "2023-12-31": {
        "Tax Effect Of Unusual Items": NaN,
        "Tax Rate For Calcs": NaN,
        "Normalized EBITDA": NaN,
        "Total Unusual Items": 0.0,
        "Total Unusual Items Excluding Goodwill": 0.0,
        "Net Income From Continuing Operation Net Minority Interest": NaN,
        "Reconciled Depreciation": NaN,
        "Reconciled Cost Of Revenue": NaN,
        "EBITDA": NaN,
        "EBIT": NaN,
        "Net Interest Income": NaN,
        "Interest Expense": NaN,
        "Interest Income": NaN,
        "Normalized Income": NaN,
        "Net Income From Continuing And Discontinued Operation": NaN,
        "Total Expenses": NaN,
        "Total Operating Income As Reported": NaN,
        "Diluted Average Shares": NaN,
        "Basic Average Shares": NaN,
        "Diluted EPS": NaN,
        "Basic EPS": NaN,
        "Diluted NI Availto Com Stockholders": NaN,
        "Net Income Common Stockholders": NaN,
        "Net Income": NaN,
        "Net Income Including Noncontrolling Interests": NaN,
        "Net Income Continuous Operations": NaN,
        "Tax Provision": NaN,
        "Pretax Income": NaN,
        "Other Income Expense": NaN,
        "Other Non Operating Income Expenses": NaN,
        "Special Income Charges": 0.0,
        "Other Special Charges": 0.0,
        "Impairment Of Capital Assets": 0.0,
        "Net Non Operating Interest Income Expense": NaN,
        "Interest Expense Non Operating": NaN,
        "Interest Income Non Operating": NaN,
        "Operating Income": NaN,
        "Operating Expense": NaN,
        "Research And Development": NaN,
        "Selling General And Administration": NaN,
        "Selling And Marketing Expense": NaN,
        "General And Administrative Expense": NaN,
        "Other Gand A": NaN,
        "Gross Profit": NaN,
        "Cost Of Revenue": NaN,
        "Total Revenue": NaN,
        "Operating Revenue": NaN
    },
    "2024-03-31": {
        "Tax Effect Of Unusual Items": 0.0,
        "Tax Rate For Calcs": 0.21,
        "Normalized EBITDA": -723326.0,
        "Total Unusual Items": NaN,
        "Total Unusual Items Excluding Goodwill": NaN,
        "Net Income From Continuing Operation Net Minority Interest": -1339622.0,
        "Reconciled Depreciation": 389685.0,
        "Reconciled Cost Of Revenue": 8928493.0,
        "EBITDA": -723326.0,
        "EBIT": -1113011.0,
        "Net Interest Income": 106383.0,
        "Interest Expense": 35342.0,
        "Interest Income": 141725.0,
        "Normalized Income": -1339622.0,
        "Net Income From Continuing And Discontinued Operation": -1339622.0,
        "Total Expenses": 13913800.0,
        "Total Operating Income As Reported": -1262014.0,
        "Diluted Average Shares": 20709234.0,
        "Basic Average Shares": 20709234.0,
        "Diluted EPS": -0.06,
        "Basic EPS": -0.06,
        "Diluted NI Availto Com Stockholders": -1339622.0,
        "Net Income Common Stockholders": -1339622.0,
        "Net Income": -1339622.0,
        "Net Income Including Noncontrolling Interests": -1339622.0,
        "Net Income Continuous Operations": -1339622.0,
        "Tax Provision": 191269.0,
        "Pretax Income": -1148353.0,
        "Other Income Expense": 7278.0,
        "Other Non Operating Income Expenses": 7278.0,
        "Special Income Charges": NaN,
        "Other Special Charges": NaN,
        "Impairment Of Capital Assets": NaN,
        "Net Non Operating Interest Income Expense": 106383.0,
        "Interest Expense Non Operating": 35342.0,
        "Interest Income Non Operating": 141725.0,
        "Operating Income": -1262014.0,
        "Operating Expense": 4985307.0,
        "Research And Development": 970877.0,
        "Selling General And Administration": 4014430.0,
        "Selling And Marketing Expense": 1920113.0,
        "General And Administrative Expense": 2094317.0,
        "Other Gand A": 2094317.0,
        "Gross Profit": 3723293.0,
        "Cost Of Revenue": 8928493.0,
        "Total Revenue": 12651786.0,
        "Operating Revenue": 12651786.0
    },
    "2024-06-30": {
        "Tax Effect Of Unusual Items": 0.0,
        "Tax Rate For Calcs": 0.21,
        "Normalized EBITDA": -1734051.0,
        "Total Unusual Items": 0.0,
        "Total Unusual Items Excluding Goodwill": 0.0,
        "Net Income From Continuing Operation Net Minority Interest": -2344545.0,
        "Reconciled Depreciation": 380364.0,
        "Reconciled Cost Of Revenue": 9868067.0,
        "EBITDA": -1734051.0,
        "EBIT": -2114415.0,
        "Net Interest Income": 99516.0,
        "Interest Expense": 19103.0,
        "Interest Income": 118619.0,
        "Normalized Income": -2344545.0,
        "Net Income From Continuing And Discontinued Operation": -2344545.0,
        "Total Expenses": 15456195.0,
        "Total Operating Income As Reported": -2254865.0,
        "Diluted Average Shares": 20931798.0,
        "Basic Average Shares": 20931798.0,
        "Diluted EPS": -0.11,
        "Basic EPS": -0.11,
        "Diluted NI Availto Com Stockholders": -2344545.0,
        "Net Income Common Stockholders": -2344545.0,
        "Net Income": -2344545.0,
        "Net Income Including Noncontrolling Interests": -2344545.0,
        "Net Income Continuous Operations": -2344545.0,
        "Tax Provision": 211027.0,
        "Pretax Income": -2133518.0,
        "Other Income Expense": 21831.0,
        "Other Non Operating Income Expenses": 21831.0,
        "Special Income Charges": 0.0,
        "Other Special Charges": NaN,
        "Impairment Of Capital Assets": 0.0,
        "Net Non Operating Interest Income Expense": 99516.0,
        "Interest Expense Non Operating": 19103.0,
        "Interest Income Non Operating": 118619.0,
        "Operating Income": -2254865.0,
        "Operating Expense": 5588128.0,
        "Research And Development": 925602.0,
        "Selling General And Administration": 4662526.0,
        "Selling And Marketing Expense": 2255128.0,
        "General And Administrative Expense": 2407398.0,
        "Other Gand A": 2407398.0,
        "Gross Profit": 3333263.0,
        "Cost Of Revenue": 9868067.0,
        "Total Revenue": 13201330.0,
        "Operating Revenue": 13201330.0
    },
    "2024-09-30": {
        "Tax Effect Of Unusual Items": 0.0,
        "Tax Rate For Calcs": 0.21,
        "Normalized EBITDA": -6274066.0,
        "Total Unusual Items": 0.0,
        "Total Unusual Items Excluding Goodwill": 0.0,
        "Net Income From Continuing Operation Net Minority Interest": -6815384.0,
        "Reconciled Depreciation": 357767.0,
        "Reconciled Cost Of Revenue": 15418835.0,
        "EBITDA": -6274066.0,
        "EBIT": -6631833.0,
        "Net Interest Income": 100131.0,
        "Interest Expense": 16465.0,
        "Interest Income": 116596.0,
        "Normalized Income": -6815384.0,
        "Net Income From Continuing And Discontinued Operation": -6815384.0,
        "Total Expenses": 20435124.0,
        "Total Operating Income As Reported": -6734027.0,
        "Diluted Average Shares": 21049270.0,
        "Basic Average Shares": 21049270.0,
        "Diluted EPS": -0.32,
        "Basic EPS": -0.32,
        "Diluted NI Availto Com Stockholders": -6815384.0,
        "Net Income Common Stockholders": -6815384.0,
        "Net Income": -6815384.0,
        "Net Income Including Noncontrolling Interests": -6815384.0,
        "Net Income Continuous Operations": -6815384.0,
        "Tax Provision": 167086.0,
        "Pretax Income": -6648298.0,
        "Other Income Expense": -14402.0,
        "Other Non Operating Income Expenses": -14402.0,
        "Special Income Charges": 0.0,
        "Other Special Charges": NaN,
        "Impairment Of Capital Assets": 0.0,
        "Net Non Operating Interest Income Expense": 100131.0,
        "Interest Expense Non Operating": 16465.0,
        "Interest Income Non Operating": 116596.0,
        "Operating Income": -6734027.0,
        "Operating Expense": 5016289.0,
        "Research And Development": 950373.0,
        "Selling General And Administration": 4065916.0,
        "Selling And Marketing Expense": 2008824.0,
        "General And Administrative Expense": 2057092.0,
        "Other Gand A": 2057092.0,
        "Gross Profit": -1717738.0,
        "Cost Of Revenue": 15418835.0,
        "Total Revenue": 13701097.0,
        "Operating Revenue": 13701097.0
    },
    "2024-12-31": {
        "Tax Effect Of Unusual Items": 0.0,
        "Tax Rate For Calcs": 0.21,
        "Normalized EBITDA": -2683229.0,
        "Total Unusual Items": 0.0,
        "Total Unusual Items Excluding Goodwill": 0.0,
        "Net Income From Continuing Operation Net Minority Interest": -3134782.0,
        "Reconciled Depreciation": 291227.0,
        "Reconciled Cost Of Revenue": 12760656.0,
        "EBITDA": -2683229.0,
        "EBIT": -2974456.0,
        "Net Interest Income": 97599.0,
        "Interest Expense": 3206.0,
        "Interest Income": 100805.0,
        "Normalized Income": -3134782.0,
        "Net Income From Continuing And Discontinued Operation": -3134782.0,
        "Total Expenses": 18246052.0,
        "Total Operating Income As Reported": -3105907.0,
        "Diluted Average Shares": 21120396.0,
        "Basic Average Shares": 21120396.0,
        "Diluted EPS": -0.15,
        "Basic EPS": -0.15,
        "Diluted NI Availto Com Stockholders": -3134782.0,
        "Net Income Common Stockholders": -3134782.0,
        "Net Income": -3134782.0,
        "Net Income Including Noncontrolling Interests": -3134782.0,
        "Net Income Continuous Operations": -3134782.0,
        "Tax Provision": 157120.0,
        "Pretax Income": -2977662.0,
        "Other Income Expense": 30646.0,
        "Other Non Operating Income Expenses": 30646.0,
        "Special Income Charges": 0.0,
        "Other Special Charges": NaN,
        "Impairment Of Capital Assets": 0.0,
        "Net Non Operating Interest Income Expense": 97599.0,
        "Interest Expense Non Operating": 3206.0,
        "Interest Income Non Operating": 100805.0,
        "Operating Income": -3105907.0,
        "Operating Expense": 5485396.0,
        "Research And Development": 1250377.0,
        "Selling General And Administration": 4235019.0,
        "Selling And Marketing Expense": 1821917.0,
        "General And Administrative Expense": 2413102.0,
        "Other Gand A": 2413102.0,
        "Gross Profit": 2379489.0,
        "Cost Of Revenue": 12760656.0,
        "Total Revenue": 15140145.0,
        "Operating Revenue": 15140145.0
    },
    "2025-03-31": {
        "Tax Effect Of Unusual Items": 0.0,
        "Tax Rate For Calcs": 0.21,
        "Normalized EBITDA": -1593310.0,
        "Total Unusual Items": NaN,
        "Total Unusual Items Excluding Goodwill": NaN,
        "Net Income From Continuing Operation Net Minority Interest": -2017634.0,
        "Reconciled Depreciation": 300672.0,
        "Reconciled Cost Of Revenue": 8262096.0,
        "EBITDA": -1593310.0,
        "EBIT": -1893982.0,
        "Net Interest Income": 58325.0,
        "Interest Expense": 14186.0,
        "Interest Income": 72511.0,
        "Normalized Income": -2017634.0,
        "Net Income From Continuing And Discontinued Operation": -2017634.0,
        "Total Expenses": 14203948.0,
        "Total Operating Income As Reported": -1944860.0,
        "Diluted Average Shares": 21384599.0,
        "Basic Average Shares": 21384599.0,
        "Diluted EPS": -0.09,
        "Basic EPS": -0.09,
        "Diluted NI Availto Com Stockholders": -2017634.0,
        "Net Income Common Stockholders": -2017634.0,
        "Net Income": -2017634.0,
        "Net Income Including Noncontrolling Interests": -2017634.0,
        "Net Income Continuous Operations": -2017634.0,
        "Tax Provision": 109466.0,
        "Pretax Income": -1908168.0,
        "Other Income Expense": -21633.0,
        "Other Non Operating Income Expenses": -21633.0,
        "Special Income Charges": NaN,
        "Other Special Charges": NaN,
        "Impairment Of Capital Assets": NaN,
        "Net Non Operating Interest Income Expense": 58325.0,
        "Interest Expense Non Operating": 14186.0,
        "Interest Income Non Operating": 72511.0,
        "Operating Income": -1944860.0,
        "Operating Expense": 5941852.0,
        "Research And Development": 1357293.0,
        "Selling General And Administration": 4584559.0,
        "Selling And Marketing Expense": 2218190.0,
        "General And Administrative Expense": 2366369.0,
        "Other Gand A": 2366369.0,
        "Gross Profit": 3996992.0,
        "Cost Of Revenue": 8262096.0,
        "Total Revenue": 12259088.0,
        "Operating Revenue": 12259088.0
    }
}