{
    "2023-06-30": {
        "Tax Effect Of Unusual Items": 0.0,
        "Tax Rate For Calcs": 0.102244,
        "Normalized EBITDA": 267000.0,
        "Net Income From Continuing Operation Net Minority Interest": -73493000.0,
        "Reconciled Depreciation": 4516000.0,
        "Reconciled Cost Of Revenue": 327839000.0,
        "EBITDA": 267000.0,
        "EBIT": -4249000.0,
        "Net Interest Income": 3059000.0,
        "Interest Income": NaN,
        "Normalized Income": -73493000.0,
        "Net Income From Continuing And Discontinued Operation": -73493000.0,
        "Total Expenses": 426460000.0,
        "Total Operating Income As Reported": -4249000.0,
        "Diluted Average Shares": 45200000.0,
        "Basic Average Shares": 45200000.0,
        "Diluted EPS": -1.63,
        "Basic EPS": -1.63,
        "Diluted NI Availto Com Stockholders": -73493000.0,
        "Net Income Common Stockholders": -73493000.0,
        "Otherunder Preferred Stock Dividend": 0.0,
        "Preferred Stock Dividends": NaN,
        "Net Income": -73493000.0,
        "Minority Interests": NaN,
        "Net Income Including Noncontrolling Interests": -73493000.0,
        "Net Income Discontinuous Operations": NaN,
        "Net Income Continuous Operations": -73493000.0,
        "Tax Provision": -8370000.0,
        "Pretax Income": -81863000.0,
        "Other Income Expense": -80673000.0,
        "Other Non Operating Income Expenses": -80673000.0,
        "Net Non Operating Interest Income Expense": 3059000.0,
        "Total Other Finance Cost": -3059000.0,
        "Interest Income Non Operating": NaN,
        "Operating Income": -4249000.0,
        "Operating Expense": 98621000.0,
        "Research And Development": 27706000.0,
        "Selling General And Administration": 70915000.0,
        "Selling And Marketing Expense": 49242000.0,
        "General And Administrative Expense": 21673000.0,
        "Other Gand A": 21673000.0,
        "Gross Profit": 94372000.0,
        "Cost Of Revenue": 327839000.0,
        "Total Revenue": 422211000.0,
        "Operating Revenue": 422211000.0
    },
    "2023-03-31": {
        "Tax Effect Of Unusual Items": 0.0,
        "Tax Rate For Calcs": 0.218812,
        "Normalized EBITDA": -2379000.0,
        "Net Income From Continuing Operation Net Minority Interest": -10307000.0,
        "Reconciled Depreciation": 5985000.0,
        "Reconciled Cost Of Revenue": 291427000.0,
        "EBITDA": -2379000.0,
        "EBIT": -8364000.0,
        "Net Interest Income": 2559000.0,
        "Interest Income": NaN,
        "Normalized Income": -10307000.0,
        "Net Income From Continuing And Discontinued Operation": -10307000.0,
        "Total Expenses": 389504000.0,
        "Total Operating Income As Reported": -8364000.0,
        "Diluted Average Shares": 45067000.0,
        "Basic Average Shares": 45067000.0,
        "Diluted EPS": -0.23,
        "Basic EPS": -0.23,
        "Diluted NI Availto Com Stockholders": -10307000.0,
        "Net Income Common Stockholders": -10307000.0,
        "Otherunder Preferred Stock Dividend": 0.0,
        "Preferred Stock Dividends": NaN,
        "Net Income": -10307000.0,
        "Minority Interests": NaN,
        "Net Income Including Noncontrolling Interests": -10307000.0,
        "Net Income Discontinuous Operations": NaN,
        "Net Income Continuous Operations": -10307000.0,
        "Tax Provision": -2887000.0,
        "Pretax Income": -13194000.0,
        "Other Income Expense": -7389000.0,
        "Other Non Operating Income Expenses": -7389000.0,
        "Net Non Operating Interest Income Expense": 2559000.0,
        "Total Other Finance Cost": -2559000.0,
        "Interest Income Non Operating": NaN,
        "Operating Income": -8364000.0,
        "Operating Expense": 98077000.0,
        "Research And Development": 30546000.0,
        "Selling General And Administration": 67531000.0,
        "Selling And Marketing Expense": 47048000.0,
        "General And Administrative Expense": 20483000.0,
        "Other Gand A": 20483000.0,
        "Gross Profit": 89713000.0,
        "Cost Of Revenue": 291427000.0,
        "Total Revenue": 381140000.0,
        "Operating Revenue": 381140000.0
    },
    "2022-12-31": {
        "Tax Effect Of Unusual Items": 0.0,
        "Tax Rate For Calcs": 0.036285,
        "Normalized EBITDA": 1579000.0,
        "Net Income From Continuing Operation Net Minority Interest": -15511000.0,
        "Reconciled Depreciation": 4226000.0,
        "Reconciled Cost Of Revenue": 315341000.0,
        "EBITDA": 1579000.0,
        "EBIT": -2647000.0,
        "Net Interest Income": 1999000.0,
        "Interest Income": 1999000.0,
        "Normalized Income": -15511000.0,
        "Net Income From Continuing And Discontinued Operation": -15511000.0,
        "Total Expenses": 407543000.0,
        "Total Operating Income As Reported": -2647000.0,
        "Diluted Average Shares": 45420000.0,
        "Basic Average Shares": 45420000.0,
        "Diluted EPS": -0.34,
        "Basic EPS": -0.34,
        "Diluted NI Availto Com Stockholders": -15511000.0,
        "Net Income Common Stockholders": -15511000.0,
        "Otherunder Preferred Stock Dividend": 1227000.0,
        "Preferred Stock Dividends": 0.0,
        "Net Income": -15511000.0,
        "Minority Interests": 0.0,
        "Net Income Including Noncontrolling Interests": -15511000.0,
        "Net Income Discontinuous Operations": 0.0,
        "Net Income Continuous Operations": -15511000.0,
        "Tax Provision": -584000.0,
        "Pretax Income": -16095000.0,
        "Other Income Expense": -15447000.0,
        "Other Non Operating Income Expenses": -15447000.0,
        "Net Non Operating Interest Income Expense": 1999000.0,
        "Total Other Finance Cost": -1999000.0,
        "Interest Income Non Operating": 1999000.0,
        "Operating Income": -2647000.0,
        "Operating Expense": 92202000.0,
        "Research And Development": 27999000.0,
        "Selling General And Administration": 64203000.0,
        "Selling And Marketing Expense": 45504000.0,
        "General And Administrative Expense": 18699000.0,
        "Other Gand A": 18699000.0,
        "Gross Profit": 89555000.0,
        "Cost Of Revenue": 315341000.0,
        "Total Revenue": 404896000.0,
        "Operating Revenue": 404896000.0
    },
    "2022-09-30": {
        "Tax Effect Of Unusual Items": 0.0,
        "Tax Rate For Calcs": 0.066914,
        "Normalized EBITDA": 9789000.0,
        "Net Income From Continuing Operation Net Minority Interest": -36995000.0,
        "Reconciled Depreciation": 4130000.0,
        "Reconciled Cost Of Revenue": 352807000.0,
        "EBITDA": 9789000.0,
        "EBIT": 5659000.0,
        "Net Interest Income": 976000.0,
        "Interest Income": NaN,
        "Normalized Income": -36995000.0,
        "Net Income From Continuing And Discontinued Operation": -36995000.0,
        "Total Expenses": 454620000.0,
        "Total Operating Income As Reported": 5659000.0,
        "Diluted Average Shares": 45708000.0,
        "Basic Average Shares": 45708000.0,
        "Diluted EPS": -0.81,
        "Basic EPS": -0.81,
        "Diluted NI Availto Com Stockholders": -36995000.0,
        "Net Income Common Stockholders": -36995000.0,
        "Otherunder Preferred Stock Dividend": 0.0,
        "Preferred Stock Dividends": NaN,
        "Net Income": -36995000.0,
        "Minority Interests": 0.0,
        "Net Income Including Noncontrolling Interests": -36995000.0,
        "Net Income Discontinuous Operations": 0.0,
        "Net Income Continuous Operations": -36995000.0,
        "Tax Provision": -2653000.0,
        "Pretax Income": -39648000.0,
        "Other Income Expense": -46283000.0,
        "Other Non Operating Income Expenses": -46283000.0,
        "Net Non Operating Interest Income Expense": 976000.0,
        "Total Other Finance Cost": -976000.0,
        "Interest Income Non Operating": NaN,
        "Operating Income": 5659000.0,
        "Operating Expense": 101813000.0,
        "Research And Development": 29628000.0,
        "Selling General And Administration": 72185000.0,
        "Selling And Marketing Expense": 53520000.0,
        "General And Administrative Expense": 18665000.0,
        "Other Gand A": 18665000.0,
        "Gross Profit": 107472000.0,
        "Cost Of Revenue": 352807000.0,
        "Total Revenue": 460279000.0,
        "Operating Revenue": 460279000.0
    },
    "2022-06-30": {
        "Tax Effect Of Unusual Items": 0.0,
        "Tax Rate For Calcs": 0.261368,
        "Normalized EBITDA": 15585000.0,
        "Net Income From Continuing Operation Net Minority Interest": 7147000.0,
        "Reconciled Depreciation": 4043000.0,
        "Reconciled Cost Of Revenue": 407017000.0,
        "EBITDA": 15585000.0,
        "EBIT": 11542000.0,
        "Net Interest Income": 115000.0,
        "Interest Income": NaN,
        "Normalized Income": 7147000.0,
        "Net Income From Continuing And Discontinued Operation": 7147000.0,
        "Total Expenses": 516580000.0,
        "Total Operating Income As Reported": 11542000.0,
        "Diluted Average Shares": 43159000.0,
        "Basic Average Shares": 43072000.0,
        "Diluted EPS": 0.12,
        "Basic EPS": 0.12,
        "Diluted NI Availto Com Stockholders": 7147000.0,
        "Net Income Common Stockholders": 7147000.0,
        "Otherunder Preferred Stock Dividend": 410000.0,
        "Preferred Stock Dividends": 1697000.0,
        "Net Income": 7147000.0,
        "Minority Interests": 0.0,
        "Net Income Including Noncontrolling Interests": 7147000.0,
        "Net Income Discontinuous Operations": 0.0,
        "Net Income Continuous Operations": 7147000.0,
        "Tax Provision": 2529000.0,
        "Pretax Income": 9676000.0,
        "Other Income Expense": -1981000.0,
        "Other Non Operating Income Expenses": -1981000.0,
        "Net Non Operating Interest Income Expense": 115000.0,
        "Total Other Finance Cost": -115000.0,
        "Interest Income Non Operating": NaN,
        "Operating Income": 11542000.0,
        "Operating Expense": 109563000.0,
        "Research And Development": 30542000.0,
        "Selling General And Administration": 79021000.0,
        "Selling And Marketing Expense": 57940000.0,
        "General And Administrative Expense": 21081000.0,
        "Other Gand A": 21081000.0,
        "Gross Profit": 121105000.0,
        "Cost Of Revenue": 407017000.0,
        "Total Revenue": 528122000.0,
        "Operating Revenue": 528122000.0
    },
    "2022-03-31": {
        "Diluted EPS": 0.21,
        "Total Revenue": 536,
        "Gross Profit": 125,
        "Operating Income": 12,
        "EBIT": 17,
        "Net Income": 9
    },
    "2021-12-31": {
        "Diluted EPS": 0.68,
        "Total Revenue": 613,
        "Gross Profit": 139,
        "Operating Income": 19,
        "EBIT": 23,
        "Net Income": -2
    },
    "2021-09-30": {
        "Diluted EPS": 0.63,
        "Total Revenue": 689,
        "Gross Profit": 157,
        "Operating Income": 29,
        "EBIT": 33,
        "Net Income": 27
    },
    "2021-06-30": {
        "Diluted EPS": 6.47,
        "Total Revenue": 795,
        "Gross Profit": 175,
        "Operating Income": 37,
        "EBIT": 41,
        "Net Income": 310
    },
    "2021-03-31": {
        "Diluted EPS": 0.33,
        "Total Revenue": 660,
        "Gross Profit": 154,
        "Operating Income": 27,
        "EBIT": 32,
        "Net Income": 16
    },
    "2020-12-31": {
        "Diluted EPS": 0.3,
        "Total Revenue": 670,
        "Gross Profit": 151,
        "Operating Income": 22,
        "EBIT": 28,
        "Net Income": 0
    },
    "2020-09-30": {
        "Diluted EPS": 0.5,
        "Total Revenue": 718,
        "Gross Profit": 169,
        "Operating Income": 39,
        "EBIT": 44,
        "Net Income": 34
    },
    "2020-06-30": {
        "Diluted EPS": 0.84,
        "Total Revenue": 767,
        "Gross Profit": 178,
        "Operating Income": 49,
        "EBIT": 54,
        "Net Income": 34
    },
    "2020-03-31": {
        "Diluted EPS": -0.4,
        "Total Revenue": 340,
        "Gross Profit": 74,
        "Operating Income": -13,
        "EBIT": -8,
        "Net Income": -16
    },
    "2019-12-31": {
        "Diluted EPS": -0.7,
        "Total Revenue": 346,
        "Gross Profit": 71,
        "Operating Income": 30,
        "EBIT": 32,
        "Net Income": -27
    },
    "2019-09-30": {
        "Diluted EPS": -0.89,
        "Total Revenue": 347,
        "Gross Profit": 70,
        "Operating Income": -30,
        "EBIT": -23,
        "Net Income": -31
    },
    "2019-06-30": {
        "Diluted EPS": -0.69,
        "Total Revenue": 374,
        "Gross Profit": 74,
        "Operating Income": -26,
        "EBIT": -18,
        "Net Income": -24
    },
    "2019-03-31": {
        "Diluted EPS": -1.18,
        "Total Revenue": 368,
        "Gross Profit": 73,
        "Operating Income": -36,
        "EBIT": -28,
        "Net Income": -38
    },
    "2018-12-31": {
        "Diluted EPS": -1.34,
        "Total Revenue": 453,
        "Gross Profit": 82,
        "Operating Income": -48,
        "EBIT": -40,
        "Net Income": -43
    },
    "2018-09-30": {
        "Diluted EPS": -1.55,
        "Total Revenue": 441,
        "Gross Profit": 87,
        "Operating Income": -48,
        "EBIT": -40,
        "Net Income": -47
    },
    "2018-06-30": {
        "Diluted EPS": -2.2,
        "Total Revenue": 483,
        "Gross Profit": 92,
        "Operating Income": -67,
        "EBIT": -59,
        "Net Income": -65
    },
    "2018-03-31": {
        "Diluted EPS": -1.74,
        "Total Revenue": 445,
        "Gross Profit": 94,
        "Operating Income": -54,
        "EBIT": -47,
        "Net Income": -50
    },
    "2017-12-31": {
        "Diluted EPS": -3.73,
        "Total Revenue": 456,
        "Gross Profit": 86,
        "Operating Income": -23,
        "EBIT": -15,
        "Net Income": -93
    },
    "2017-09-30": {
        "Diluted EPS": -0.03,
        "Total Revenue": 424,
        "Gross Profit": 84,
        "Operating Income": -12,
        "EBIT": -4,
        "Net Income": -1
    },
    "2017-06-30": {
        "Diluted EPS": -0.29,
        "Total Revenue": 432,
        "Gross Profit": 84,
        "Operating Income": -10,
        "EBIT": -2,
        "Net Income": -7
    },
    "2017-03-31": {
        "Diluted EPS": -0.23,
        "Total Revenue": 432,
        "Gross Profit": 87,
        "Operating Income": -2,
        "EBIT": 6,
        "Net Income": -6
    },
    "2016-12-31": {
        "Diluted EPS": 0.12,
        "Total Revenue": 526,
        "Gross Profit": 98,
        "Operating Income": 0,
        "EBIT": 8,
        "Net Income": 3
    },
    "2016-09-30": {
        "Diluted EPS": -0.12,
        "Total Revenue": 442,
        "Gross Profit": 80,
        "Operating Income": -5,
        "EBIT": 3,
        "Net Income": -3
    },
    "2016-06-30": {
        "Diluted EPS": -0.04,
        "Total Revenue": 419,
        "Gross Profit": 76,
        "Operating Income": -6,
        "EBIT": 2,
        "Net Income": -1
    },
    "2016-03-31": {
        "Diluted EPS": 0.53,
        "Total Revenue": 414,
        "Gross Profit": 77,
        "Operating Income": 18,
        "EBIT": 25,
        "Net Income": 13
    },
    "2015-12-31": {
        "Diluted EPS": 0.0,
        "Total Revenue": 480,
        "Gross Profit": 83,
        "Operating Income": -3,
        "EBIT": 4,
        "Net Income": 0
    },
    "2015-09-30": {
        "Diluted EPS": -0.08,
        "Total Revenue": 391,
        "Gross Profit": 72,
        "Operating Income": -3,
        "EBIT": 3,
        "Net Income": -2
    },
    "2015-06-30": {
        "Diluted EPS": 0.07,
        "Total Revenue": 388,
        "Gross Profit": 74,
        "Operating Income": 2,
        "EBIT": 8,
        "Net Income": 2
    },
    "2015-03-31": {
        "Diluted EPS": 0.11,
        "Total Revenue": 398,
        "Gross Profit": 75,
        "Operating Income": 4,
        "EBIT": 9,
        "Net Income": 3
    },
    "2014-12-31": {
        "Diluted EPS": 0.05,
        "Total Revenue": 470,
        "Gross Profit": 85,
        "Operating Income": 2,
        "EBIT": 7,
        "Net Income": 1
    },
    "2014-09-30": {
        "Diluted EPS": 0.07,
        "Total Revenue": 353,
        "Gross Profit": 67,
        "Operating Income": 2,
        "EBIT": 7,
        "Net Income": 2
    },
    "2014-06-30": {
        "Diluted EPS": 0.08,
        "Total Revenue": 333,
        "Gross Profit": 63,
        "Operating Income": 2,
        "EBIT": 6,
        "Net Income": 2
    },
    "2014-03-31": {
        "Diluted EPS": 0.16,
        "Total Revenue": 341,
        "Gross Profit": 64,
        "Operating Income": 6,
        "EBIT": 10,
        "Net Income": 4
    },
    "2013-12-31": {
        "Diluted EPS": 2.86,
        "Total Revenue": 398,
        "Gross Profit": 72,
        "Operating Income": 2,
        "EBIT": 5,
        "Net Income": 69
    },
    "2013-09-30": {
        "Diluted EPS": 0.14,
        "Total Revenue": 301,
        "Gross Profit": 59,
        "Operating Income": 3,
        "EBIT": 7,
        "Net Income": 4
    },
    "2013-06-30": {
        "Diluted EPS": 0.15,
        "Total Revenue": 293,
        "Gross Profit": 58,
        "Operating Income": 4,
        "EBIT": 8,
        "Net Income": 4
    },
    "2013-03-31": {
        "Diluted EPS": 0.32,
        "Total Revenue": 312,
        "Gross Profit": 59,
        "Operating Income": 7,
        "EBIT": 11,
        "Net Income": 8
    },
    "2012-12-31": {
        "Diluted EPS": 0.37,
        "Total Revenue": 342,
        "Gross Profit": 61,
        "Operating Income": 8,
        "EBIT": 12,
        "Net Income": 9
    },
    "2012-09-30": {
        "Diluted EPS": 0.11,
        "Total Revenue": 255,
        "Gross Profit": 47,
        "Operating Income": 2,
        "EBIT": 6,
        "Net Income": 3
    },
    "2012-06-30": {
        "Diluted EPS": 0.02,
        "Total Revenue": 240,
        "Gross Profit": 43,
        "Operating Income": 0,
        "EBIT": 4,
        "Net Income": 0
    },
    "2012-03-31": {
        "Diluted EPS": 0.12,
        "Total Revenue": 262,
        "Gross Profit": 48,
        "Operating Income": 2,
        "EBIT": 7,
        "Net Income": 3
    },
    "2011-12-31": {
        "Diluted EPS": -0.15,
        "Total Revenue": 314,
        "Gross Profit": 51,
        "Operating Income": -2,
        "EBIT": 2,
        "Net Income": -3
    },
    "2011-09-30": {
        "Diluted EPS": -0.33,
        "Total Revenue": 240,
        "Gross Profit": 38,
        "Operating Income": -8,
        "EBIT": -4,
        "Net Income": -8
    },
    "2011-06-30": {
        "Diluted EPS": -0.34,
        "Total Revenue": 235,
        "Gross Profit": 40,
        "Operating Income": -7,
        "EBIT": -3,
        "Net Income": -8
    },
    "2011-03-31": {
        "Diluted EPS": -0.02,
        "Total Revenue": 265,
        "Gross Profit": 50,
        "Operating Income": 0,
        "EBIT": 4,
        "Net Income": 0
    },
    "2010-12-31": {
        "Diluted EPS": 0.64,
        "Total Revenue": 349,
        "Gross Profit": 59,
        "Operating Income": 15,
        "EBIT": 19,
        "Net Income": 15
    },
    "2010-09-30": {
        "Diluted EPS": -0.15,
        "Total Revenue": 245,
        "Gross Profit": 41,
        "Operating Income": -3,
        "EBIT": 1,
        "Net Income": -3
    },
    "2010-06-30": {
        "Diluted EPS": -0.06,
        "Total Revenue": 231,
        "Gross Profit": 42,
        "Operating Income": -1,
        "EBIT": 2,
        "Net Income": -1
    },
    "2010-03-31": {
        "Diluted EPS": 0.16,
        "Total Revenue": 264,
        "Gross Profit": 47,
        "Operating Income": 4,
        "EBIT": 7,
        "Net Income": 4
    },
    "2009-12-31": {
        "Diluted EPS": 0.55,
        "Total Revenue": 322,
        "Gross Profit": 55,
        "Operating Income": 13,
        "EBIT": 16,
        "Net Income": 13
    },
    "2009-09-30": {
        "Diluted EPS": -0.06,
        "Total Revenue": 194,
        "Gross Profit": 37,
        "Operating Income": -1,
        "EBIT": 2,
        "Net Income": -1
    },
    "2009-06-30": {
        "Diluted EPS": 0.01,
        "Total Revenue": 175,
        "Gross Profit": 36,
        "Operating Income": 0,
        "EBIT": 3,
        "Net Income": 0
    },
    "2009-03-31": {
        "Diluted EPS": -0.17,
        "Total Revenue": 186,
        "Gross Profit": 36,
        "Operating Income": -5,
        "EBIT": -1,
        "Net Income": -4
    },
    "2023-09-30": {
        "Tax Effect Of Unusual Items": 0.0,
        "Tax Rate For Calcs": 0.175399,
        "Normalized EBITDA": -36610000.0,
        "Net Income From Continuing Operation Net Minority Interest": -63049000.0,
        "Reconciled Depreciation": 4320000.0,
        "Reconciled Cost Of Revenue": 303353000.0,
        "EBITDA": -36610000.0,
        "EBIT": -40930000.0,
        "Net Interest Income": 3201000.0,
        "Interest Income": 3201000.0,
        "Normalized Income": -63049000.0,
        "Net Income From Continuing And Discontinued Operation": -63049000.0,
        "Total Expenses": 414243000.0,
        "Total Operating Income As Reported": -40930000.0,
        "Diluted Average Shares": 45225000.0,
        "Basic Average Shares": 45225000.0,
        "Diluted EPS": -1.39,
        "Basic EPS": -1.39,
        "Diluted NI Availto Com Stockholders": -63049000.0,
        "Net Income Common Stockholders": -63049000.0,
        "Otherunder Preferred Stock Dividend": NaN,
        "Preferred Stock Dividends": NaN,
        "Net Income": -63049000.0,
        "Minority Interests": NaN,
        "Net Income Including Noncontrolling Interests": -63049000.0,
        "Net Income Discontinuous Operations": NaN,
        "Net Income Continuous Operations": -63049000.0,
        "Tax Provision": -13411000.0,
        "Pretax Income": -76460000.0,
        "Other Income Expense": -38731000.0,
        "Other Non Operating Income Expenses": -38731000.0,
        "Net Non Operating Interest Income Expense": 3201000.0,
        "Total Other Finance Cost": NaN,
        "Interest Income Non Operating": 3201000.0,
        "Operating Income": -40930000.0,
        "Operating Expense": 110890000.0,
        "Research And Development": 29240000.0,
        "Selling General And Administration": 81650000.0,
        "Selling And Marketing Expense": 57541000.0,
        "General And Administrative Expense": 24109000.0,
        "Other Gand A": 24109000.0,
        "Gross Profit": 69960000.0,
        "Cost Of Revenue": 303353000.0,
        "Total Revenue": 373313000.0,
        "Operating Revenue": 373313000.0
    }
}