{
    "2023-03-31": {
        "Tax Effect Of Unusual Items": -227010.0,
        "Tax Rate For Calcs": 0.21,
        "Normalized EBITDA": 30179000.0,
        "Total Unusual Items": -1081000.0,
        "Total Unusual Items Excluding Goodwill": -1081000.0,
        "Net Income From Continuing Operation Net Minority Interest": 27219000.0,
        "Reconciled Depreciation": 3696000.0,
        "Reconciled Cost Of Revenue": 89148000.0,
        "EBITDA": 29098000.0,
        "EBIT": 25402000.0,
        "Normalized Income": 28072990.0,
        "Net Income From Continuing And Discontinued Operation": 27219000.0,
        "Total Expenses": 129561000.0,
        "Total Operating Income As Reported": 24321000.0,
        "Diluted Average Shares": 73966000.0,
        "Basic Average Shares": 73112000.0,
        "Diluted EPS": 0.37,
        "Basic EPS": 0.37,
        "Diluted NI Availto Com Stockholders": 27219000.0,
        "Net Income Common Stockholders": 27219000.0,
        "Net Income": 27219000.0,
        "Net Income Including Noncontrolling Interests": 27219000.0,
        "Net Income Continuous Operations": 27219000.0,
        "Tax Provision": -225000.0,
        "Pretax Income": 26994000.0,
        "Other Income Expense": 1592000.0,
        "Other Non Operating Income Expenses": 2673000.0,
        "Special Income Charges": -1081000.0,
        "Impairment Of Capital Assets": 1105000.0,
        "Restructuring And Mergern Acquisition": -24000.0,
        "Operating Income": 25402000.0,
        "Operating Expense": 40413000.0,
        "Research And Development": 10560000.0,
        "Selling General And Administration": 29853000.0,
        "Selling And Marketing Expense": 12142000.0,
        "General And Administrative Expense": 17711000.0,
        "Other Gand A": 17711000.0,
        "Gross Profit": 65815000.0,
        "Cost Of Revenue": 89148000.0,
        "Total Revenue": 154963000.0,
        "Operating Revenue": 152914000.0
    },
    "2022-12-31": {
        "Tax Effect Of Unusual Items": 31920.0,
        "Tax Rate For Calcs": 0.21,
        "Normalized EBITDA": 16865000.0,
        "Total Unusual Items": 152000.0,
        "Total Unusual Items Excluding Goodwill": 152000.0,
        "Net Income From Continuing Operation Net Minority Interest": 15562000.0,
        "Reconciled Depreciation": 3734000.0,
        "Reconciled Cost Of Revenue": 73489000.0,
        "EBITDA": 17017000.0,
        "EBIT": 13283000.0,
        "Normalized Income": 15441920.0,
        "Net Income From Continuing And Discontinued Operation": 15562000.0,
        "Total Expenses": 109795000.0,
        "Total Operating Income As Reported": 13435000.0,
        "Diluted Average Shares": 73248000.0,
        "Basic Average Shares": 72734000.0,
        "Diluted EPS": 0.21,
        "Basic EPS": 0.21,
        "Diluted NI Availto Com Stockholders": 15562000.0,
        "Net Income Common Stockholders": 15562000.0,
        "Net Income": 15562000.0,
        "Net Income Including Noncontrolling Interests": 15562000.0,
        "Net Income Continuous Operations": 15562000.0,
        "Tax Provision": -166000.0,
        "Pretax Income": 15396000.0,
        "Other Income Expense": 2113000.0,
        "Other Non Operating Income Expenses": 1961000.0,
        "Special Income Charges": 152000.0,
        "Impairment Of Capital Assets": 0.0,
        "Restructuring And Mergern Acquisition": -152000.0,
        "Operating Income": 13283000.0,
        "Operating Expense": 36306000.0,
        "Research And Development": 8999000.0,
        "Selling General And Administration": 27307000.0,
        "Selling And Marketing Expense": 11363000.0,
        "General And Administrative Expense": 15944000.0,
        "Other Gand A": 15944000.0,
        "Gross Profit": 49589000.0,
        "Cost Of Revenue": 73489000.0,
        "Total Revenue": 123078000.0,
        "Operating Revenue": 120823000.0
    },
    "2022-09-30": {
        "Tax Effect Of Unusual Items": -2623600.0,
        "Tax Rate For Calcs": 0.4,
        "Normalized EBITDA": 18018000.0,
        "Total Unusual Items": -6559000.0,
        "Total Unusual Items Excluding Goodwill": -6559000.0,
        "Net Income From Continuing Operation Net Minority Interest": 5273000.0,
        "Reconciled Depreciation": 4025000.0,
        "Reconciled Cost Of Revenue": 70271000.0,
        "EBITDA": 11459000.0,
        "EBIT": 7434000.0,
        "Normalized Income": 9208400.0,
        "Net Income From Continuing And Discontinued Operation": 5273000.0,
        "Total Expenses": 109029000.0,
        "Total Operating Income As Reported": 875000.0,
        "Diluted Average Shares": 72785000.0,
        "Basic Average Shares": 72616000.0,
        "Diluted EPS": 0.07,
        "Basic EPS": 0.07,
        "Diluted NI Availto Com Stockholders": 5273000.0,
        "Net Income Common Stockholders": 5273000.0,
        "Net Income": 5273000.0,
        "Net Income Including Noncontrolling Interests": 5273000.0,
        "Net Income Continuous Operations": 5273000.0,
        "Tax Provision": -1143000.0,
        "Pretax Income": 4130000.0,
        "Other Income Expense": -3304000.0,
        "Other Non Operating Income Expenses": 3255000.0,
        "Special Income Charges": -6559000.0,
        "Impairment Of Capital Assets": 6559000.0,
        "Restructuring And Mergern Acquisition": 0.0,
        "Operating Income": 7434000.0,
        "Operating Expense": 38758000.0,
        "Research And Development": 9757000.0,
        "Selling General And Administration": 29001000.0,
        "Selling And Marketing Expense": 13474000.0,
        "General And Administrative Expense": 15527000.0,
        "Other Gand A": 15527000.0,
        "Gross Profit": 46192000.0,
        "Cost Of Revenue": 70271000.0,
        "Total Revenue": 116463000.0,
        "Operating Revenue": 112821000.0
    },
    "2022-06-30": {
        "Tax Effect Of Unusual Items": -617074.658254,
        "Tax Rate For Calcs": 0.058535,
        "Normalized EBITDA": 3810000.0,
        "Total Unusual Items": -10542000.0,
        "Total Unusual Items Excluding Goodwill": -10542000.0,
        "Net Income From Continuing Operation Net Minority Interest": -18802000.0,
        "Reconciled Depreciation": 4015000.0,
        "Reconciled Cost Of Revenue": 52647000.0,
        "EBITDA": -6732000.0,
        "EBIT": -10747000.0,
        "Normalized Income": -8877074.658254,
        "Net Income From Continuing And Discontinued Operation": -18802000.0,
        "Total Expenses": 90978000.0,
        "Total Operating Income As Reported": -21289000.0,
        "Diluted Average Shares": 72496000.0,
        "Basic Average Shares": 72496000.0,
        "Diluted EPS": -0.26,
        "Basic EPS": -0.26,
        "Diluted NI Availto Com Stockholders": -18802000.0,
        "Net Income Common Stockholders": -18802000.0,
        "Net Income": -18802000.0,
        "Net Income Including Noncontrolling Interests": -18802000.0,
        "Net Income Continuous Operations": -18802000.0,
        "Tax Provision": -1169000.0,
        "Pretax Income": -19971000.0,
        "Other Income Expense": -9224000.0,
        "Other Non Operating Income Expenses": 1318000.0,
        "Special Income Charges": -10542000.0,
        "Impairment Of Capital Assets": 10542000.0,
        "Restructuring And Mergern Acquisition": 0.0,
        "Operating Income": -10747000.0,
        "Operating Expense": 38331000.0,
        "Research And Development": 9068000.0,
        "Selling General And Administration": 29263000.0,
        "Selling And Marketing Expense": 11684000.0,
        "General And Administrative Expense": 17579000.0,
        "Other Gand A": 17579000.0,
        "Gross Profit": 27584000.0,
        "Cost Of Revenue": 52647000.0,
        "Total Revenue": 80231000.0,
        "Operating Revenue": 79167000.0
    },
    "2022-03-31": {
        "Diluted EPS": -0.28,
        "Total Revenue": 68,
        "Gross Profit": 24,
        "Operating Income": -16,
        "EBIT": -12,
        "Net Income": -20
    },
    "2021-12-31": {
        "Diluted EPS": -0.14,
        "Total Revenue": 64,
        "Gross Profit": 27,
        "Operating Income": -9,
        "EBIT": -6,
        "Net Income": -10
    },
    "2021-09-30": {
        "Diluted EPS": -0.21,
        "Total Revenue": 54,
        "Gross Profit": 21,
        "Operating Income": -13,
        "EBIT": -10,
        "Net Income": -15
    },
    "2021-06-30": {
        "Diluted EPS": -0.02,
        "Total Revenue": 58,
        "Gross Profit": 31,
        "Operating Income": 2,
        "EBIT": 4,
        "Net Income": -1
    },
    "2021-03-31": {
        "Diluted EPS": 0.05,
        "Total Revenue": 59,
        "Gross Profit": 38,
        "Operating Income": 10,
        "EBIT": 13,
        "Net Income": 4
    },
    "2020-12-31": {
        "Diluted EPS": 0.49,
        "Total Revenue": 63,
        "Gross Profit": 38,
        "Operating Income": 8,
        "EBIT": 10,
        "Net Income": 2
    },
    "2020-09-30": {
        "Diluted EPS": 0.01,
        "Total Revenue": 48,
        "Gross Profit": 30,
        "Operating Income": 4,
        "EBIT": 7,
        "Net Income": 1
    },
    "2020-06-30": {
        "Diluted EPS": -0.16,
        "Total Revenue": 29,
        "Gross Profit": 17,
        "Operating Income": -9,
        "EBIT": -7,
        "Net Income": -10
    },
    "2020-03-31": {
        "Diluted EPS": -0.12,
        "Total Revenue": 32,
        "Gross Profit": 16,
        "Operating Income": -8,
        "EBIT": -6,
        "Net Income": -7
    },
    "2019-12-31": {
        "Diluted EPS": 0.04,
        "Total Revenue": 50,
        "Gross Profit": 30,
        "Operating Income": 4,
        "EBIT": 6,
        "Net Income": 2
    },
    "2019-09-30": {
        "Diluted EPS": 0.21,
        "Total Revenue": 36,
        "Gross Profit": 22,
        "Operating Income": 13,
        "EBIT": 15,
        "Net Income": 13
    },
    "2019-06-30": {
        "Diluted EPS": 0.07,
        "Total Revenue": 39,
        "Gross Profit": 25,
        "Operating Income": 5,
        "EBIT": 7,
        "Net Income": 4
    },
    "2019-03-31": {
        "Diluted EPS": -0.05,
        "Total Revenue": 30,
        "Gross Profit": 18,
        "Operating Income": -4,
        "EBIT": -2,
        "Net Income": -3
    },
    "2018-12-31": {
        "Diluted EPS": 0.16,
        "Total Revenue": 50,
        "Gross Profit": 35,
        "Operating Income": 13,
        "EBIT": 13,
        "Net Income": 10
    },
    "2018-09-30": {
        "Diluted EPS": 0.13,
        "Total Revenue": 46,
        "Gross Profit": 29,
        "Operating Income": 11,
        "EBIT": 13,
        "Net Income": 8
    },
    "2018-06-30": {
        "Diluted EPS": 0.07,
        "Total Revenue": 44,
        "Gross Profit": 26,
        "Operating Income": 6,
        "EBIT": 7,
        "Net Income": 4
    },
    "2018-03-31": {
        "Diluted EPS": -0.03,
        "Total Revenue": 42,
        "Gross Profit": 24,
        "Operating Income": 0,
        "EBIT": 1,
        "Net Income": -2
    },
    "2017-12-31": {
        "Diluted EPS": 0.12,
        "Total Revenue": 52,
        "Gross Profit": 29,
        "Operating Income": 10,
        "EBIT": 12,
        "Net Income": 7
    },
    "2017-09-30": {
        "Diluted EPS": 0.09,
        "Total Revenue": 42,
        "Gross Profit": 25,
        "Operating Income": 7,
        "EBIT": 9,
        "Net Income": 6
    },
    "2017-06-30": {
        "Diluted EPS": 0.09,
        "Total Revenue": 40,
        "Gross Profit": 25,
        "Operating Income": 7,
        "EBIT": 8,
        "Net Income": 5
    },
    "2017-03-31": {
        "Diluted EPS": 0.21,
        "Total Revenue": 33,
        "Gross Profit": 20,
        "Operating Income": 16,
        "EBIT": 17,
        "Net Income": 12
    },
    "2016-12-31": {
        "Diluted EPS": 0.13,
        "Total Revenue": 35,
        "Gross Profit": 24,
        "Operating Income": 7,
        "EBIT": 9,
        "Net Income": 7
    },
    "2016-09-30": {
        "Diluted EPS": 0.11,
        "Total Revenue": 32,
        "Gross Profit": 23,
        "Operating Income": 6,
        "EBIT": 8,
        "Net Income": 6
    },
    "2016-06-30": {
        "Diluted EPS": 0.07,
        "Total Revenue": 31,
        "Gross Profit": 21,
        "Operating Income": 4,
        "EBIT": 6,
        "Net Income": 4
    },
    "2016-03-31": {
        "Diluted EPS": 0.04,
        "Total Revenue": 29,
        "Gross Profit": 20,
        "Operating Income": 3,
        "EBIT": 4,
        "Net Income": 2
    },
    "2015-12-31": {
        "Diluted EPS": 0.08,
        "Total Revenue": 32,
        "Gross Profit": 22,
        "Operating Income": 4,
        "EBIT": 6,
        "Net Income": 5
    },
    "2015-09-30": {
        "Diluted EPS": 0.03,
        "Total Revenue": 30,
        "Gross Profit": 21,
        "Operating Income": 2,
        "EBIT": 3,
        "Net Income": 1
    },
    "2015-06-30": {
        "Diluted EPS": 0.03,
        "Total Revenue": 30,
        "Gross Profit": 21,
        "Operating Income": 3,
        "EBIT": 4,
        "Net Income": 2
    },
    "2015-03-31": {
        "Diluted EPS": 0.0,
        "Total Revenue": 27,
        "Gross Profit": 17,
        "Operating Income": 0,
        "EBIT": 1,
        "Net Income": 0
    },
    "2014-12-31": {
        "Diluted EPS": -0.04,
        "Total Revenue": 29,
        "Gross Profit": 18,
        "Operating Income": -3,
        "EBIT": -1,
        "Net Income": -3
    },
    "2014-09-30": {
        "Diluted EPS": 0.02,
        "Total Revenue": 28,
        "Gross Profit": 19,
        "Operating Income": 1,
        "EBIT": 3,
        "Net Income": 1
    },
    "2014-06-30": {
        "Diluted EPS": 0.04,
        "Total Revenue": 26,
        "Gross Profit": 16,
        "Operating Income": 2,
        "EBIT": 4,
        "Net Income": 3
    },
    "2014-03-31": {
        "Diluted EPS": -0.1,
        "Total Revenue": 24,
        "Gross Profit": 14,
        "Operating Income": -6,
        "EBIT": -4,
        "Net Income": -6
    },
    "2013-12-31": {
        "Diluted EPS": 0.11,
        "Total Revenue": 29,
        "Gross Profit": 17,
        "Operating Income": 6,
        "EBIT": 8,
        "Net Income": 6
    },
    "2013-09-30": {
        "Diluted EPS": -0.03,
        "Total Revenue": 25,
        "Gross Profit": 15,
        "Operating Income": -2,
        "EBIT": 0,
        "Net Income": -2
    },
    "2013-06-30": {
        "Diluted EPS": -0.1,
        "Total Revenue": 24,
        "Gross Profit": 14,
        "Operating Income": -6,
        "EBIT": -4,
        "Net Income": -5
    },
    "2013-03-31": {
        "Diluted EPS": -0.18,
        "Total Revenue": 21,
        "Gross Profit": 12,
        "Operating Income": -11,
        "EBIT": -9,
        "Net Income": -10
    },
    "2012-12-31": {
        "Diluted EPS": -0.11,
        "Total Revenue": 22,
        "Gross Profit": 13,
        "Operating Income": -6,
        "EBIT": -4,
        "Net Income": -6
    },
    "2012-09-30": {
        "Diluted EPS": -0.04,
        "Total Revenue": 22,
        "Gross Profit": 14,
        "Operating Income": -3,
        "EBIT": -1,
        "Net Income": -2
    },
    "2012-06-30": {
        "Diluted EPS": -0.07,
        "Total Revenue": 23,
        "Gross Profit": 15,
        "Operating Income": -4,
        "EBIT": -2,
        "Net Income": -4
    },
    "2012-03-31": {
        "Diluted EPS": -0.07,
        "Total Revenue": 21,
        "Gross Profit": 14,
        "Operating Income": -4,
        "EBIT": -2,
        "Net Income": -3
    },
    "2011-12-31": {
        "Diluted EPS": 0.0,
        "Total Revenue": 24,
        "Gross Profit": 15,
        "Operating Income": 0,
        "EBIT": 2,
        "Net Income": 0
    },
    "2011-09-30": {
        "Diluted EPS": -0.08,
        "Total Revenue": 22,
        "Gross Profit": 14,
        "Operating Income": -4,
        "EBIT": -3,
        "Net Income": -4
    },
    "2011-06-30": {
        "Diluted EPS": -0.05,
        "Total Revenue": 19,
        "Gross Profit": 12,
        "Operating Income": -2,
        "EBIT": -2,
        "Net Income": -2
    },
    "2011-03-31": {
        "Diluted EPS": -0.06,
        "Total Revenue": 17,
        "Gross Profit": 11,
        "Operating Income": -3,
        "EBIT": -2,
        "Net Income": -3
    },
    "2010-12-31": {
        "Diluted EPS": -0.03,
        "Total Revenue": 19,
        "Gross Profit": 12,
        "Operating Income": -1,
        "EBIT": 0,
        "Net Income": -1
    },
    "2010-09-30": {
        "Diluted EPS": 0.01,
        "Total Revenue": 19,
        "Gross Profit": 12,
        "Operating Income": 0,
        "EBIT": 1,
        "Net Income": 0
    },
    "2010-06-30": {
        "Diluted EPS": -0.01,
        "Total Revenue": 19,
        "Gross Profit": 12,
        "Operating Income": -1,
        "EBIT": 0,
        "Net Income": -1
    },
    "2010-03-31": {
        "Diluted EPS": -0.05,
        "Total Revenue": 18,
        "Gross Profit": 11,
        "Operating Income": -2,
        "EBIT": -2,
        "Net Income": -2
    },
    "2009-12-31": {
        "Diluted EPS": -0.06,
        "Total Revenue": 21,
        "Gross Profit": 12,
        "Operating Income": -3,
        "EBIT": -3,
        "Net Income": -3
    },
    "2009-09-30": {
        "Diluted EPS": 0.04,
        "Total Revenue": 22,
        "Gross Profit": 14,
        "Operating Income": 2,
        "EBIT": 2,
        "Net Income": 2
    },
    "2009-06-30": {
        "Diluted EPS": -0.11,
        "Total Revenue": 17,
        "Gross Profit": 10,
        "Operating Income": -5,
        "EBIT": -4,
        "Net Income": -5
    },
    "2009-03-31": {
        "Diluted EPS": -0.04,
        "Total Revenue": 17,
        "Gross Profit": 11,
        "Operating Income": -2,
        "EBIT": -1,
        "Net Income": -2
    },
    "2023-06-30": {
        "Tax Effect Of Unusual Items": NaN,
        "Tax Rate For Calcs": NaN,
        "Normalized EBITDA": NaN,
        "Total Unusual Items": NaN,
        "Total Unusual Items Excluding Goodwill": NaN,
        "Net Income From Continuing Operation Net Minority Interest": NaN,
        "Reconciled Depreciation": NaN,
        "Reconciled Cost Of Revenue": NaN,
        "EBITDA": NaN,
        "EBIT": NaN,
        "Normalized Income": NaN,
        "Net Income From Continuing And Discontinued Operation": NaN,
        "Total Expenses": NaN,
        "Total Operating Income As Reported": NaN,
        "Diluted Average Shares": NaN,
        "Basic Average Shares": NaN,
        "Diluted EPS": NaN,
        "Basic EPS": NaN,
        "Diluted NI Availto Com Stockholders": NaN,
        "Net Income Common Stockholders": NaN,
        "Net Income": NaN,
        "Net Income Including Noncontrolling Interests": NaN,
        "Net Income Continuous Operations": NaN,
        "Earnings From Equity Interest Net Of Tax": 0.0,
        "Tax Provision": NaN,
        "Pretax Income": NaN,
        "Other Income Expense": NaN,
        "Other Non Operating Income Expenses": NaN,
        "Special Income Charges": NaN,
        "Impairment Of Capital Assets": NaN,
        "Restructuring And Mergern Acquisition": NaN,
        "Operating Income": NaN,
        "Operating Expense": NaN,
        "Research And Development": NaN,
        "Selling General And Administration": NaN,
        "Selling And Marketing Expense": NaN,
        "General And Administrative Expense": NaN,
        "Other Gand A": NaN,
        "Gross Profit": NaN,
        "Cost Of Revenue": NaN,
        "Total Revenue": NaN,
        "Operating Revenue": NaN
    },
    "2023-09-30": {
        "Tax Effect Of Unusual Items": NaN,
        "Tax Rate For Calcs": NaN,
        "Normalized EBITDA": NaN,
        "Total Unusual Items": NaN,
        "Total Unusual Items Excluding Goodwill": NaN,
        "Net Income From Continuing Operation Net Minority Interest": NaN,
        "Reconciled Depreciation": NaN,
        "Reconciled Cost Of Revenue": NaN,
        "EBITDA": NaN,
        "EBIT": NaN,
        "Normalized Income": NaN,
        "Net Income From Continuing And Discontinued Operation": NaN,
        "Total Expenses": NaN,
        "Total Operating Income As Reported": NaN,
        "Diluted Average Shares": 74349000.0,
        "Basic Average Shares": 73453000.0,
        "Diluted EPS": 0.15,
        "Basic EPS": 0.15,
        "Diluted NI Availto Com Stockholders": NaN,
        "Net Income Common Stockholders": NaN,
        "Net Income": NaN,
        "Net Income Including Noncontrolling Interests": NaN,
        "Net Income Continuous Operations": NaN,
        "Earnings From Equity Interest Net Of Tax": 0.0,
        "Tax Provision": NaN,
        "Pretax Income": NaN,
        "Other Income Expense": NaN,
        "Other Non Operating Income Expenses": NaN,
        "Special Income Charges": NaN,
        "Impairment Of Capital Assets": NaN,
        "Restructuring And Mergern Acquisition": NaN,
        "Operating Income": NaN,
        "Operating Expense": NaN,
        "Research And Development": NaN,
        "Selling General And Administration": NaN,
        "Selling And Marketing Expense": NaN,
        "General And Administrative Expense": NaN,
        "Other Gand A": NaN,
        "Gross Profit": NaN,
        "Cost Of Revenue": NaN,
        "Total Revenue": NaN,
        "Operating Revenue": NaN
    },
    "2023-12-31": {
        "Tax Effect Of Unusual Items": -103857.239382,
        "Tax Rate For Calcs": 0.031226,
        "Normalized EBITDA": 14114000.0,
        "Total Unusual Items": -3326000.0,
        "Total Unusual Items Excluding Goodwill": -3326000.0,
        "Net Income From Continuing Operation Net Minority Interest": 20073000.0,
        "Reconciled Depreciation": 3564000.0,
        "Reconciled Cost Of Revenue": 40755000.0,
        "EBITDA": 10788000.0,
        "EBIT": 7224000.0,
        "Normalized Income": 23295142.760618,
        "Net Income From Continuing And Discontinued Operation": 20073000.0,
        "Total Expenses": 68657000.0,
        "Total Operating Income As Reported": 3898000.0,
        "Diluted Average Shares": 75013000.0,
        "Basic Average Shares": 73499000.0,
        "Diluted EPS": 0.27,
        "Basic EPS": 0.27,
        "Diluted NI Availto Com Stockholders": 20073000.0,
        "Net Income Common Stockholders": 20073000.0,
        "Net Income": 20073000.0,
        "Net Income Including Noncontrolling Interests": 20073000.0,
        "Net Income Continuous Operations": 20073000.0,
        "Earnings From Equity Interest Net Of Tax": NaN,
        "Tax Provision": 647000.0,
        "Pretax Income": 20720000.0,
        "Other Income Expense": 13496000.0,
        "Other Non Operating Income Expenses": 16822000.0,
        "Special Income Charges": -3326000.0,
        "Impairment Of Capital Assets": 3326000.0,
        "Restructuring And Mergern Acquisition": 0.0,
        "Operating Income": 7224000.0,
        "Operating Expense": 27902000.0,
        "Research And Development": 6991000.0,
        "Selling General And Administration": 20911000.0,
        "Selling And Marketing Expense": 6906000.0,
        "General And Administrative Expense": 14005000.0,
        "Other Gand A": 14005000.0,
        "Gross Profit": 35126000.0,
        "Cost Of Revenue": 40755000.0,
        "Total Revenue": 75881000.0,
        "Operating Revenue": 75556000.0
    },
    "2024-03-31": {
        "Tax Effect Of Unusual Items": NaN,
        "Tax Rate For Calcs": NaN,
        "Normalized EBITDA": NaN,
        "Total Unusual Items": NaN,
        "Total Unusual Items Excluding Goodwill": NaN,
        "Net Income From Continuing Operation Net Minority Interest": NaN,
        "Reconciled Depreciation": NaN,
        "Reconciled Cost Of Revenue": NaN,
        "EBITDA": NaN,
        "EBIT": NaN,
        "Normalized Income": NaN,
        "Net Income From Continuing And Discontinued Operation": NaN,
        "Total Expenses": NaN,
        "Total Operating Income As Reported": NaN,
        "Diluted Average Shares": NaN,
        "Basic Average Shares": NaN,
        "Diluted EPS": NaN,
        "Basic EPS": NaN,
        "Diluted NI Availto Com Stockholders": NaN,
        "Net Income Common Stockholders": NaN,
        "Net Income": NaN,
        "Net Income Including Noncontrolling Interests": NaN,
        "Net Income Continuous Operations": NaN,
        "Earnings From Equity Interest Net Of Tax": NaN,
        "Tax Provision": NaN,
        "Pretax Income": NaN,
        "Other Income Expense": NaN,
        "Other Non Operating Income Expenses": NaN,
        "Special Income Charges": NaN,
        "Gain On Sale Of Ppe": 0.0,
        "Impairment Of Capital Assets": NaN,
        "Restructuring And Mergern Acquisition": NaN,
        "Operating Income": NaN,
        "Operating Expense": NaN,
        "Depreciation Amortization Depletion Income Statement": NaN,
        "Depreciation And Amortization In Income Statement": NaN,
        "Research And Development": NaN,
        "Selling General And Administration": NaN,
        "Selling And Marketing Expense": NaN,
        "General And Administrative Expense": NaN,
        "Other Gand A": NaN,
        "Gross Profit": NaN,
        "Cost Of Revenue": NaN,
        "Total Revenue": NaN,
        "Operating Revenue": NaN
    },
    "2024-06-30": {
        "Tax Effect Of Unusual Items": NaN,
        "Tax Rate For Calcs": NaN,
        "Normalized EBITDA": NaN,
        "Total Unusual Items": NaN,
        "Total Unusual Items Excluding Goodwill": NaN,
        "Net Income From Continuing Operation Net Minority Interest": NaN,
        "Reconciled Depreciation": NaN,
        "Reconciled Cost Of Revenue": NaN,
        "EBITDA": NaN,
        "EBIT": NaN,
        "Normalized Income": NaN,
        "Net Income From Continuing And Discontinued Operation": NaN,
        "Total Expenses": NaN,
        "Total Operating Income As Reported": NaN,
        "Diluted Average Shares": NaN,
        "Basic Average Shares": NaN,
        "Diluted EPS": NaN,
        "Basic EPS": NaN,
        "Diluted NI Availto Com Stockholders": NaN,
        "Net Income Common Stockholders": NaN,
        "Net Income": NaN,
        "Net Income Including Noncontrolling Interests": NaN,
        "Net Income Continuous Operations": NaN,
        "Earnings From Equity Interest Net Of Tax": NaN,
        "Tax Provision": NaN,
        "Pretax Income": NaN,
        "Other Income Expense": NaN,
        "Other Non Operating Income Expenses": NaN,
        "Special Income Charges": NaN,
        "Gain On Sale Of Ppe": 0.0,
        "Impairment Of Capital Assets": NaN,
        "Restructuring And Mergern Acquisition": NaN,
        "Operating Income": NaN,
        "Operating Expense": NaN,
        "Depreciation Amortization Depletion Income Statement": NaN,
        "Depreciation And Amortization In Income Statement": NaN,
        "Research And Development": NaN,
        "Selling General And Administration": NaN,
        "Selling And Marketing Expense": NaN,
        "General And Administrative Expense": NaN,
        "Other Gand A": NaN,
        "Gross Profit": NaN,
        "Cost Of Revenue": NaN,
        "Total Revenue": NaN,
        "Operating Revenue": NaN
    },
    "2024-09-30": {
        "Tax Effect Of Unusual Items": 0.0,
        "Tax Rate For Calcs": 0.21,
        "Normalized EBITDA": -3431000.0,
        "Total Unusual Items": 0.0,
        "Total Unusual Items Excluding Goodwill": 0.0,
        "Net Income From Continuing Operation Net Minority Interest": -4507000.0,
        "Reconciled Depreciation": 2568000.0,
        "Reconciled Cost Of Revenue": 22845000.0,
        "EBITDA": -3431000.0,
        "EBIT": -5999000.0,
        "Normalized Income": -4507000.0,
        "Net Income From Continuing And Discontinued Operation": -4507000.0,
        "Total Expenses": 45914000.0,
        "Total Operating Income As Reported": -5999000.0,
        "Diluted Average Shares": 74583000.0,
        "Basic Average Shares": 74583000.0,
        "Diluted EPS": -0.06,
        "Basic EPS": -0.06,
        "Diluted NI Availto Com Stockholders": -4507000.0,
        "Net Income Common Stockholders": -4507000.0,
        "Net Income": -4507000.0,
        "Net Income Including Noncontrolling Interests": -4507000.0,
        "Net Income Continuous Operations": -4507000.0,
        "Earnings From Equity Interest Net Of Tax": -611000.0,
        "Tax Provision": 678000.0,
        "Pretax Income": -3218000.0,
        "Other Income Expense": 2781000.0,
        "Other Non Operating Income Expenses": 2781000.0,
        "Special Income Charges": 0.0,
        "Gain On Sale Of Ppe": NaN,
        "Impairment Of Capital Assets": 0.0,
        "Restructuring And Mergern Acquisition": 0.0,
        "Operating Income": -5999000.0,
        "Operating Expense": 23069000.0,
        "Depreciation Amortization Depletion Income Statement": NaN,
        "Depreciation And Amortization In Income Statement": NaN,
        "Research And Development": 5623000.0,
        "Selling General And Administration": 17446000.0,
        "Selling And Marketing Expense": 7615000.0,
        "General And Administrative Expense": 9831000.0,
        "Other Gand A": 9831000.0,
        "Gross Profit": 17070000.0,
        "Cost Of Revenue": 22845000.0,
        "Total Revenue": 39915000.0,
        "Operating Revenue": 39651000.0
    },
    "2024-12-31": {
        "Tax Effect Of Unusual Items": 0.0,
        "Tax Rate For Calcs": 0.21,
        "Normalized EBITDA": -9921000.0,
        "Total Unusual Items": 0.0,
        "Total Unusual Items Excluding Goodwill": 0.0,
        "Net Income From Continuing Operation Net Minority Interest": -10794000.0,
        "Reconciled Depreciation": 2497000.0,
        "Reconciled Cost Of Revenue": 23879000.0,
        "EBITDA": -9921000.0,
        "EBIT": -12418000.0,
        "Normalized Income": -10794000.0,
        "Net Income From Continuing And Discontinued Operation": -10794000.0,
        "Total Expenses": 49863000.0,
        "Total Operating Income As Reported": -12418000.0,
        "Diluted Average Shares": 74597000.0,
        "Basic Average Shares": 74597000.0,
        "Diluted EPS": -0.14,
        "Basic EPS": -0.14,
        "Diluted NI Availto Com Stockholders": -10794000.0,
        "Net Income Common Stockholders": -10794000.0,
        "Net Income": -10794000.0,
        "Net Income Including Noncontrolling Interests": -10794000.0,
        "Net Income Continuous Operations": -10794000.0,
        "Earnings From Equity Interest Net Of Tax": -529000.0,
        "Tax Provision": 758000.0,
        "Pretax Income": -9507000.0,
        "Other Income Expense": 2911000.0,
        "Other Non Operating Income Expenses": 2911000.0,
        "Special Income Charges": 0.0,
        "Gain On Sale Of Ppe": NaN,
        "Impairment Of Capital Assets": 0.0,
        "Restructuring And Mergern Acquisition": 0.0,
        "Operating Income": -12418000.0,
        "Operating Expense": 25984000.0,
        "Depreciation Amortization Depletion Income Statement": NaN,
        "Depreciation And Amortization In Income Statement": NaN,
        "Research And Development": 6087000.0,
        "Selling General And Administration": 19897000.0,
        "Selling And Marketing Expense": 6992000.0,
        "General And Administrative Expense": 12905000.0,
        "Other Gand A": 12905000.0,
        "Gross Profit": 13566000.0,
        "Cost Of Revenue": 23879000.0,
        "Total Revenue": 37445000.0,
        "Operating Revenue": 37232000.0
    },
    "2025-03-31": {
        "Tax Effect Of Unusual Items": 14703.230654,
        "Tax Rate For Calcs": 0.02855,
        "Normalized EBITDA": -16009000.0,
        "Total Unusual Items": 515000.0,
        "Total Unusual Items Excluding Goodwill": 515000.0,
        "Net Income From Continuing Operation Net Minority Interest": -16040000.0,
        "Reconciled Depreciation": 2771000.0,
        "Reconciled Cost Of Revenue": 17632000.0,
        "EBITDA": -15494000.0,
        "EBIT": -18265000.0,
        "Normalized Income": -16540296.769346,
        "Net Income From Continuing And Discontinued Operation": -16040000.0,
        "Total Expenses": 48196000.0,
        "Total Operating Income As Reported": -17750000.0,
        "Diluted Average Shares": 74867000.0,
        "Basic Average Shares": 74867000.0,
        "Diluted EPS": -0.21,
        "Basic EPS": -0.21,
        "Diluted NI Availto Com Stockholders": -16040000.0,
        "Net Income Common Stockholders": -16040000.0,
        "Net Income": -16040000.0,
        "Net Income Including Noncontrolling Interests": -16040000.0,
        "Net Income Continuous Operations": -16040000.0,
        "Earnings From Equity Interest Net Of Tax": -524000.0,
        "Tax Provision": -456000.0,
        "Pretax Income": -15972000.0,
        "Other Income Expense": 2293000.0,
        "Other Non Operating Income Expenses": 1778000.0,
        "Special Income Charges": 515000.0,
        "Gain On Sale Of Ppe": 993000.0,
        "Impairment Of Capital Assets": 0.0,
        "Restructuring And Mergern Acquisition": 478000.0,
        "Operating Income": -18265000.0,
        "Operating Expense": 30564000.0,
        "Depreciation Amortization Depletion Income Statement": NaN,
        "Depreciation And Amortization In Income Statement": NaN,
        "Research And Development": 9603000.0,
        "Selling General And Administration": 20961000.0,
        "Selling And Marketing Expense": 6859000.0,
        "General And Administrative Expense": 14102000.0,
        "Other Gand A": 14102000.0,
        "Gross Profit": 12299000.0,
        "Cost Of Revenue": 17632000.0,
        "Total Revenue": 29931000.0,
        "Operating Revenue": 28997000.0
    },
    "2025-06-30": {
        "Tax Effect Of Unusual Items": -153930.0,
        "Tax Rate For Calcs": 0.21,
        "Normalized EBITDA": -14144000.0,
        "Total Unusual Items": -733000.0,
        "Total Unusual Items Excluding Goodwill": -733000.0,
        "Net Income From Continuing Operation Net Minority Interest": -19693000.0,
        "Reconciled Depreciation": 2416000.0,
        "Reconciled Cost Of Revenue": 18083000.0,
        "EBITDA": -14877000.0,
        "EBIT": -17293000.0,
        "Normalized Income": -19113930.0,
        "Net Income From Continuing And Discontinued Operation": -19693000.0,
        "Total Expenses": 48535000.0,
        "Total Operating Income As Reported": -18026000.0,
        "Diluted Average Shares": 74541000.0,
        "Basic Average Shares": 74541000.0,
        "Diluted EPS": -0.26,
        "Basic EPS": -0.26,
        "Diluted NI Availto Com Stockholders": -19693000.0,
        "Net Income Common Stockholders": -19693000.0,
        "Net Income": -19693000.0,
        "Net Income Including Noncontrolling Interests": -19693000.0,
        "Net Income Continuous Operations": -19693000.0,
        "Earnings From Equity Interest Net Of Tax": -802000.0,
        "Tax Provision": 2000000.0,
        "Pretax Income": -16891000.0,
        "Other Income Expense": 402000.0,
        "Other Non Operating Income Expenses": 1135000.0,
        "Special Income Charges": -733000.0,
        "Gain On Sale Of Ppe": 0.0,
        "Impairment Of Capital Assets": 0.0,
        "Restructuring And Mergern Acquisition": 733000.0,
        "Operating Income": -17293000.0,
        "Operating Expense": 30452000.0,
        "Depreciation Amortization Depletion Income Statement": NaN,
        "Depreciation And Amortization In Income Statement": NaN,
        "Research And Development": 11401000.0,
        "Selling General And Administration": 19051000.0,
        "Selling And Marketing Expense": 6375000.0,
        "General And Administrative Expense": 12676000.0,
        "Other Gand A": 12676000.0,
        "Gross Profit": 13159000.0,
        "Cost Of Revenue": 18083000.0,
        "Total Revenue": 31242000.0,
        "Operating Revenue": 29847000.0
    },
    "2025-09-30": {
        "Tax Effect Of Unusual Items": -78960.0,
        "Tax Rate For Calcs": 0.21,
        "Normalized EBITDA": -12957000.0,
        "Total Unusual Items": -376000.0,
        "Total Unusual Items Excluding Goodwill": -376000.0,
        "Net Income From Continuing Operation Net Minority Interest": -13712000.0,
        "Reconciled Depreciation": 2381000.0,
        "Reconciled Cost Of Revenue": 13818000.0,
        "EBITDA": -13333000.0,
        "EBIT": -15714000.0,
        "Normalized Income": -13414960.0,
        "Net Income From Continuing And Discontinued Operation": -13712000.0,
        "Total Expenses": 42799000.0,
        "Total Operating Income As Reported": -16090000.0,
        "Diluted Average Shares": 73004000.0,
        "Basic Average Shares": 73004000.0,
        "Diluted EPS": -0.19,
        "Basic EPS": -0.19,
        "Diluted NI Availto Com Stockholders": -13712000.0,
        "Net Income Common Stockholders": -13712000.0,
        "Net Income": -13712000.0,
        "Net Income Including Noncontrolling Interests": -13712000.0,
        "Net Income Continuous Operations": -13712000.0,
        "Earnings From Equity Interest Net Of Tax": -374000.0,
        "Tax Provision": 47000.0,
        "Pretax Income": -13291000.0,
        "Other Income Expense": 2423000.0,
        "Other Non Operating Income Expenses": 2799000.0,
        "Special Income Charges": -376000.0,
        "Gain On Sale Of Ppe": 0.0,
        "Impairment Of Capital Assets": 0.0,
        "Restructuring And Mergern Acquisition": 376000.0,
        "Operating Income": -15714000.0,
        "Operating Expense": 27486000.0,
        "Depreciation Amortization Depletion Income Statement": 886000.0,
        "Depreciation And Amortization In Income Statement": 886000.0,
        "Research And Development": 10106000.0,
        "Selling General And Administration": 16494000.0,
        "Selling And Marketing Expense": 6278000.0,
        "General And Administrative Expense": 10216000.0,
        "Other Gand A": 10216000.0,
        "Gross Profit": 11772000.0,
        "Cost Of Revenue": 15313000.0,
        "Total Revenue": 27085000.0,
        "Operating Revenue": 25336000.0
    }
}