{
    "2023-03-31": {
        "Tax Effect Of Unusual Items": -4599000.0,
        "Tax Rate For Calcs": 0.21,
        "Normalized EBITDA": 16674000.0,
        "Total Unusual Items": -21900000.0,
        "Total Unusual Items Excluding Goodwill": -21900000.0,
        "Net Income From Continuing Operation Net Minority Interest": -15904000.0,
        "Reconciled Depreciation": 5509000.0,
        "Reconciled Cost Of Revenue": 153290000.0,
        "EBITDA": -5226000.0,
        "EBIT": -10735000.0,
        "Net Interest Income": -4610000.0,
        "Interest Expense": 4610000.0,
        "Normalized Income": 1397000.0,
        "Net Income From Continuing And Discontinued Operation": -15904000.0,
        "Total Expenses": 171290000.0,
        "Total Operating Income As Reported": 11165000.0,
        "Diluted Average Shares": 93418000.0,
        "Basic Average Shares": 93418000.0,
        "Diluted EPS": -0.17,
        "Basic EPS": -0.17,
        "Diluted NI Availto Com Stockholders": -15904000.0,
        "Average Dilution Earnings": NaN,
        "Net Income Common Stockholders": -15904000.0,
        "Net Income": -15904000.0,
        "Net Income Including Noncontrolling Interests": -15904000.0,
        "Net Income Continuous Operations": -15904000.0,
        "Tax Provision": 559000.0,
        "Pretax Income": -15345000.0,
        "Other Income Expense": -21900000.0,
        "Gain On Sale Of Security": -21900000.0,
        "Net Non Operating Interest Income Expense": -4610000.0,
        "Interest Expense Non Operating": 4610000.0,
        "Operating Income": 11165000.0,
        "Operating Expense": 16697000.0,
        "Depreciation Amortization Depletion Income Statement": 4206000.0,
        "Depreciation And Amortization In Income Statement": 4206000.0,
        "Amortization": 4206000.0,
        "Amortization Of Intangibles Income Statement": 4206000.0,
        "Selling General And Administration": 12491000.0,
        "General And Administrative Expense": 12491000.0,
        "Other Gand A": 3570000.0,
        "Salaries And Wages": 8921000.0,
        "Gross Profit": 27862000.0,
        "Cost Of Revenue": 154593000.0,
        "Total Revenue": 182455000.0,
        "Operating Revenue": 182455000.0
    },
    "2022-12-31": {
        "Tax Effect Of Unusual Items": -1638000.0,
        "Tax Rate For Calcs": 0.21,
        "Normalized EBITDA": 17084000.0,
        "Total Unusual Items": -7800000.0,
        "Total Unusual Items Excluding Goodwill": -7800000.0,
        "Net Income From Continuing Operation Net Minority Interest": -2330000.0,
        "Reconciled Depreciation": 6379000.0,
        "Reconciled Cost Of Revenue": 136993000.0,
        "EBITDA": 9284000.0,
        "EBIT": 2905000.0,
        "Net Interest Income": -4820000.0,
        "Interest Expense": 4820000.0,
        "Normalized Income": 3832000.0,
        "Net Income From Continuing And Discontinued Operation": -2330000.0,
        "Total Expenses": 158217000.0,
        "Total Operating Income As Reported": 10705000.0,
        "Diluted Average Shares": 92911000.0,
        "Basic Average Shares": 92911000.0,
        "Diluted EPS": -0.03,
        "Basic EPS": -0.03,
        "Diluted NI Availto Com Stockholders": -8730000.0,
        "Average Dilution Earnings": NaN,
        "Net Income Common Stockholders": -2330000.0,
        "Net Income": -2330000.0,
        "Net Income Including Noncontrolling Interests": -2330000.0,
        "Net Income Continuous Operations": -2330000.0,
        "Tax Provision": 415000.0,
        "Pretax Income": -1915000.0,
        "Other Income Expense": -7800000.0,
        "Gain On Sale Of Security": -7800000.0,
        "Net Non Operating Interest Income Expense": -4820000.0,
        "Interest Expense Non Operating": 4820000.0,
        "Operating Income": 10705000.0,
        "Operating Expense": 19050000.0,
        "Depreciation Amortization Depletion Income Statement": 4205000.0,
        "Depreciation And Amortization In Income Statement": 4205000.0,
        "Amortization": 4205000.0,
        "Amortization Of Intangibles Income Statement": 4205000.0,
        "Selling General And Administration": 14845000.0,
        "General And Administrative Expense": 14845000.0,
        "Other Gand A": 4147000.0,
        "Salaries And Wages": 10698000.0,
        "Gross Profit": 29755000.0,
        "Cost Of Revenue": 139167000.0,
        "Total Revenue": 168922000.0,
        "Operating Revenue": 168922000.0
    },
    "2022-09-30": {
        "Tax Effect Of Unusual Items": 11517.813568,
        "Tax Rate For Calcs": 0.038393,
        "Normalized EBITDA": 14037000.0,
        "Total Unusual Items": 300000.0,
        "Total Unusual Items Excluding Goodwill": 300000.0,
        "Net Income From Continuing Operation Net Minority Interest": 5911000.0,
        "Reconciled Depreciation": 4206000.0,
        "Reconciled Cost Of Revenue": 135908000.0,
        "EBITDA": 14337000.0,
        "EBIT": 10131000.0,
        "Net Interest Income": -3984000.0,
        "Interest Expense": 3984000.0,
        "Normalized Income": 5622517.813568,
        "Net Income From Continuing And Discontinued Operation": 5911000.0,
        "Total Expenses": 152461000.0,
        "Total Operating Income As Reported": 9831000.0,
        "Diluted Average Shares": 94432000.0,
        "Basic Average Shares": 92557000.0,
        "Diluted EPS": 0.06,
        "Basic EPS": 0.06,
        "Diluted NI Availto Com Stockholders": 5911000.0,
        "Average Dilution Earnings": NaN,
        "Net Income Common Stockholders": 5911000.0,
        "Net Income": 5911000.0,
        "Net Income Including Noncontrolling Interests": 5911000.0,
        "Net Income Continuous Operations": 5911000.0,
        "Tax Provision": 236000.0,
        "Pretax Income": 6147000.0,
        "Other Income Expense": 300000.0,
        "Gain On Sale Of Security": 300000.0,
        "Net Non Operating Interest Income Expense": -3984000.0,
        "Interest Expense Non Operating": 3984000.0,
        "Operating Income": 9831000.0,
        "Operating Expense": 16553000.0,
        "Depreciation Amortization Depletion Income Statement": 4206000.0,
        "Depreciation And Amortization In Income Statement": 4206000.0,
        "Amortization": 4206000.0,
        "Amortization Of Intangibles Income Statement": 4206000.0,
        "Selling General And Administration": 12347000.0,
        "General And Administrative Expense": 12347000.0,
        "Other Gand A": 3936000.0,
        "Salaries And Wages": 8411000.0,
        "Gross Profit": 26384000.0,
        "Cost Of Revenue": 135908000.0,
        "Total Revenue": 162292000.0,
        "Operating Revenue": 162292000.0
    },
    "2022-06-30": {
        "Tax Effect Of Unusual Items": 89871.382637,
        "Tax Rate For Calcs": 0.001536,
        "Normalized EBITDA": 6264000.0,
        "Total Unusual Items": 58500000.0,
        "Total Unusual Items Excluding Goodwill": 58500000.0,
        "Net Income From Continuing Operation Net Minority Interest": 55894000.0,
        "Reconciled Depreciation": 5240000.0,
        "Reconciled Cost Of Revenue": 109263000.0,
        "EBITDA": 64764000.0,
        "EBIT": 59524000.0,
        "Net Interest Income": -3544000.0,
        "Interest Expense": 3544000.0,
        "Normalized Income": -2516128.617363,
        "Net Income From Continuing And Discontinued Operation": 55894000.0,
        "Total Expenses": 126358000.0,
        "Total Operating Income As Reported": 1024000.0,
        "Diluted Average Shares": 94798000.0,
        "Basic Average Shares": 92352000.0,
        "Diluted EPS": 0.46,
        "Basic EPS": 0.61,
        "Diluted NI Availto Com Stockholders": 43494000.0,
        "Average Dilution Earnings": -12400000.0,
        "Net Income Common Stockholders": 55894000.0,
        "Net Income": 55894000.0,
        "Net Income Including Noncontrolling Interests": 55894000.0,
        "Net Income Continuous Operations": 55894000.0,
        "Tax Provision": 86000.0,
        "Pretax Income": 55980000.0,
        "Other Income Expense": 58500000.0,
        "Gain On Sale Of Security": 58500000.0,
        "Net Non Operating Interest Income Expense": -3544000.0,
        "Interest Expense Non Operating": 3544000.0,
        "Operating Income": 1024000.0,
        "Operating Expense": 16061000.0,
        "Other Taxes": 7994000.0,
        "Depreciation Amortization Depletion Income Statement": 4206000.0,
        "Depreciation And Amortization In Income Statement": 4206000.0,
        "Amortization": 4206000.0,
        "Amortization Of Intangibles Income Statement": 4206000.0,
        "Selling General And Administration": 11855000.0,
        "General And Administrative Expense": 11855000.0,
        "Other Gand A": 3861000.0,
        "Salaries And Wages": 7994000.0,
        "Gross Profit": 17085000.0,
        "Cost Of Revenue": 110297000.0,
        "Total Revenue": 127382000.0,
        "Operating Revenue": 127382000.0
    },
    "2023-06-30": {
        "Tax Effect Of Unusual Items": NaN,
        "Tax Rate For Calcs": NaN,
        "Normalized EBITDA": NaN,
        "Total Unusual Items": NaN,
        "Total Unusual Items Excluding Goodwill": NaN,
        "Net Income From Continuing Operation Net Minority Interest": NaN,
        "Reconciled Depreciation": NaN,
        "Reconciled Cost Of Revenue": NaN,
        "EBITDA": NaN,
        "EBIT": NaN,
        "Net Interest Income": NaN,
        "Interest Expense": NaN,
        "Normalized Income": NaN,
        "Net Income From Continuing And Discontinued Operation": NaN,
        "Total Expenses": NaN,
        "Total Operating Income As Reported": NaN,
        "Diluted Average Shares": NaN,
        "Basic Average Shares": NaN,
        "Diluted EPS": NaN,
        "Basic EPS": NaN,
        "Diluted NI Availto Com Stockholders": NaN,
        "Average Dilution Earnings": 0.0,
        "Net Income Common Stockholders": NaN,
        "Net Income": NaN,
        "Net Income Including Noncontrolling Interests": NaN,
        "Net Income Continuous Operations": NaN,
        "Tax Provision": NaN,
        "Pretax Income": NaN,
        "Other Income Expense": NaN,
        "Gain On Sale Of Security": NaN,
        "Net Non Operating Interest Income Expense": NaN,
        "Interest Expense Non Operating": NaN,
        "Operating Income": NaN,
        "Operating Expense": NaN,
        "Depreciation Amortization Depletion Income Statement": NaN,
        "Depreciation And Amortization In Income Statement": NaN,
        "Amortization": NaN,
        "Amortization Of Intangibles Income Statement": NaN,
        "Selling General And Administration": NaN,
        "General And Administrative Expense": NaN,
        "Other Gand A": NaN,
        "Salaries And Wages": NaN,
        "Gross Profit": NaN,
        "Cost Of Revenue": NaN,
        "Total Revenue": NaN,
        "Operating Revenue": NaN
    },
    "2022-03-31": {
        "Diluted EPS": -0.07,
        "Total Revenue": 88,
        "Gross Profit": 10,
        "Operating Income": -6,
        "EBIT": -1,
        "Net Income": -6
    },
    "2021-12-31": {
        "Diluted EPS": -0.06,
        "Total Revenue": 86,
        "Gross Profit": 11,
        "Operating Income": -4,
        "EBIT": 2,
        "Net Income": -11
    },
    "2021-09-30": {
        "Diluted EPS": -0.14,
        "Total Revenue": 44,
        "Gross Profit": 2,
        "Operating Income": -12,
        "EBIT": -6,
        "Net Income": -12
    },
    "2021-06-30": {
        "Diluted EPS": -0.04,
        "Total Revenue": 9,
        "Gross Profit": -2,
        "Operating Income": -17,
        "EBIT": -11,
        "Net Income": 0
    },
    "2021-03-31": {
        "Diluted EPS": -0.52,
        "Total Revenue": 6,
        "Gross Profit": -3,
        "Operating Income": -19,
        "EBIT": -13,
        "Net Income": -46
    },
    "2020-12-31": {
        "Diluted EPS": 0.23,
        "Total Revenue": 4,
        "Gross Profit": -10,
        "Operating Income": -25,
        "EBIT": -19,
        "Net Income": -71
    },
    "2020-09-30": {
        "Diluted EPS": -0.56,
        "Total Revenue": 2,
        "Gross Profit": -7,
        "Operating Income": -19,
        "EBIT": -13,
        "Net Income": -48
    },
    "2020-06-30": {
        "Diluted EPS": -0.31,
        "Total Revenue": 1,
        "Gross Profit": -13,
        "Operating Income": -27,
        "EBIT": -21,
        "Net Income": -21
    },
    "2020-03-31": {
        "Diluted EPS": -3.23,
        "Total Revenue": 114,
        "Gross Profit": 12,
        "Operating Income": -193,
        "EBIT": 4,
        "Net Income": -148
    },
    "2019-12-31": {
        "Diluted EPS": -1.07,
        "Total Revenue": 139,
        "Gross Profit": 16,
        "Operating Income": 6,
        "EBIT": 13,
        "Net Income": -19
    },
    "2019-09-30": {
        "Diluted EPS": 0.03,
        "Total Revenue": 145,
        "Gross Profit": 21,
        "Operating Income": 8,
        "EBIT": 14,
        "Net Income": 2
    },
    "2019-06-30": {
        "Diluted EPS": 0.05,
        "Total Revenue": 140,
        "Gross Profit": 21,
        "Operating Income": 8,
        "EBIT": 15,
        "Net Income": 4
    },
    "2019-03-31": {
        "Diluted EPS": 0.0,
        "Total Revenue": 137,
        "Gross Profit": 21,
        "Operating Income": -36,
        "EBIT": -33,
        "Net Income": -48
    },
    "2018-12-31": {
        "Diluted EPS": 0.0,
        "Total Revenue": 134,
        "Gross Profit": 19,
        "Operating Income": 12,
        "EBIT": 15,
        "Net Income": 2
    },
    "2018-09-30": {
        "Diluted EPS": 0.0,
        "Total Revenue": 143,
        "Gross Profit": 20,
        "Operating Income": 13,
        "EBIT": 16,
        "Net Income": 3
    },
    "2018-06-30": {
        "Diluted EPS": 0.0,
        "Total Revenue": 135,
        "Gross Profit": 20,
        "Operating Income": 12,
        "EBIT": 15,
        "Net Income": 3
    },
    "2018-03-31": {
        "Diluted EPS": 0.0,
        "Total Revenue": 129,
        "Gross Profit": 19,
        "Operating Income": 12,
        "EBIT": 14,
        "Net Income": 3
    },
    "2017-12-31": {
        "Diluted EPS": 0.0,
        "Total Revenue": NaN,
        "Gross Profit": NaN,
        "Operating Income": NaN,
        "EBIT": NaN,
        "Net Income": NaN
    },
    "2017-09-30": {
        "Diluted EPS": 0.0,
        "Total Revenue": NaN,
        "Gross Profit": NaN,
        "Operating Income": NaN,
        "EBIT": NaN,
        "Net Income": NaN
    },
    "2017-06-30": {
        "Diluted EPS": 0.0,
        "Total Revenue": NaN,
        "Gross Profit": NaN,
        "Operating Income": NaN,
        "EBIT": NaN,
        "Net Income": NaN
    },
    "2023-09-30": {
        "Tax Effect Of Unusual Items": NaN,
        "Tax Rate For Calcs": NaN,
        "Normalized EBITDA": NaN,
        "Total Unusual Items": 7365000.0,
        "Total Unusual Items Excluding Goodwill": 7365000.0,
        "Net Income From Continuing Operation Net Minority Interest": NaN,
        "Reconciled Depreciation": NaN,
        "Reconciled Cost Of Revenue": NaN,
        "EBITDA": NaN,
        "EBIT": NaN,
        "Net Interest Income": NaN,
        "Interest Expense": NaN,
        "Normalized Income": NaN,
        "Net Income From Continuing And Discontinued Operation": NaN,
        "Total Expenses": NaN,
        "Total Operating Income As Reported": NaN,
        "Diluted Average Shares": NaN,
        "Basic Average Shares": NaN,
        "Diluted EPS": NaN,
        "Basic EPS": NaN,
        "Diluted NI Availto Com Stockholders": NaN,
        "Net Income Common Stockholders": NaN,
        "Net Income": NaN,
        "Net Income Including Noncontrolling Interests": NaN,
        "Net Income Continuous Operations": NaN,
        "Tax Provision": NaN,
        "Pretax Income": NaN,
        "Other Income Expense": 7365000.0,
        "Gain On Sale Of Security": 7365000.0,
        "Net Non Operating Interest Income Expense": NaN,
        "Interest Expense Non Operating": NaN,
        "Operating Income": NaN,
        "Operating Expense": NaN,
        "Depreciation Amortization Depletion Income Statement": NaN,
        "Depreciation And Amortization In Income Statement": NaN,
        "Amortization": NaN,
        "Amortization Of Intangibles Income Statement": NaN,
        "Selling General And Administration": NaN,
        "General And Administrative Expense": NaN,
        "Other Gand A": NaN,
        "Salaries And Wages": NaN,
        "Gross Profit": NaN,
        "Cost Of Revenue": NaN,
        "Total Revenue": NaN,
        "Operating Revenue": NaN
    },
    "2023-12-31": {
        "Tax Effect Of Unusual Items": NaN,
        "Tax Rate For Calcs": NaN,
        "Normalized EBITDA": NaN,
        "Total Unusual Items": -12950000.0,
        "Total Unusual Items Excluding Goodwill": -12950000.0,
        "Net Income From Continuing Operation Net Minority Interest": NaN,
        "Reconciled Depreciation": NaN,
        "Reconciled Cost Of Revenue": NaN,
        "EBITDA": NaN,
        "EBIT": NaN,
        "Net Interest Income": NaN,
        "Interest Expense": NaN,
        "Normalized Income": NaN,
        "Net Income From Continuing And Discontinued Operation": NaN,
        "Total Expenses": NaN,
        "Total Operating Income As Reported": NaN,
        "Diluted Average Shares": NaN,
        "Basic Average Shares": NaN,
        "Diluted EPS": NaN,
        "Basic EPS": NaN,
        "Diluted NI Availto Com Stockholders": NaN,
        "Net Income Common Stockholders": NaN,
        "Net Income": NaN,
        "Net Income Including Noncontrolling Interests": NaN,
        "Net Income Continuous Operations": NaN,
        "Tax Provision": NaN,
        "Pretax Income": NaN,
        "Other Income Expense": -12950000.0,
        "Gain On Sale Of Security": -10821000.0,
        "Net Non Operating Interest Income Expense": NaN,
        "Interest Expense Non Operating": NaN,
        "Operating Income": NaN,
        "Operating Expense": NaN,
        "Depreciation Amortization Depletion Income Statement": NaN,
        "Depreciation And Amortization In Income Statement": NaN,
        "Amortization": NaN,
        "Amortization Of Intangibles Income Statement": NaN,
        "Selling General And Administration": NaN,
        "General And Administrative Expense": NaN,
        "Other Gand A": NaN,
        "Salaries And Wages": NaN,
        "Gross Profit": NaN,
        "Cost Of Revenue": NaN,
        "Total Revenue": NaN,
        "Operating Revenue": NaN
    },
    "2024-03-31": {
        "Tax Effect Of Unusual Items": 205638.859508,
        "Tax Rate For Calcs": 0.026627,
        "Normalized EBITDA": 23186000.0,
        "Total Unusual Items": 7723000.0,
        "Total Unusual Items Excluding Goodwill": 7723000.0,
        "Net Income From Continuing Operation Net Minority Interest": 21166000.0,
        "Reconciled Depreciation": 6209000.0,
        "Reconciled Cost Of Revenue": 175490000.0,
        "EBITDA": 30909000.0,
        "EBIT": 24700000.0,
        "Net Interest Income": -2955000.0,
        "Interest Expense": 2955000.0,
        "Normalized Income": 13648638.859508,
        "Net Income From Continuing And Discontinued Operation": 21166000.0,
        "Total Expenses": 194249000.0,
        "Total Operating Income As Reported": 16977000.0,
        "Diluted Average Shares": 102933000.0,
        "Basic Average Shares": 101467000.0,
        "Diluted EPS": 0.21,
        "Basic EPS": 0.21,
        "Diluted NI Availto Com Stockholders": 21166000.0,
        "Net Income Common Stockholders": 21166000.0,
        "Net Income": 21166000.0,
        "Net Income Including Noncontrolling Interests": 21166000.0,
        "Net Income Continuous Operations": 21166000.0,
        "Tax Provision": 579000.0,
        "Pretax Income": 21745000.0,
        "Other Income Expense": 7723000.0,
        "Gain On Sale Of Security": 7723000.0,
        "Net Non Operating Interest Income Expense": -2955000.0,
        "Interest Expense Non Operating": 2955000.0,
        "Operating Income": 16977000.0,
        "Operating Expense": 16694000.0,
        "Depreciation Amortization Depletion Income Statement": 4144000.0,
        "Depreciation And Amortization In Income Statement": 4144000.0,
        "Amortization": 4144000.0,
        "Amortization Of Intangibles Income Statement": 4144000.0,
        "Selling General And Administration": 12550000.0,
        "General And Administrative Expense": 12550000.0,
        "Other Gand A": 4057000.0,
        "Salaries And Wages": 8493000.0,
        "Gross Profit": 33671000.0,
        "Cost Of Revenue": 177555000.0,
        "Total Revenue": 211226000.0,
        "Operating Revenue": 211226000.0
    },
    "2024-06-30": {
        "Tax Effect Of Unusual Items": -2256.698045,
        "Tax Rate For Calcs": 0.049059,
        "Normalized EBITDA": 24709000.0,
        "Total Unusual Items": -46000.0,
        "Total Unusual Items Excluding Goodwill": -46000.0,
        "Net Income From Continuing Operation Net Minority Interest": 15759000.0,
        "Reconciled Depreciation": 5870000.0,
        "Reconciled Cost Of Revenue": 186212000.0,
        "EBITDA": 24663000.0,
        "EBIT": 18793000.0,
        "Net Interest Income": -2221000.0,
        "Interest Expense": 2221000.0,
        "Normalized Income": 15802743.301955,
        "Net Income From Continuing And Discontinued Operation": 15759000.0,
        "Total Expenses": 206052000.0,
        "Total Operating Income As Reported": 18839000.0,
        "Diluted Average Shares": 105767000.0,
        "Basic Average Shares": 105123000.0,
        "Diluted EPS": 0.15,
        "Basic EPS": 0.15,
        "Diluted NI Availto Com Stockholders": 15759000.0,
        "Net Income Common Stockholders": 15759000.0,
        "Net Income": 15759000.0,
        "Net Income Including Noncontrolling Interests": 15759000.0,
        "Net Income Continuous Operations": 15759000.0,
        "Tax Provision": 813000.0,
        "Pretax Income": 16572000.0,
        "Other Income Expense": -46000.0,
        "Gain On Sale Of Security": -46000.0,
        "Net Non Operating Interest Income Expense": -2221000.0,
        "Interest Expense Non Operating": 2221000.0,
        "Operating Income": 18839000.0,
        "Operating Expense": 18113000.0,
        "Depreciation Amortization Depletion Income Statement": 4143000.0,
        "Depreciation And Amortization In Income Statement": 4143000.0,
        "Amortization": 4143000.0,
        "Amortization Of Intangibles Income Statement": 4143000.0,
        "Selling General And Administration": 13970000.0,
        "General And Administrative Expense": 13970000.0,
        "Other Gand A": 4740000.0,
        "Salaries And Wages": 9230000.0,
        "Gross Profit": 36952000.0,
        "Cost Of Revenue": 187939000.0,
        "Total Revenue": 224891000.0,
        "Operating Revenue": 224891000.0
    },
    "2024-09-30": {
        "Tax Effect Of Unusual Items": 0.0,
        "Tax Rate For Calcs": 0.042901,
        "Normalized EBITDA": 31024000.0,
        "Total Unusual Items": NaN,
        "Total Unusual Items Excluding Goodwill": NaN,
        "Net Income From Continuing Operation Net Minority Interest": 21551000.0,
        "Reconciled Depreciation": 6011000.0,
        "Reconciled Cost Of Revenue": 197878000.0,
        "EBITDA": 31024000.0,
        "EBIT": 25013000.0,
        "Net Interest Income": -2496000.0,
        "Interest Expense": 2496000.0,
        "Normalized Income": 21551000.0,
        "Net Income From Continuing And Discontinued Operation": 21551000.0,
        "Total Expenses": 216683000.0,
        "Total Operating Income As Reported": 25013000.0,
        "Diluted Average Shares": 105587000.0,
        "Basic Average Shares": 104884000.0,
        "Diluted EPS": 0.2,
        "Basic EPS": 0.21,
        "Diluted NI Availto Com Stockholders": 21551000.0,
        "Net Income Common Stockholders": 21551000.0,
        "Net Income": 21551000.0,
        "Net Income Including Noncontrolling Interests": 21551000.0,
        "Net Income Continuous Operations": 21551000.0,
        "Tax Provision": 966000.0,
        "Pretax Income": 22517000.0,
        "Other Income Expense": NaN,
        "Gain On Sale Of Security": NaN,
        "Net Non Operating Interest Income Expense": -2496000.0,
        "Interest Expense Non Operating": 2496000.0,
        "Operating Income": 25013000.0,
        "Operating Expense": 16938000.0,
        "Depreciation Amortization Depletion Income Statement": 4144000.0,
        "Depreciation And Amortization In Income Statement": 4144000.0,
        "Amortization": 4144000.0,
        "Amortization Of Intangibles Income Statement": 4144000.0,
        "Selling General And Administration": 12794000.0,
        "General And Administrative Expense": 12794000.0,
        "Other Gand A": 4238000.0,
        "Salaries And Wages": 8556000.0,
        "Gross Profit": 41951000.0,
        "Cost Of Revenue": 199745000.0,
        "Total Revenue": 241696000.0,
        "Operating Revenue": 241696000.0
    },
    "2024-12-31": {
        "Tax Effect Of Unusual Items": -38346.273873,
        "Tax Rate For Calcs": 0.101985,
        "Normalized EBITDA": 24960000.0,
        "Total Unusual Items": -376000.0,
        "Total Unusual Items Excluding Goodwill": -376000.0,
        "Net Income From Continuing Operation Net Minority Interest": 14388000.0,
        "Reconciled Depreciation": 6186000.0,
        "Reconciled Cost Of Revenue": 178270000.0,
        "EBITDA": 24584000.0,
        "EBIT": 18398000.0,
        "Net Interest Income": -1209000.0,
        "Interest Expense": 2376000.0,
        "Normalized Income": 14725653.726127,
        "Net Income From Continuing And Discontinued Operation": 14388000.0,
        "Total Expenses": 199599000.0,
        "Total Operating Income As Reported": 17231000.0,
        "Diluted Average Shares": 105478000.0,
        "Basic Average Shares": 104627000.0,
        "Diluted EPS": 0.14,
        "Basic EPS": 0.14,
        "Diluted NI Availto Com Stockholders": 14388000.0,
        "Net Income Common Stockholders": 14388000.0,
        "Net Income": 14388000.0,
        "Net Income Including Noncontrolling Interests": 14388000.0,
        "Net Income Continuous Operations": 14388000.0,
        "Tax Provision": 1634000.0,
        "Pretax Income": 16022000.0,
        "Other Income Expense": -376000.0,
        "Gain On Sale Of Security": 0.0,
        "Net Non Operating Interest Income Expense": -1209000.0,
        "Interest Expense Non Operating": 2376000.0,
        "Operating Income": 17607000.0,
        "Operating Expense": 19283000.0,
        "Depreciation Amortization Depletion Income Statement": 4140000.0,
        "Depreciation And Amortization In Income Statement": 4140000.0,
        "Amortization": 4140000.0,
        "Amortization Of Intangibles Income Statement": 4140000.0,
        "Selling General And Administration": 15143000.0,
        "General And Administrative Expense": 15143000.0,
        "Other Gand A": 5792000.0,
        "Salaries And Wages": 9351000.0,
        "Gross Profit": 36890000.0,
        "Cost Of Revenue": 180316000.0,
        "Total Revenue": 217206000.0,
        "Operating Revenue": 217206000.0
    },
    "2025-03-31": {
        "Tax Effect Of Unusual Items": 0.0,
        "Tax Rate For Calcs": 0.026705,
        "Normalized EBITDA": 23016000.0,
        "Total Unusual Items": NaN,
        "Total Unusual Items Excluding Goodwill": NaN,
        "Net Income From Continuing Operation Net Minority Interest": 15271000.0,
        "Reconciled Depreciation": 6179000.0,
        "Reconciled Cost Of Revenue": 181406000.0,
        "EBITDA": 23016000.0,
        "EBIT": 16837000.0,
        "Net Interest Income": -1147000.0,
        "Interest Expense": 1147000.0,
        "Normalized Income": 15271000.0,
        "Net Income From Continuing And Discontinued Operation": 15271000.0,
        "Total Expenses": 202793000.0,
        "Total Operating Income As Reported": 16837000.0,
        "Diluted Average Shares": 105077000.0,
        "Basic Average Shares": 104602000.0,
        "Diluted EPS": 0.15,
        "Basic EPS": 0.15,
        "Diluted NI Availto Com Stockholders": 15271000.0,
        "Net Income Common Stockholders": 15271000.0,
        "Net Income": 15271000.0,
        "Net Income Including Noncontrolling Interests": 15271000.0,
        "Net Income Continuous Operations": 15271000.0,
        "Tax Provision": 419000.0,
        "Pretax Income": 15690000.0,
        "Other Income Expense": NaN,
        "Gain On Sale Of Security": NaN,
        "Net Non Operating Interest Income Expense": -1147000.0,
        "Interest Expense Non Operating": 1147000.0,
        "Operating Income": 16837000.0,
        "Operating Expense": 19342000.0,
        "Depreciation Amortization Depletion Income Statement": 4134000.0,
        "Depreciation And Amortization In Income Statement": 4134000.0,
        "Amortization": 4134000.0,
        "Amortization Of Intangibles Income Statement": 4134000.0,
        "Selling General And Administration": 15208000.0,
        "General And Administrative Expense": 15208000.0,
        "Other Gand A": 4213000.0,
        "Salaries And Wages": 10995000.0,
        "Gross Profit": 36179000.0,
        "Cost Of Revenue": 183451000.0,
        "Total Revenue": 219630000.0,
        "Operating Revenue": 219630000.0
    }
}