{
    "2023-03-31": {
        "Tax Effect Of Unusual Items": NaN,
        "Tax Rate For Calcs": NaN,
        "Normalized EBITDA": NaN,
        "Total Unusual Items": NaN,
        "Total Unusual Items Excluding Goodwill": NaN,
        "Net Income From Continuing Operation Net Minority Interest": NaN,
        "Reconciled Depreciation": NaN,
        "Reconciled Cost Of Revenue": NaN,
        "EBITDA": NaN,
        "EBIT": NaN,
        "Net Interest Income": NaN,
        "Interest Expense": NaN,
        "Interest Income": NaN,
        "Normalized Income": NaN,
        "Net Income From Continuing And Discontinued Operation": NaN,
        "Total Expenses": NaN,
        "Total Operating Income As Reported": NaN,
        "Diluted Average Shares": 270650000.0,
        "Basic Average Shares": 270441000.0,
        "Diluted EPS": 0.21,
        "Basic EPS": 0.21,
        "Diluted NI Availto Com Stockholders": NaN,
        "Net Income Common Stockholders": NaN,
        "Net Income": NaN,
        "Minority Interests": NaN,
        "Net Income Including Noncontrolling Interests": NaN,
        "Net Income Continuous Operations": NaN,
        "Tax Provision": NaN,
        "Pretax Income": NaN,
        "Other Income Expense": NaN,
        "Other Non Operating Income Expenses": NaN,
        "Special Income Charges": NaN,
        "Gain On Sale Of Business": NaN,
        "Other Special Charges": NaN,
        "Restructuring And Mergern Acquisition": NaN,
        "Earnings From Equity Interest": NaN,
        "Gain On Sale Of Security": NaN,
        "Net Non Operating Interest Income Expense": NaN,
        "Interest Expense Non Operating": NaN,
        "Interest Income Non Operating": NaN,
        "Operating Income": NaN,
        "Operating Expense": NaN,
        "Depreciation Amortization Depletion Income Statement": NaN,
        "Depreciation And Amortization In Income Statement": NaN,
        "Amortization": NaN,
        "Amortization Of Intangibles Income Statement": NaN,
        "Depreciation Income Statement": NaN,
        "Research And Development": NaN,
        "Selling General And Administration": NaN,
        "Selling And Marketing Expense": NaN,
        "General And Administrative Expense": NaN,
        "Other Gand A": NaN,
        "Gross Profit": NaN,
        "Cost Of Revenue": NaN,
        "Total Revenue": NaN,
        "Operating Revenue": NaN
    },
    "2022-12-31": {
        "Tax Effect Of Unusual Items": NaN,
        "Tax Rate For Calcs": NaN,
        "Normalized EBITDA": NaN,
        "Total Unusual Items": NaN,
        "Total Unusual Items Excluding Goodwill": NaN,
        "Net Income From Continuing Operation Net Minority Interest": NaN,
        "Reconciled Depreciation": NaN,
        "Reconciled Cost Of Revenue": NaN,
        "EBITDA": NaN,
        "EBIT": NaN,
        "Net Interest Income": NaN,
        "Interest Expense": NaN,
        "Interest Income": NaN,
        "Normalized Income": NaN,
        "Net Income From Continuing And Discontinued Operation": NaN,
        "Total Expenses": NaN,
        "Total Operating Income As Reported": NaN,
        "Diluted Average Shares": 270189000.0,
        "Basic Average Shares": 270189000.0,
        "Diluted EPS": 0.96,
        "Basic EPS": 0.96,
        "Diluted NI Availto Com Stockholders": NaN,
        "Net Income Common Stockholders": NaN,
        "Net Income": NaN,
        "Minority Interests": NaN,
        "Net Income Including Noncontrolling Interests": NaN,
        "Net Income Continuous Operations": NaN,
        "Tax Provision": NaN,
        "Pretax Income": NaN,
        "Other Income Expense": NaN,
        "Other Non Operating Income Expenses": NaN,
        "Special Income Charges": NaN,
        "Gain On Sale Of Business": 0.0,
        "Other Special Charges": NaN,
        "Restructuring And Mergern Acquisition": NaN,
        "Earnings From Equity Interest": NaN,
        "Gain On Sale Of Security": NaN,
        "Net Non Operating Interest Income Expense": NaN,
        "Total Other Finance Cost": 2392000.0,
        "Interest Expense Non Operating": NaN,
        "Interest Income Non Operating": NaN,
        "Operating Income": NaN,
        "Operating Expense": NaN,
        "Depreciation Amortization Depletion Income Statement": NaN,
        "Depreciation And Amortization In Income Statement": NaN,
        "Amortization": NaN,
        "Amortization Of Intangibles Income Statement": NaN,
        "Depreciation Income Statement": NaN,
        "Research And Development": NaN,
        "Selling General And Administration": NaN,
        "Selling And Marketing Expense": NaN,
        "General And Administrative Expense": NaN,
        "Other Gand A": NaN,
        "Gross Profit": NaN,
        "Cost Of Revenue": NaN,
        "Total Revenue": NaN,
        "Operating Revenue": NaN
    },
    "2022-09-30": {
        "Tax Effect Of Unusual Items": -3743050.1,
        "Tax Rate For Calcs": 0.2621,
        "Normalized EBITDA": 91652000.0,
        "Total Unusual Items": -14281000.0,
        "Total Unusual Items Excluding Goodwill": -14281000.0,
        "Net Income From Continuing Operation Net Minority Interest": -116929000.0,
        "Reconciled Depreciation": 120249000.0,
        "Reconciled Cost Of Revenue": 215711000.0,
        "EBITDA": 77371000.0,
        "EBIT": -42878000.0,
        "Net Interest Income": -40382000.0,
        "Interest Expense": 40382000.0,
        "Interest Income": 5431000.0,
        "Normalized Income": -106391050.1,
        "Net Income From Continuing And Discontinued Operation": -116929000.0,
        "Total Expenses": 691402000.0,
        "Total Operating Income As Reported": 146353000.0,
        "Diluted Average Shares": 269804000.0,
        "Basic Average Shares": 269804000.0,
        "Diluted EPS": -0.43,
        "Basic EPS": -0.43,
        "Diluted NI Availto Com Stockholders": -116929000.0,
        "Net Income Common Stockholders": -116929000.0,
        "Net Income": -116929000.0,
        "Minority Interests": -44000.0,
        "Net Income Including Noncontrolling Interests": -116885000.0,
        "Net Income Continuous Operations": -116885000.0,
        "Tax Provision": 33625000.0,
        "Pretax Income": -83260000.0,
        "Other Income Expense": -203512000.0,
        "Other Non Operating Income Expenses": -189231000.0,
        "Special Income Charges": -14281000.0,
        "Other Special Charges": 14281000.0,
        "Restructuring And Mergern Acquisition": 10227000.0,
        "Earnings From Equity Interest": -6534000.0,
        "Gain On Sale Of Security": -182822000.0,
        "Net Non Operating Interest Income Expense": -40382000.0,
        "Total Other Finance Cost": NaN,
        "Interest Expense Non Operating": 40382000.0,
        "Interest Income Non Operating": 5431000.0,
        "Operating Income": 160634000.0,
        "Operating Expense": 433054000.0,
        "Depreciation Amortization Depletion Income Statement": 77612000.0,
        "Depreciation And Amortization In Income Statement": 77612000.0,
        "Amortization": 54438000.0,
        "Amortization Of Intangibles Income Statement": 54438000.0,
        "Depreciation Income Statement": 23174000.0,
        "Research And Development": 110198000.0,
        "Selling General And Administration": 245244000.0,
        "Selling And Marketing Expense": 167170000.0,
        "General And Administrative Expense": 78074000.0,
        "Other Gand A": 78074000.0,
        "Gross Profit": 593688000.0,
        "Cost Of Revenue": 258348000.0,
        "Total Revenue": 852036000.0,
        "Operating Revenue": 852036000.0
    },
    "2022-06-30": {
        "Tax Effect Of Unusual Items": -10512400.0,
        "Tax Rate For Calcs": 0.4,
        "Normalized EBITDA": 289174000.0,
        "Total Unusual Items": -26281000.0,
        "Total Unusual Items Excluding Goodwill": -26281000.0,
        "Net Income From Continuing Operation Net Minority Interest": 102196000.0,
        "Reconciled Depreciation": 125321000.0,
        "Reconciled Cost Of Revenue": 222387000.0,
        "EBITDA": 262893000.0,
        "EBIT": 137572000.0,
        "Net Interest Income": -40342000.0,
        "Interest Expense": 40342000.0,
        "Interest Income": 2255000.0,
        "Normalized Income": 117964600.0,
        "Net Income From Continuing And Discontinued Operation": 102196000.0,
        "Total Expenses": 738582000.0,
        "Total Operating Income As Reported": 137591000.0,
        "Diluted Average Shares": 270319000.0,
        "Basic Average Shares": 270215000.0,
        "Diluted EPS": 0.38,
        "Basic EPS": 0.38,
        "Diluted NI Availto Com Stockholders": 102196000.0,
        "Net Income Common Stockholders": 102196000.0,
        "Net Income": 102196000.0,
        "Minority Interests": -39000.0,
        "Net Income Including Noncontrolling Interests": 102235000.0,
        "Net Income Continuous Operations": 102235000.0,
        "Tax Provision": -5005000.0,
        "Pretax Income": 97230000.0,
        "Other Income Expense": -26300000.0,
        "Other Non Operating Income Expenses": -19000.0,
        "Special Income Charges": -26281000.0,
        "Other Special Charges": 26281000.0,
        "Restructuring And Mergern Acquisition": 23846000.0,
        "Earnings From Equity Interest": -401000.0,
        "Gain On Sale Of Security": 230000.0,
        "Net Non Operating Interest Income Expense": -40342000.0,
        "Total Other Finance Cost": NaN,
        "Interest Expense Non Operating": 40342000.0,
        "Interest Income Non Operating": 2255000.0,
        "Operating Income": 163872000.0,
        "Operating Expense": 469921000.0,
        "Depreciation Amortization Depletion Income Statement": 79047000.0,
        "Depreciation And Amortization In Income Statement": 79047000.0,
        "Amortization": 56341000.0,
        "Amortization Of Intangibles Income Statement": 56341000.0,
        "Depreciation Income Statement": 22706000.0,
        "Research And Development": 118931000.0,
        "Selling General And Administration": 271943000.0,
        "Selling And Marketing Expense": 185985000.0,
        "General And Administrative Expense": 85958000.0,
        "Other Gand A": 85958000.0,
        "Gross Profit": 633793000.0,
        "Cost Of Revenue": 268661000.0,
        "Total Revenue": 902454000.0,
        "Operating Revenue": 902454000.0
    },
    "2023-06-30": {
        "Tax Effect Of Unusual Items": -2044103.813857,
        "Tax Rate For Calcs": 0.02429,
        "Normalized EBITDA": 413212000.0,
        "Total Unusual Items": -84154000.0,
        "Total Unusual Items Excluding Goodwill": -84154000.0,
        "Net Income From Continuing Operation Net Minority Interest": -48734000.0,
        "Reconciled Depreciation": 229482000.0,
        "Reconciled Cost Of Revenue": 349771000.0,
        "EBITDA": 329058000.0,
        "EBIT": 99576000.0,
        "Net Interest Income": -137000000.0,
        "Interest Expense": 149473000.0,
        "Interest Income": 12473000.0,
        "Normalized Income": 33375896.186143,
        "Net Income From Continuing And Discontinued Operation": -48734000.0,
        "Total Expenses": 1299321000.0,
        "Total Operating Income As Reported": 121287000.0,
        "Diluted Average Shares": NaN,
        "Basic Average Shares": NaN,
        "Diluted EPS": NaN,
        "Basic EPS": NaN,
        "Diluted NI Availto Com Stockholders": -48734000.0,
        "Net Income Common Stockholders": -48734000.0,
        "Net Income": -48734000.0,
        "Minority Interests": -49000.0,
        "Net Income Including Noncontrolling Interests": -48685000.0,
        "Net Income Continuous Operations": -48685000.0,
        "Tax Provision": -1212000.0,
        "Pretax Income": -49897000.0,
        "Other Income Expense": -104406000.0,
        "Other Non Operating Income Expenses": -8722000.0,
        "Special Income Charges": -70222000.0,
        "Gain On Sale Of Business": NaN,
        "Other Special Charges": 6125000.0,
        "Restructuring And Mergern Acquisition": 64097000.0,
        "Earnings From Equity Interest": -11530000.0,
        "Gain On Sale Of Security": -13932000.0,
        "Net Non Operating Interest Income Expense": -137000000.0,
        "Interest Expense Non Operating": 149473000.0,
        "Interest Income Non Operating": 12473000.0,
        "Operating Income": 191509000.0,
        "Operating Expense": 872505000.0,
        "Depreciation Amortization Depletion Income Statement": 152437000.0,
        "Depreciation And Amortization In Income Statement": 152437000.0,
        "Amortization": 121285000.0,
        "Amortization Of Intangibles Income Statement": 121285000.0,
        "Depreciation Income Statement": 31152000.0,
        "Research And Development": 249958000.0,
        "Selling General And Administration": 470110000.0,
        "Selling And Marketing Expense": 333244000.0,
        "General And Administrative Expense": 136866000.0,
        "Other Gand A": 136866000.0,
        "Gross Profit": 1064014000.0,
        "Cost Of Revenue": 426816000.0,
        "Total Revenue": 1490830000.0,
        "Operating Revenue": 1490830000.0
    },
    "2022-03-31": {
        "Diluted EPS": 0.28,
        "Total Revenue": 882,
        "Gross Profit": 608,
        "Operating Income": 132,
        "EBIT": 258,
        "Net Income": 75
    },
    "2021-12-31": {
        "Diluted EPS": 0.32,
        "Total Revenue": 877,
        "Gross Profit": 616,
        "Operating Income": 193,
        "EBIT": 321,
        "Net Income": 88
    },
    "2021-09-30": {
        "Diluted EPS": 0.48,
        "Total Revenue": 832,
        "Gross Profit": 574,
        "Operating Income": 183,
        "EBIT": 310,
        "Net Income": 132
    },
    "2021-06-30": {
        "Diluted EPS": 0.67,
        "Total Revenue": 894,
        "Gross Profit": 622,
        "Operating Income": 172,
        "EBIT": 300,
        "Net Income": 181
    },
    "2021-03-31": {
        "Diluted EPS": 0.33,
        "Total Revenue": 833,
        "Gross Profit": 572,
        "Operating Income": 152,
        "EBIT": 283,
        "Net Income": 91
    },
    "2020-12-31": {
        "Diluted EPS": -0.24,
        "Total Revenue": 856,
        "Gross Profit": 603,
        "Operating Income": 234,
        "EBIT": 365,
        "Net Income": -65
    },
    "2020-09-30": {
        "Diluted EPS": 0.38,
        "Total Revenue": 804,
        "Gross Profit": 555,
        "Operating Income": 182,
        "EBIT": 319,
        "Net Income": 103
    },
    "2020-06-30": {
        "Diluted EPS": 0.09,
        "Total Revenue": 827,
        "Gross Profit": 566,
        "Operating Income": 91,
        "EBIT": 272,
        "Net Income": 26
    },
    "2020-03-31": {
        "Diluted EPS": 0.1,
        "Total Revenue": 815,
        "Gross Profit": 532,
        "Operating Income": 95,
        "EBIT": 244,
        "Net Income": 26
    },
    "2019-12-31": {
        "Diluted EPS": 0.4,
        "Total Revenue": 772,
        "Gross Profit": 539,
        "Operating Income": 185,
        "EBIT": 300,
        "Net Income": 107
    },
    "2019-09-30": {
        "Diluted EPS": 0.27,
        "Total Revenue": 697,
        "Gross Profit": 468,
        "Operating Income": 133,
        "EBIT": 243,
        "Net Income": 74
    },
    "2019-06-30": {
        "Diluted EPS": 0.27,
        "Total Revenue": 747,
        "Gross Profit": 510,
        "Operating Income": 158,
        "EBIT": 276,
        "Net Income": 72
    },
    "2019-03-31": {
        "Diluted EPS": 0.27,
        "Total Revenue": 719,
        "Gross Profit": 480,
        "Operating Income": 136,
        "EBIT": 255,
        "Net Income": 73
    },
    "2018-12-31": {
        "Diluted EPS": 0.39,
        "Total Revenue": 735,
        "Gross Profit": 507,
        "Operating Income": 174,
        "EBIT": 293,
        "Net Income": 104
    },
    "2018-09-30": {
        "Diluted EPS": 0.13,
        "Total Revenue": 667,
        "Gross Profit": 441,
        "Operating Income": 99,
        "EBIT": 218,
        "Net Income": 36
    },
    "2018-06-30": {
        "Diluted EPS": 0.23,
        "Total Revenue": 754,
        "Gross Profit": 509,
        "Operating Income": 149,
        "EBIT": 269,
        "Net Income": 62
    },
    "2018-03-31": {
        "Diluted EPS": 0.22,
        "Total Revenue": 686,
        "Gross Profit": 443,
        "Operating Income": 103,
        "EBIT": 222,
        "Net Income": 59
    },
    "2017-12-31": {
        "Diluted EPS": 0.32,
        "Total Revenue": 734,
        "Gross Profit": 494,
        "Operating Income": 167,
        "EBIT": 285,
        "Net Income": 85
    },
    "2017-09-30": {
        "Diluted EPS": 0.14,
        "Total Revenue": 641,
        "Gross Profit": 417,
        "Operating Income": 88,
        "EBIT": 197,
        "Net Income": 37
    },
    "2017-06-30": {
        "Diluted EPS": 0.02,
        "Total Revenue": 664,
        "Gross Profit": 444,
        "Operating Income": 106,
        "EBIT": 211,
        "Net Income": 46
    },
    "2017-03-31": {
        "Diluted EPS": 0.08,
        "Total Revenue": 593,
        "Gross Profit": 383,
        "Operating Income": 65,
        "EBIT": 165,
        "Net Income": 22
    },
    "2016-12-31": {
        "Diluted EPS": 0.18,
        "Total Revenue": 543,
        "Gross Profit": 375,
        "Operating Income": 107,
        "EBIT": 185,
        "Net Income": 45
    },
    "2016-09-30": {
        "Diluted EPS": 3.73,
        "Total Revenue": 492,
        "Gross Profit": 327,
        "Operating Income": 74,
        "EBIT": 150,
        "Net Income": 913
    },
    "2016-06-30": {
        "Diluted EPS": 0.36,
        "Total Revenue": 484,
        "Gross Profit": 331,
        "Operating Income": 93,
        "EBIT": 160,
        "Net Income": 86
    },
    "2016-03-31": {
        "Diluted EPS": 0.28,
        "Total Revenue": 441,
        "Gross Profit": 299,
        "Operating Income": 89,
        "EBIT": 152,
        "Net Income": 69
    },
    "2015-12-31": {
        "Diluted EPS": 0.36,
        "Total Revenue": 465,
        "Gross Profit": 326,
        "Operating Income": 110,
        "EBIT": 173,
        "Net Income": 88
    },
    "2015-09-30": {
        "Diluted EPS": 0.17,
        "Total Revenue": 435,
        "Gross Profit": 294,
        "Operating Income": 76,
        "EBIT": 141,
        "Net Income": 41
    },
    "2015-06-30": {
        "Diluted EPS": 0.28,
        "Total Revenue": 483,
        "Gross Profit": 332,
        "Operating Income": 83,
        "EBIT": 151,
        "Net Income": 69
    },
    "2015-03-31": {
        "Diluted EPS": 0.11,
        "Total Revenue": 448,
        "Gross Profit": 295,
        "Operating Income": 53,
        "EBIT": 120,
        "Net Income": 27
    },
    "2014-12-31": {
        "Diluted EPS": 0.3,
        "Total Revenue": 468,
        "Gross Profit": 319,
        "Operating Income": 111,
        "EBIT": 170,
        "Net Income": 74
    },
    "2014-09-30": {
        "Diluted EPS": 0.27,
        "Total Revenue": 454,
        "Gross Profit": 307,
        "Operating Income": 103,
        "EBIT": 163,
        "Net Income": 65
    },
    "2014-06-30": {
        "Diluted EPS": 0.36,
        "Total Revenue": 494,
        "Gross Profit": 342,
        "Operating Income": 108,
        "EBIT": 168,
        "Net Income": 88
    },
    "2014-03-31": {
        "Diluted EPS": 0.19,
        "Total Revenue": 443,
        "Gross Profit": 298,
        "Operating Income": 67,
        "EBIT": 123,
        "Net Income": 46
    },
    "2013-12-31": {
        "Diluted EPS": 0.23,
        "Total Revenue": 364,
        "Gross Profit": 256,
        "Operating Income": 74,
        "EBIT": 110,
        "Net Income": 54
    },
    "2013-09-30": {
        "Diluted EPS": 0.13,
        "Total Revenue": 324,
        "Gross Profit": 218,
        "Operating Income": 52,
        "EBIT": 101,
        "Net Income": 31
    },
    "2013-06-30": {
        "Diluted EPS": 0.18,
        "Total Revenue": 347,
        "Gross Profit": 229,
        "Operating Income": 49,
        "EBIT": 100,
        "Net Income": 42
    },
    "2013-03-31": {
        "Diluted EPS": 0.11,
        "Total Revenue": 338,
        "Gross Profit": 216,
        "Operating Income": 41,
        "EBIT": 90,
        "Net Income": 26
    },
    "2012-12-31": {
        "Diluted EPS": 0.26,
        "Total Revenue": 352,
        "Gross Profit": 228,
        "Operating Income": 67,
        "EBIT": 117,
        "Net Income": 61
    },
    "2012-09-30": {
        "Diluted EPS": 0.08,
        "Total Revenue": 326,
        "Gross Profit": 204,
        "Operating Income": 40,
        "EBIT": 91,
        "Net Income": 19
    },
    "2012-06-30": {
        "Diluted EPS": 0.04,
        "Total Revenue": 306,
        "Gross Profit": 201,
        "Operating Income": 40,
        "EBIT": 83,
        "Net Income": 8
    },
    "2012-03-31": {
        "Diluted EPS": 0.15,
        "Total Revenue": 292,
        "Gross Profit": 186,
        "Operating Income": 27,
        "EBIT": 71,
        "Net Income": 35
    },
    "2011-12-31": {
        "Diluted EPS": 0.2,
        "Total Revenue": 321,
        "Gross Profit": 216,
        "Operating Income": 55,
        "EBIT": 99,
        "Net Income": 47
    },
    "2011-09-30": {
        "Diluted EPS": 0.15,
        "Total Revenue": 288,
        "Gross Profit": 187,
        "Operating Income": 27,
        "EBIT": 69,
        "Net Income": 35
    },
    "2011-06-30": {
        "Diluted EPS": 0.12,
        "Total Revenue": 285,
        "Gross Profit": 190,
        "Operating Income": 30,
        "EBIT": 66,
        "Net Income": 29
    },
    "2011-03-31": {
        "Diluted EPS": 0.15,
        "Total Revenue": 263,
        "Gross Profit": 175,
        "Operating Income": 29,
        "EBIT": 63,
        "Net Income": 36
    },
    "2010-12-31": {
        "Diluted EPS": 0.16,
        "Total Revenue": 267,
        "Gross Profit": 183,
        "Operating Income": 56,
        "EBIT": 87,
        "Net Income": 37
    },
    "2010-09-30": {
        "Diluted EPS": 0.09,
        "Total Revenue": 217,
        "Gross Profit": 144,
        "Operating Income": 35,
        "EBIT": 65,
        "Net Income": 22
    },
    "2010-06-30": {
        "Diluted EPS": 0.22,
        "Total Revenue": 240,
        "Gross Profit": 164,
        "Operating Income": 7,
        "EBIT": 37,
        "Net Income": 52
    },
    "2010-03-31": {
        "Diluted EPS": 0.06,
        "Total Revenue": 213,
        "Gross Profit": 142,
        "Operating Income": 33,
        "EBIT": 61,
        "Net Income": 13
    },
    "2009-12-31": {
        "Diluted EPS": 0.09,
        "Total Revenue": 248,
        "Gross Profit": 170,
        "Operating Income": 46,
        "EBIT": 75,
        "Net Income": 21
    },
    "2009-09-30": {
        "Diluted EPS": 0.01,
        "Total Revenue": 211,
        "Gross Profit": 140,
        "Operating Income": 23,
        "EBIT": 51,
        "Net Income": 2
    },
    "2009-06-30": {
        "Diluted EPS": 0.09,
        "Total Revenue": 203,
        "Gross Profit": 138,
        "Operating Income": 36,
        "EBIT": 36,
        "Net Income": 19
    },
    "2009-03-31": {
        "Diluted EPS": 0.1,
        "Total Revenue": 192,
        "Gross Profit": 128,
        "Operating Income": 23,
        "EBIT": 23,
        "Net Income": 22
    },
    "2023-09-30": {
        "Tax Effect Of Unusual Items": NaN,
        "Tax Rate For Calcs": NaN,
        "Normalized EBITDA": NaN,
        "Total Unusual Items": NaN,
        "Total Unusual Items Excluding Goodwill": NaN,
        "Net Income From Continuing Operation Net Minority Interest": NaN,
        "Reconciled Depreciation": NaN,
        "Reconciled Cost Of Revenue": NaN,
        "EBITDA": NaN,
        "EBIT": NaN,
        "Net Interest Income": NaN,
        "Interest Expense": NaN,
        "Interest Income": NaN,
        "Normalized Income": NaN,
        "Net Income From Continuing And Discontinued Operation": NaN,
        "Total Expenses": NaN,
        "Total Operating Income As Reported": NaN,
        "Diluted Average Shares": 271902000.0,
        "Basic Average Shares": 271178000.0,
        "Diluted EPS": 0.3,
        "Basic EPS": 0.3,
        "Diluted NI Availto Com Stockholders": NaN,
        "Net Income Common Stockholders": NaN,
        "Net Income": NaN,
        "Minority Interests": NaN,
        "Net Income Including Noncontrolling Interests": NaN,
        "Net Income Continuous Operations": NaN,
        "Tax Provision": NaN,
        "Pretax Income": NaN,
        "Other Income Expense": NaN,
        "Other Non Operating Income Expenses": NaN,
        "Special Income Charges": NaN,
        "Gain On Sale Of Business": NaN,
        "Other Special Charges": NaN,
        "Restructuring And Mergern Acquisition": NaN,
        "Earnings From Equity Interest": NaN,
        "Gain On Sale Of Security": NaN,
        "Net Non Operating Interest Income Expense": NaN,
        "Interest Expense Non Operating": NaN,
        "Interest Income Non Operating": NaN,
        "Operating Income": NaN,
        "Operating Expense": NaN,
        "Depreciation Amortization Depletion Income Statement": NaN,
        "Depreciation And Amortization In Income Statement": NaN,
        "Amortization": NaN,
        "Amortization Of Intangibles Income Statement": NaN,
        "Depreciation Income Statement": NaN,
        "Research And Development": NaN,
        "Selling General And Administration": NaN,
        "Selling And Marketing Expense": NaN,
        "General And Administrative Expense": NaN,
        "Other Gand A": NaN,
        "Gross Profit": NaN,
        "Cost Of Revenue": NaN,
        "Total Revenue": NaN,
        "Operating Revenue": NaN
    },
    "2023-12-31": {
        "Tax Effect Of Unusual Items": NaN,
        "Tax Rate For Calcs": NaN,
        "Normalized EBITDA": NaN,
        "Total Unusual Items": NaN,
        "Total Unusual Items Excluding Goodwill": NaN,
        "Net Income From Continuing Operation Net Minority Interest": NaN,
        "Reconciled Depreciation": NaN,
        "Reconciled Cost Of Revenue": NaN,
        "EBITDA": NaN,
        "EBIT": NaN,
        "Net Interest Income": NaN,
        "Interest Expense": NaN,
        "Interest Income": NaN,
        "Normalized Income": NaN,
        "Net Income From Continuing And Discontinued Operation": NaN,
        "Total Expenses": NaN,
        "Total Operating Income As Reported": NaN,
        "Diluted Average Shares": 272141000.0,
        "Basic Average Shares": 271568000.0,
        "Diluted EPS": 0.14,
        "Basic EPS": 0.14,
        "Diluted NI Availto Com Stockholders": NaN,
        "Net Income Common Stockholders": NaN,
        "Net Income": NaN,
        "Minority Interests": NaN,
        "Net Income Including Noncontrolling Interests": NaN,
        "Net Income Continuous Operations": NaN,
        "Tax Provision": NaN,
        "Pretax Income": NaN,
        "Other Income Expense": NaN,
        "Other Non Operating Income Expenses": NaN,
        "Special Income Charges": NaN,
        "Gain On Sale Of Business": NaN,
        "Other Special Charges": NaN,
        "Restructuring And Mergern Acquisition": NaN,
        "Earnings From Equity Interest": NaN,
        "Gain On Sale Of Security": NaN,
        "Net Non Operating Interest Income Expense": NaN,
        "Interest Expense Non Operating": NaN,
        "Interest Income Non Operating": NaN,
        "Operating Income": NaN,
        "Operating Expense": NaN,
        "Depreciation Amortization Depletion Income Statement": NaN,
        "Depreciation And Amortization In Income Statement": NaN,
        "Amortization": NaN,
        "Amortization Of Intangibles Income Statement": NaN,
        "Depreciation Income Statement": NaN,
        "Research And Development": NaN,
        "Selling General And Administration": NaN,
        "Selling And Marketing Expense": NaN,
        "General And Administrative Expense": NaN,
        "Other Gand A": NaN,
        "Gross Profit": NaN,
        "Cost Of Revenue": NaN,
        "Total Revenue": NaN,
        "Operating Revenue": NaN
    },
    "2024-03-31": {
        "Tax Effect Of Unusual Items": NaN,
        "Tax Rate For Calcs": NaN,
        "Normalized EBITDA": NaN,
        "Total Unusual Items": NaN,
        "Total Unusual Items Excluding Goodwill": NaN,
        "Net Income From Continuing Operation Net Minority Interest": NaN,
        "Reconciled Depreciation": NaN,
        "Reconciled Cost Of Revenue": NaN,
        "EBITDA": NaN,
        "EBIT": NaN,
        "Net Interest Income": NaN,
        "Interest Expense": NaN,
        "Interest Income": NaN,
        "Normalized Income": NaN,
        "Net Income From Continuing And Discontinued Operation": NaN,
        "Total Expenses": NaN,
        "Total Operating Income As Reported": NaN,
        "Diluted Average Shares": 273033000.0,
        "Basic Average Shares": 272272000.0,
        "Diluted EPS": 0.36,
        "Basic EPS": 0.36,
        "Diluted NI Availto Com Stockholders": NaN,
        "Net Income Common Stockholders": NaN,
        "Net Income": NaN,
        "Minority Interests": NaN,
        "Net Income Including Noncontrolling Interests": NaN,
        "Net Income Continuous Operations": NaN,
        "Tax Provision": NaN,
        "Pretax Income": NaN,
        "Other Income Expense": NaN,
        "Other Non Operating Income Expenses": NaN,
        "Special Income Charges": NaN,
        "Gain On Sale Of Business": NaN,
        "Other Special Charges": NaN,
        "Restructuring And Mergern Acquisition": NaN,
        "Earnings From Equity Interest": NaN,
        "Gain On Sale Of Security": NaN,
        "Net Non Operating Interest Income Expense": NaN,
        "Interest Expense Non Operating": NaN,
        "Interest Income Non Operating": NaN,
        "Operating Income": NaN,
        "Operating Expense": NaN,
        "Depreciation Amortization Depletion Income Statement": NaN,
        "Depreciation And Amortization In Income Statement": NaN,
        "Amortization": NaN,
        "Amortization Of Intangibles Income Statement": NaN,
        "Depreciation Income Statement": NaN,
        "Research And Development": NaN,
        "Selling General And Administration": NaN,
        "Selling And Marketing Expense": NaN,
        "General And Administrative Expense": NaN,
        "Other Gand A": NaN,
        "Gross Profit": NaN,
        "Cost Of Revenue": NaN,
        "Total Revenue": NaN,
        "Operating Revenue": NaN
    },
    "2024-06-30": {
        "Tax Effect Of Unusual Items": 52197150.0,
        "Tax Rate For Calcs": 0.15,
        "Normalized EBITDA": 435418000.0,
        "Total Unusual Items": 347981000.0,
        "Total Unusual Items Excluding Goodwill": 347981000.0,
        "Net Income From Continuing Operation Net Minority Interest": 248229000.0,
        "Reconciled Depreciation": 177650000.0,
        "Reconciled Cost Of Revenue": 326213000.0,
        "EBITDA": 783399000.0,
        "EBIT": 605749000.0,
        "Net Interest Income": -102461000.0,
        "Interest Expense": 117897000.0,
        "Interest Income": 15436000.0,
        "Normalized Income": -47554850.0,
        "Net Income From Continuing And Discontinued Operation": 248229000.0,
        "Total Expenses": 1121107000.0,
        "Total Operating Income As Reported": 193258000.0,
        "Diluted Average Shares": NaN,
        "Basic Average Shares": NaN,
        "Diluted EPS": NaN,
        "Basic EPS": NaN,
        "Diluted NI Availto Com Stockholders": 248229000.0,
        "Net Income Common Stockholders": 248229000.0,
        "Net Income": 248229000.0,
        "Minority Interests": -45000.0,
        "Net Income Including Noncontrolling Interests": 248274000.0,
        "Net Income Continuous Operations": 248274000.0,
        "Tax Provision": 239578000.0,
        "Pretax Income": 487852000.0,
        "Other Income Expense": 349271000.0,
        "Other Non Operating Income Expenses": 471000.0,
        "Special Income Charges": 335728000.0,
        "Gain On Sale Of Business": 396775000.0,
        "Other Special Charges": 47479000.0,
        "Restructuring And Mergern Acquisition": 13568000.0,
        "Earnings From Equity Interest": 819000.0,
        "Gain On Sale Of Security": 12253000.0,
        "Net Non Operating Interest Income Expense": -102461000.0,
        "Interest Expense Non Operating": 117897000.0,
        "Interest Income Non Operating": 15436000.0,
        "Operating Income": 241042000.0,
        "Operating Expense": 746674000.0,
        "Depreciation Amortization Depletion Income Statement": 129430000.0,
        "Depreciation And Amortization In Income Statement": 129430000.0,
        "Amortization": 97446000.0,
        "Amortization Of Intangibles Income Statement": 97446000.0,
        "Depreciation Income Statement": 31984000.0,
        "Research And Development": 205253000.0,
        "Selling General And Administration": 411991000.0,
        "Selling And Marketing Expense": 285352000.0,
        "General And Administrative Expense": 126639000.0,
        "Other Gand A": 126639000.0,
        "Gross Profit": 987716000.0,
        "Cost Of Revenue": 374433000.0,
        "Total Revenue": 1362149000.0,
        "Operating Revenue": 1362149000.0
    },
    "2024-09-30": {
        "Tax Effect Of Unusual Items": -1835900.0,
        "Tax Rate For Calcs": 0.022,
        "Normalized EBITDA": 429514000.0,
        "Total Unusual Items": -83450000.0,
        "Total Unusual Items Excluding Goodwill": -83450000.0,
        "Net Income From Continuing Operation Net Minority Interest": 84368000.0,
        "Reconciled Depreciation": 160919000.0,
        "Reconciled Cost Of Revenue": 311403000.0,
        "EBITDA": 346064000.0,
        "EBIT": 185145000.0,
        "Net Interest Income": -84282000.0,
        "Interest Expense": 98840000.0,
        "Interest Income": 14558000.0,
        "Normalized Income": 165982100.0,
        "Net Income From Continuing And Discontinued Operation": 84368000.0,
        "Total Expenses": 1015627000.0,
        "Total Operating Income As Reported": 206242000.0,
        "Diluted Average Shares": 267821000.0,
        "Basic Average Shares": 267400000.0,
        "Diluted EPS": 0.32,
        "Basic EPS": 0.32,
        "Diluted NI Availto Com Stockholders": 84368000.0,
        "Net Income Common Stockholders": 84368000.0,
        "Net Income": 84368000.0,
        "Minority Interests": -54000.0,
        "Net Income Including Noncontrolling Interests": 84422000.0,
        "Net Income Continuous Operations": 84422000.0,
        "Tax Provision": 1883000.0,
        "Pretax Income": 86305000.0,
        "Other Income Expense": -82791000.0,
        "Other Non Operating Income Expenses": 204000.0,
        "Special Income Charges": -47136000.0,
        "Gain On Sale Of Business": -4160000.0,
        "Other Special Charges": 1657000.0,
        "Restructuring And Mergern Acquisition": 41319000.0,
        "Earnings From Equity Interest": 455000.0,
        "Gain On Sale Of Security": -36314000.0,
        "Net Non Operating Interest Income Expense": -84282000.0,
        "Interest Expense Non Operating": 98840000.0,
        "Interest Income Non Operating": 14558000.0,
        "Operating Income": 253378000.0,
        "Operating Expense": 656980000.0,
        "Depreciation Amortization Depletion Income Statement": 113675000.0,
        "Depreciation And Amortization In Income Statement": 113675000.0,
        "Amortization": 81504000.0,
        "Amortization Of Intangibles Income Statement": 81504000.0,
        "Depreciation Income Statement": 32171000.0,
        "Research And Development": 190693000.0,
        "Selling General And Administration": 352612000.0,
        "Selling And Marketing Expense": 245882000.0,
        "General And Administrative Expense": 106730000.0,
        "Other Gand A": 106730000.0,
        "Gross Profit": 910358000.0,
        "Cost Of Revenue": 358647000.0,
        "Total Revenue": 1269005000.0,
        "Operating Revenue": 1269005000.0
    },
    "2024-12-31": {
        "Tax Effect Of Unusual Items": 9353175.0,
        "Tax Rate For Calcs": 0.181,
        "Normalized EBITDA": 484772000.0,
        "Total Unusual Items": 51675000.0,
        "Total Unusual Items Excluding Goodwill": 51675000.0,
        "Net Income From Continuing Operation Net Minority Interest": 229862000.0,
        "Reconciled Depreciation": 160130000.0,
        "Reconciled Cost Of Revenue": 309321000.0,
        "EBITDA": 536447000.0,
        "EBIT": 376317000.0,
        "Net Interest Income": -83615000.0,
        "Interest Expense": 95518000.0,
        "Interest Income": 11903000.0,
        "Normalized Income": 187540175.0,
        "Net Income From Continuing And Discontinued Operation": 229862000.0,
        "Total Expenses": 1023463000.0,
        "Total Operating Income As Reported": 295799000.0,
        "Diluted Average Shares": 265193000.0,
        "Basic Average Shares": 265099000.0,
        "Diluted EPS": 0.87,
        "Basic EPS": 0.87,
        "Diluted NI Availto Com Stockholders": 229862000.0,
        "Net Income Common Stockholders": 229862000.0,
        "Net Income": 229862000.0,
        "Minority Interests": -44000.0,
        "Net Income Including Noncontrolling Interests": 229906000.0,
        "Net Income Continuous Operations": 229906000.0,
        "Tax Provision": 50893000.0,
        "Pretax Income": 280799000.0,
        "Other Income Expense": 53377000.0,
        "Other Non Operating Income Expenses": 164000.0,
        "Special Income Charges": -19413000.0,
        "Gain On Sale Of Business": -4224000.0,
        "Other Special Charges": 2815000.0,
        "Restructuring And Mergern Acquisition": 12374000.0,
        "Earnings From Equity Interest": 1538000.0,
        "Gain On Sale Of Security": 71088000.0,
        "Net Non Operating Interest Income Expense": -83615000.0,
        "Interest Expense Non Operating": 95518000.0,
        "Interest Income Non Operating": 11903000.0,
        "Operating Income": 311037000.0,
        "Operating Expense": 666939000.0,
        "Depreciation Amortization Depletion Income Statement": 112927000.0,
        "Depreciation And Amortization In Income Statement": 112927000.0,
        "Amortization": 81048000.0,
        "Amortization Of Intangibles Income Statement": 81048000.0,
        "Depreciation Income Statement": 31879000.0,
        "Research And Development": 180727000.0,
        "Selling General And Administration": 373285000.0,
        "Selling And Marketing Expense": 273929000.0,
        "General And Administrative Expense": 99356000.0,
        "Other Gand A": 99356000.0,
        "Gross Profit": 977976000.0,
        "Cost Of Revenue": 356524000.0,
        "Total Revenue": 1334500000.0,
        "Operating Revenue": 1334500000.0
    },
    "2025-03-31": {
        "Tax Effect Of Unusual Items": -3395595.0,
        "Tax Rate For Calcs": 0.105,
        "Normalized EBITDA": 386117000.0,
        "Total Unusual Items": -32339000.0,
        "Total Unusual Items Excluding Goodwill": -32339000.0,
        "Net Income From Continuing Operation Net Minority Interest": 92805000.0,
        "Reconciled Depreciation": 159356000.0,
        "Reconciled Cost Of Revenue": 308910000.0,
        "EBITDA": 353778000.0,
        "EBIT": 194422000.0,
        "Net Interest Income": -78816000.0,
        "Interest Expense": 90726000.0,
        "Interest Income": 11910000.0,
        "Normalized Income": 121748405.0,
        "Net Income From Continuing And Discontinued Operation": 92805000.0,
        "Total Expenses": 1041419000.0,
        "Total Operating Income As Reported": 209090000.0,
        "Diluted Average Shares": 263834000.0,
        "Basic Average Shares": 262841000.0,
        "Diluted EPS": 0.35,
        "Basic EPS": 0.35,
        "Diluted NI Availto Com Stockholders": 92805000.0,
        "Net Income Common Stockholders": 92805000.0,
        "Net Income": 92805000.0,
        "Minority Interests": -49000.0,
        "Net Income Including Noncontrolling Interests": 92854000.0,
        "Net Income Continuous Operations": 92854000.0,
        "Tax Provision": 10842000.0,
        "Pretax Income": 103696000.0,
        "Other Income Expense": -30432000.0,
        "Other Non Operating Income Expenses": 263000.0,
        "Special Income Charges": -3854000.0,
        "Gain On Sale Of Business": -436000.0,
        "Other Special Charges": 1323000.0,
        "Restructuring And Mergern Acquisition": 2095000.0,
        "Earnings From Equity Interest": 1644000.0,
        "Gain On Sale Of Security": -28485000.0,
        "Net Non Operating Interest Income Expense": -78816000.0,
        "Interest Expense Non Operating": 90726000.0,
        "Interest Income Non Operating": 11910000.0,
        "Operating Income": 212944000.0,
        "Operating Expense": 685310000.0,
        "Depreciation Amortization Depletion Income Statement": 112157000.0,
        "Depreciation And Amortization In Income Statement": 112157000.0,
        "Amortization": 79683000.0,
        "Amortization Of Intangibles Income Statement": 79683000.0,
        "Depreciation Income Statement": 32474000.0,
        "Research And Development": 197333000.0,
        "Selling General And Administration": 375820000.0,
        "Selling And Marketing Expense": 260102000.0,
        "General And Administrative Expense": 115718000.0,
        "Other Gand A": 115718000.0,
        "Gross Profit": 898254000.0,
        "Cost Of Revenue": 356109000.0,
        "Total Revenue": 1254363000.0,
        "Operating Revenue": 1254363000.0
    },
    "2025-06-30": {
        "Tax Effect Of Unusual Items": -24825750.0,
        "Tax Rate For Calcs": 0.15,
        "Normalized EBITDA": 429920000.0,
        "Total Unusual Items": -165505000.0,
        "Total Unusual Items Excluding Goodwill": -165505000.0,
        "Net Income From Continuing Operation Net Minority Interest": 28833000.0,
        "Reconciled Depreciation": 160839000.0,
        "Reconciled Cost Of Revenue": 315704000.0,
        "EBITDA": 264415000.0,
        "EBIT": 103576000.0,
        "Net Interest Income": -81118000.0,
        "Interest Expense": 92305000.0,
        "Interest Income": 11187000.0,
        "Normalized Income": 169512250.0,
        "Net Income From Continuing And Discontinued Operation": 28833000.0,
        "Total Expenses": 1049317000.0,
        "Total Operating Income As Reported": 181558000.0,
        "Diluted Average Shares": 257711000.0,
        "Basic Average Shares": 257680000.0,
        "Diluted EPS": 0.11,
        "Basic EPS": 0.11,
        "Diluted NI Availto Com Stockholders": 28833000.0,
        "Net Income Common Stockholders": 28833000.0,
        "Net Income": 28833000.0,
        "Minority Interests": -51000.0,
        "Net Income Including Noncontrolling Interests": 28884000.0,
        "Net Income Continuous Operations": 28884000.0,
        "Tax Provision": -17613000.0,
        "Pretax Income": 11271000.0,
        "Other Income Expense": -168831000.0,
        "Other Non Operating Income Expenses": 81000.0,
        "Special Income Charges": -79662000.0,
        "Gain On Sale Of Business": -135000.0,
        "Other Special Charges": 4321000.0,
        "Restructuring And Mergern Acquisition": 75206000.0,
        "Earnings From Equity Interest": -3407000.0,
        "Gain On Sale Of Security": -85843000.0,
        "Net Non Operating Interest Income Expense": -81118000.0,
        "Interest Expense Non Operating": 92305000.0,
        "Interest Income Non Operating": 11187000.0,
        "Operating Income": 261220000.0,
        "Operating Expense": 686479000.0,
        "Depreciation Amortization Depletion Income Statement": 113705000.0,
        "Depreciation And Amortization In Income Statement": 113705000.0,
        "Amortization": 79656000.0,
        "Amortization Of Intangibles Income Statement": 79656000.0,
        "Depreciation Income Statement": 34049000.0,
        "Research And Development": 187183000.0,
        "Selling General And Administration": 385591000.0,
        "Selling And Marketing Expense": 279584000.0,
        "General And Administrative Expense": 106007000.0,
        "Other Gand A": 106007000.0,
        "Gross Profit": 947699000.0,
        "Cost Of Revenue": 362838000.0,
        "Total Revenue": 1310537000.0,
        "Operating Revenue": 1310537000.0
    },
    "2025-09-30": {
        "Tax Effect Of Unusual Items": -5370161.0,
        "Tax Rate For Calcs": 0.211,
        "Normalized EBITDA": 462326000.0,
        "Total Unusual Items": -25451000.0,
        "Total Unusual Items Excluding Goodwill": -25451000.0,
        "Net Income From Continuing Operation Net Minority Interest": 146616000.0,
        "Reconciled Depreciation": 159686000.0,
        "Reconciled Cost Of Revenue": 306415000.0,
        "EBITDA": 436875000.0,
        "EBIT": 277189000.0,
        "Net Interest Income": -81114000.0,
        "Interest Expense": 91330000.0,
        "Interest Income": 10216000.0,
        "Normalized Income": 166696839.0,
        "Net Income From Continuing And Discontinued Operation": 146616000.0,
        "Total Expenses": 998047000.0,
        "Total Operating Income As Reported": 269949000.0,
        "Diluted Average Shares": 253772000.0,
        "Basic Average Shares": 253645000.0,
        "Diluted EPS": 0.58,
        "Basic EPS": 0.58,
        "Diluted NI Availto Com Stockholders": 146616000.0,
        "Net Income Common Stockholders": 146616000.0,
        "Net Income": 146616000.0,
        "Minority Interests": -44000.0,
        "Net Income Including Noncontrolling Interests": 146660000.0,
        "Net Income Continuous Operations": 146660000.0,
        "Tax Provision": 39199000.0,
        "Pretax Income": 185859000.0,
        "Other Income Expense": -23115000.0,
        "Other Non Operating Income Expenses": -81000.0,
        "Special Income Charges": -20139000.0,
        "Gain On Sale Of Business": -941000.0,
        "Other Special Charges": 7507000.0,
        "Restructuring And Mergern Acquisition": 11691000.0,
        "Earnings From Equity Interest": 2417000.0,
        "Gain On Sale Of Security": -5312000.0,
        "Net Non Operating Interest Income Expense": -81114000.0,
        "Interest Expense Non Operating": 91330000.0,
        "Interest Income Non Operating": 10216000.0,
        "Operating Income": 290088000.0,
        "Operating Expense": 647428000.0,
        "Depreciation Amortization Depletion Income Statement": 115482000.0,
        "Depreciation And Amortization In Income Statement": 115482000.0,
        "Amortization": 79561000.0,
        "Amortization Of Intangibles Income Statement": 79561000.0,
        "Depreciation Income Statement": 35921000.0,
        "Research And Development": 169128000.0,
        "Selling General And Administration": 362818000.0,
        "Selling And Marketing Expense": 257055000.0,
        "General And Administrative Expense": 105763000.0,
        "Other Gand A": 105763000.0,
        "Gross Profit": 937516000.0,
        "Cost Of Revenue": 350619000.0,
        "Total Revenue": 1288135000.0,
        "Operating Revenue": 1288135000.0
    }
}