{
    "2023-06-30": {
        "Tax Effect Of Unusual Items": NaN,
        "Tax Rate For Calcs": NaN,
        "Normalized EBITDA": NaN,
        "Total Unusual Items": 18380000.0,
        "Total Unusual Items Excluding Goodwill": 18380000.0,
        "Net Income From Continuing Operation Net Minority Interest": NaN,
        "Reconciled Depreciation": NaN,
        "Reconciled Cost Of Revenue": NaN,
        "EBITDA": NaN,
        "EBIT": NaN,
        "Net Interest Income": NaN,
        "Interest Expense": 14550000.0,
        "Interest Income": 2808000.0,
        "Normalized Income": NaN,
        "Net Income From Continuing And Discontinued Operation": NaN,
        "Total Expenses": NaN,
        "Total Operating Income As Reported": NaN,
        "Diluted Average Shares": NaN,
        "Basic Average Shares": NaN,
        "Diluted EPS": NaN,
        "Basic EPS": NaN,
        "Diluted NI Availto Com Stockholders": NaN,
        "Average Dilution Earnings": NaN,
        "Net Income Common Stockholders": NaN,
        "Net Income": NaN,
        "Minority Interests": NaN,
        "Net Income Including Noncontrolling Interests": NaN,
        "Net Income Continuous Operations": NaN,
        "Tax Provision": NaN,
        "Pretax Income": NaN,
        "Other Income Expense": 18380000.0,
        "Other Non Operating Income Expenses": 3823000.0,
        "Gain On Sale Of Security": 18380000.0,
        "Net Non Operating Interest Income Expense": NaN,
        "Total Other Finance Cost": NaN,
        "Interest Expense Non Operating": 14550000.0,
        "Interest Income Non Operating": 2808000.0,
        "Operating Income": NaN,
        "Operating Expense": NaN,
        "Other Operating Expenses": NaN,
        "Research And Development": NaN,
        "Selling General And Administration": NaN,
        "Gross Profit": NaN,
        "Cost Of Revenue": NaN,
        "Total Revenue": NaN,
        "Operating Revenue": NaN
    },
    "2023-03-31": {
        "Tax Effect Of Unusual Items": NaN,
        "Tax Rate For Calcs": NaN,
        "Normalized EBITDA": NaN,
        "Total Unusual Items": 2072000.0,
        "Total Unusual Items Excluding Goodwill": 2072000.0,
        "Net Income From Continuing Operation Net Minority Interest": NaN,
        "Reconciled Depreciation": NaN,
        "Reconciled Cost Of Revenue": NaN,
        "EBITDA": NaN,
        "EBIT": NaN,
        "Net Interest Income": NaN,
        "Interest Expense": NaN,
        "Interest Income": 346000.0,
        "Normalized Income": NaN,
        "Net Income From Continuing And Discontinued Operation": NaN,
        "Total Expenses": NaN,
        "Total Operating Income As Reported": NaN,
        "Diluted Average Shares": NaN,
        "Basic Average Shares": NaN,
        "Diluted EPS": NaN,
        "Basic EPS": NaN,
        "Diluted NI Availto Com Stockholders": NaN,
        "Average Dilution Earnings": NaN,
        "Net Income Common Stockholders": NaN,
        "Net Income": NaN,
        "Minority Interests": NaN,
        "Net Income Including Noncontrolling Interests": NaN,
        "Net Income Continuous Operations": NaN,
        "Tax Provision": NaN,
        "Pretax Income": NaN,
        "Other Income Expense": 2072000.0,
        "Other Non Operating Income Expenses": NaN,
        "Gain On Sale Of Security": 2072000.0,
        "Net Non Operating Interest Income Expense": NaN,
        "Total Other Finance Cost": NaN,
        "Interest Expense Non Operating": NaN,
        "Interest Income Non Operating": 346000.0,
        "Operating Income": NaN,
        "Operating Expense": NaN,
        "Other Operating Expenses": NaN,
        "Research And Development": NaN,
        "Selling General And Administration": NaN,
        "Gross Profit": NaN,
        "Cost Of Revenue": NaN,
        "Total Revenue": NaN,
        "Operating Revenue": NaN
    },
    "2022-12-31": {
        "Tax Effect Of Unusual Items": NaN,
        "Tax Rate For Calcs": NaN,
        "Normalized EBITDA": NaN,
        "Total Unusual Items": 7065000.0,
        "Total Unusual Items Excluding Goodwill": 7065000.0,
        "Net Income From Continuing Operation Net Minority Interest": NaN,
        "Reconciled Depreciation": NaN,
        "Reconciled Cost Of Revenue": NaN,
        "EBITDA": NaN,
        "EBIT": NaN,
        "Net Interest Income": NaN,
        "Interest Expense": NaN,
        "Interest Income": 368000.0,
        "Normalized Income": NaN,
        "Net Income From Continuing And Discontinued Operation": NaN,
        "Total Expenses": NaN,
        "Total Operating Income As Reported": NaN,
        "Diluted Average Shares": NaN,
        "Basic Average Shares": NaN,
        "Diluted EPS": NaN,
        "Basic EPS": NaN,
        "Diluted NI Availto Com Stockholders": NaN,
        "Average Dilution Earnings": NaN,
        "Net Income Common Stockholders": NaN,
        "Net Income": NaN,
        "Minority Interests": NaN,
        "Net Income Including Noncontrolling Interests": NaN,
        "Net Income Continuous Operations": NaN,
        "Tax Provision": NaN,
        "Pretax Income": NaN,
        "Other Income Expense": 7065000.0,
        "Other Non Operating Income Expenses": NaN,
        "Gain On Sale Of Security": 7065000.0,
        "Net Non Operating Interest Income Expense": NaN,
        "Total Other Finance Cost": NaN,
        "Interest Expense Non Operating": NaN,
        "Interest Income Non Operating": 368000.0,
        "Operating Income": NaN,
        "Operating Expense": NaN,
        "Other Operating Expenses": NaN,
        "Research And Development": NaN,
        "Selling General And Administration": NaN,
        "Gross Profit": NaN,
        "Cost Of Revenue": NaN,
        "Total Revenue": NaN,
        "Operating Revenue": NaN
    },
    "2022-09-30": {
        "Tax Effect Of Unusual Items": NaN,
        "Tax Rate For Calcs": NaN,
        "Normalized EBITDA": NaN,
        "Total Unusual Items": NaN,
        "Total Unusual Items Excluding Goodwill": NaN,
        "Net Income From Continuing Operation Net Minority Interest": NaN,
        "Reconciled Depreciation": NaN,
        "Reconciled Cost Of Revenue": NaN,
        "EBITDA": NaN,
        "EBIT": NaN,
        "Net Interest Income": NaN,
        "Interest Expense": NaN,
        "Interest Income": NaN,
        "Normalized Income": NaN,
        "Net Income From Continuing And Discontinued Operation": NaN,
        "Total Expenses": NaN,
        "Total Operating Income As Reported": NaN,
        "Diluted Average Shares": NaN,
        "Basic Average Shares": NaN,
        "Diluted EPS": NaN,
        "Basic EPS": NaN,
        "Diluted NI Availto Com Stockholders": NaN,
        "Average Dilution Earnings": 0.0,
        "Net Income Common Stockholders": NaN,
        "Net Income": NaN,
        "Minority Interests": 0.0,
        "Net Income Including Noncontrolling Interests": NaN,
        "Net Income Continuous Operations": NaN,
        "Tax Provision": NaN,
        "Pretax Income": NaN,
        "Other Income Expense": NaN,
        "Other Non Operating Income Expenses": NaN,
        "Gain On Sale Of Security": NaN,
        "Net Non Operating Interest Income Expense": NaN,
        "Total Other Finance Cost": NaN,
        "Interest Expense Non Operating": NaN,
        "Interest Income Non Operating": NaN,
        "Operating Income": NaN,
        "Operating Expense": NaN,
        "Other Operating Expenses": NaN,
        "Research And Development": NaN,
        "Selling General And Administration": NaN,
        "Gross Profit": NaN,
        "Cost Of Revenue": NaN,
        "Total Revenue": NaN,
        "Operating Revenue": NaN
    },
    "2022-06-30": {
        "Tax Effect Of Unusual Items": 85921.889579,
        "Tax Rate For Calcs": 0.040415,
        "Normalized EBITDA": -73889000.0,
        "Total Unusual Items": 2126000.0,
        "Total Unusual Items Excluding Goodwill": 2126000.0,
        "Net Income From Continuing Operation Net Minority Interest": -71990000.0,
        "Reconciled Depreciation": 11876000.0,
        "Reconciled Cost Of Revenue": 149814000.0,
        "EBITDA": -71763000.0,
        "EBIT": -71763000.0,
        "Net Interest Income": -2719000.0,
        "Interest Expense": 3259000.0,
        "Interest Income": 678000.0,
        "Normalized Income": -74030078.110421,
        "Net Income From Continuing And Discontinued Operation": -71990000.0,
        "Total Expenses": 252387000.0,
        "Total Operating Income As Reported": -74429000.0,
        "Diluted Average Shares": 591945667.0,
        "Basic Average Shares": 591945667.0,
        "Diluted EPS": -0.12,
        "Basic EPS": -0.12,
        "Diluted NI Availto Com Stockholders": -71990000.0,
        "Net Income Common Stockholders": -71990000.0,
        "Net Income": -71990000.0,
        "Net Income Including Noncontrolling Interests": -71990000.0,
        "Net Income Continuous Operations": -71990000.0,
        "Tax Provision": -3032000.0,
        "Pretax Income": -75022000.0,
        "Other Income Expense": 2126000.0,
        "Other Non Operating Income Expenses": NaN,
        "Gain On Sale Of Security": 2126000.0,
        "Net Non Operating Interest Income Expense": -2719000.0,
        "Total Other Finance Cost": 138000.0,
        "Interest Expense Non Operating": 3259000.0,
        "Interest Income Non Operating": 678000.0,
        "Operating Income": -74429000.0,
        "Operating Expense": 102573000.0,
        "Other Operating Expenses": -205000.0,
        "Research And Development": 5718000.0,
        "Selling General And Administration": 97060000.0,
        "Gross Profit": 28144000.0,
        "Cost Of Revenue": 149814000.0,
        "Total Revenue": 177958000.0,
        "Operating Revenue": 177958000.0
    },
    "2022-03-31": {
        "Diluted EPS": -0.15,
        "Total Revenue": 166,
        "Gross Profit": 16,
        "Operating Income": -92,
        "EBIT": -81,
        "Net Income": -87
    },
    "2021-12-31": {
        "Diluted EPS": -0.14,
        "Total Revenue": 186,
        "Gross Profit": 30,
        "Operating Income": -93,
        "EBIT": -82,
        "Net Income": -80
    },
    "2021-09-30": {
        "Diluted EPS": -0.07,
        "Total Revenue": 171,
        "Gross Profit": 45,
        "Operating Income": -44,
        "EBIT": -37,
        "Net Income": -41
    },
    "2021-06-30": {
        "Diluted EPS": -0.11,
        "Total Revenue": 146,
        "Gross Profit": 39,
        "Operating Income": -48,
        "EBIT": -43,
        "Net Income": -59
    },
    "2021-03-31": {
        "Diluted EPS": -0.07,
        "Total Revenue": 140,
        "Gross Profit": 42,
        "Operating Income": -29,
        "EBIT": -25,
        "Net Income": -32
    },
    "2020-12-31": {
        "Diluted EPS": -0.08,
        "Total Revenue": 127,
        "Gross Profit": 35,
        "Operating Income": -30,
        "EBIT": -26,
        "Net Income": -37
    },
    "2020-09-30": {
        "Diluted EPS": -0.02,
        "Total Revenue": 115,
        "Gross Profit": 36,
        "Operating Income": -8,
        "EBIT": -5,
        "Net Income": -10
    },
    "2020-06-30": {
        "Diluted EPS": -0.01,
        "Total Revenue": 95,
        "Gross Profit": 31,
        "Operating Income": -4,
        "EBIT": -1,
        "Net Income": -5
    },
    "2020-03-31": {
        "Diluted EPS": -0.02,
        "Total Revenue": 84,
        "Gross Profit": 27,
        "Operating Income": -5,
        "EBIT": -2,
        "Net Income": -8
    },
    "2019-12-31": {
        "Diluted EPS": 0.0,
        "Total Revenue": NaN,
        "Gross Profit": NaN,
        "Operating Income": NaN,
        "EBIT": NaN,
        "Net Income": NaN
    },
    "2023-09-30": {
        "Tax Effect Of Unusual Items": NaN,
        "Tax Rate For Calcs": NaN,
        "Normalized EBITDA": NaN,
        "Total Unusual Items": 124157000.0,
        "Total Unusual Items Excluding Goodwill": 124157000.0,
        "Net Income From Continuing Operation Net Minority Interest": NaN,
        "Reconciled Depreciation": NaN,
        "Reconciled Cost Of Revenue": NaN,
        "EBITDA": NaN,
        "EBIT": NaN,
        "Net Interest Income": NaN,
        "Interest Expense": 14907000.0,
        "Interest Income": 4383000.0,
        "Normalized Income": NaN,
        "Net Income From Continuing And Discontinued Operation": NaN,
        "Total Expenses": NaN,
        "Total Operating Income As Reported": NaN,
        "Diluted Average Shares": NaN,
        "Basic Average Shares": NaN,
        "Diluted EPS": NaN,
        "Basic EPS": NaN,
        "Diluted NI Availto Com Stockholders": NaN,
        "Average Dilution Earnings": -118052000.0,
        "Net Income Common Stockholders": NaN,
        "Net Income": NaN,
        "Minority Interests": NaN,
        "Net Income Including Noncontrolling Interests": NaN,
        "Net Income Continuous Operations": NaN,
        "Tax Provision": NaN,
        "Pretax Income": NaN,
        "Other Income Expense": 124157000.0,
        "Gain On Sale Of Security": 124157000.0,
        "Net Non Operating Interest Income Expense": NaN,
        "Total Other Finance Cost": NaN,
        "Interest Expense Non Operating": 14907000.0,
        "Interest Income Non Operating": 4383000.0,
        "Operating Income": NaN,
        "Operating Expense": NaN,
        "Other Operating Expenses": NaN,
        "Research And Development": NaN,
        "Selling General And Administration": NaN,
        "Gross Profit": NaN,
        "Cost Of Revenue": NaN,
        "Total Revenue": NaN,
        "Operating Revenue": NaN
    },
    "2023-12-31": {
        "Tax Effect Of Unusual Items": NaN,
        "Tax Rate For Calcs": NaN,
        "Normalized EBITDA": NaN,
        "Total Unusual Items": -224558000.0,
        "Total Unusual Items Excluding Goodwill": -224558000.0,
        "Net Income From Continuing Operation Net Minority Interest": NaN,
        "Reconciled Depreciation": NaN,
        "Reconciled Cost Of Revenue": NaN,
        "EBITDA": NaN,
        "EBIT": NaN,
        "Net Interest Income": NaN,
        "Interest Expense": 15706000.0,
        "Interest Income": 5129000.0,
        "Normalized Income": NaN,
        "Net Income From Continuing And Discontinued Operation": NaN,
        "Total Expenses": NaN,
        "Total Operating Income As Reported": NaN,
        "Diluted Average Shares": NaN,
        "Basic Average Shares": NaN,
        "Diluted EPS": NaN,
        "Basic EPS": NaN,
        "Diluted NI Availto Com Stockholders": NaN,
        "Net Income Common Stockholders": NaN,
        "Net Income": NaN,
        "Minority Interests": NaN,
        "Net Income Including Noncontrolling Interests": NaN,
        "Net Income Continuous Operations": NaN,
        "Tax Provision": NaN,
        "Pretax Income": NaN,
        "Other Income Expense": -224558000.0,
        "Gain On Sale Of Security": -42720000.0,
        "Net Non Operating Interest Income Expense": NaN,
        "Total Other Finance Cost": NaN,
        "Interest Expense Non Operating": 15706000.0,
        "Interest Income Non Operating": 5129000.0,
        "Operating Income": NaN,
        "Operating Expense": NaN,
        "Other Operating Expenses": NaN,
        "Research And Development": NaN,
        "Selling General And Administration": NaN,
        "Gross Profit": NaN,
        "Cost Of Revenue": NaN,
        "Total Revenue": NaN,
        "Operating Revenue": NaN
    },
    "2024-03-31": {
        "Tax Effect Of Unusual Items": NaN,
        "Tax Rate For Calcs": NaN,
        "Normalized EBITDA": NaN,
        "Total Unusual Items": NaN,
        "Total Unusual Items Excluding Goodwill": NaN,
        "Net Income From Continuing Operation Net Minority Interest": NaN,
        "Reconciled Depreciation": NaN,
        "Reconciled Cost Of Revenue": NaN,
        "EBITDA": NaN,
        "EBIT": NaN,
        "Net Interest Income": NaN,
        "Interest Expense": 12300000.0,
        "Interest Income": NaN,
        "Normalized Income": NaN,
        "Net Income From Continuing And Discontinued Operation": NaN,
        "Total Expenses": NaN,
        "Total Operating Income As Reported": NaN,
        "Diluted Average Shares": NaN,
        "Basic Average Shares": NaN,
        "Diluted EPS": NaN,
        "Basic EPS": NaN,
        "Diluted NI Availto Com Stockholders": NaN,
        "Net Income Common Stockholders": NaN,
        "Net Income": NaN,
        "Minority Interests": NaN,
        "Net Income Including Noncontrolling Interests": NaN,
        "Net Income Continuous Operations": NaN,
        "Tax Provision": NaN,
        "Pretax Income": NaN,
        "Other Income Expense": NaN,
        "Special Income Charges": NaN,
        "Restructuring And Mergern Acquisition": NaN,
        "Gain On Sale Of Security": NaN,
        "Net Non Operating Interest Income Expense": NaN,
        "Total Other Finance Cost": NaN,
        "Interest Expense Non Operating": 12300000.0,
        "Interest Income Non Operating": NaN,
        "Operating Income": NaN,
        "Operating Expense": NaN,
        "Other Operating Expenses": NaN,
        "Research And Development": NaN,
        "Selling General And Administration": NaN,
        "Gross Profit": NaN,
        "Cost Of Revenue": NaN,
        "Total Revenue": NaN,
        "Operating Revenue": NaN
    },
    "2024-06-30": {
        "Tax Effect Of Unusual Items": NaN,
        "Tax Rate For Calcs": NaN,
        "Normalized EBITDA": NaN,
        "Total Unusual Items": 23892000.0,
        "Total Unusual Items Excluding Goodwill": 23892000.0,
        "Net Income From Continuing Operation Net Minority Interest": NaN,
        "Reconciled Depreciation": NaN,
        "Reconciled Cost Of Revenue": NaN,
        "EBITDA": NaN,
        "EBIT": NaN,
        "Net Interest Income": NaN,
        "Interest Expense": 15874000.0,
        "Interest Income": 2892000.0,
        "Normalized Income": NaN,
        "Net Income From Continuing And Discontinued Operation": NaN,
        "Total Expenses": NaN,
        "Total Operating Income As Reported": NaN,
        "Diluted Average Shares": NaN,
        "Basic Average Shares": NaN,
        "Diluted EPS": NaN,
        "Basic EPS": NaN,
        "Diluted NI Availto Com Stockholders": NaN,
        "Net Income Common Stockholders": NaN,
        "Net Income": NaN,
        "Minority Interests": NaN,
        "Net Income Including Noncontrolling Interests": NaN,
        "Net Income Continuous Operations": NaN,
        "Tax Provision": NaN,
        "Pretax Income": NaN,
        "Other Income Expense": 23892000.0,
        "Special Income Charges": NaN,
        "Restructuring And Mergern Acquisition": NaN,
        "Gain On Sale Of Security": 23892000.0,
        "Net Non Operating Interest Income Expense": NaN,
        "Total Other Finance Cost": NaN,
        "Interest Expense Non Operating": 15874000.0,
        "Interest Income Non Operating": 2892000.0,
        "Operating Income": NaN,
        "Operating Expense": NaN,
        "Other Operating Expenses": NaN,
        "Research And Development": NaN,
        "Selling General And Administration": NaN,
        "Gross Profit": NaN,
        "Cost Of Revenue": NaN,
        "Total Revenue": NaN,
        "Operating Revenue": NaN
    },
    "2024-09-30": {
        "Tax Effect Of Unusual Items": 0.0,
        "Tax Rate For Calcs": 0.21,
        "Normalized EBITDA": -16244000.0,
        "Total Unusual Items": NaN,
        "Total Unusual Items Excluding Goodwill": NaN,
        "Net Income From Continuing Operation Net Minority Interest": -34560000.0,
        "Reconciled Depreciation": 12713000.0,
        "Reconciled Cost Of Revenue": 145979000.0,
        "EBITDA": -16244000.0,
        "EBIT": -28957000.0,
        "Net Interest Income": -4284000.0,
        "Interest Expense": NaN,
        "Interest Income": NaN,
        "Normalized Income": -34560000.0,
        "Net Income From Continuing And Discontinued Operation": -34560000.0,
        "Total Expenses": 236957000.0,
        "Total Operating Income As Reported": -28957000.0,
        "Diluted Average Shares": 29898422.0,
        "Basic Average Shares": 29898422.0,
        "Diluted EPS": -1.2,
        "Basic EPS": -1.2,
        "Diluted NI Availto Com Stockholders": -34560000.0,
        "Net Income Common Stockholders": -34560000.0,
        "Net Income": -34560000.0,
        "Minority Interests": 70000.0,
        "Net Income Including Noncontrolling Interests": -34630000.0,
        "Net Income Continuous Operations": -34630000.0,
        "Tax Provision": 1389000.0,
        "Pretax Income": -33241000.0,
        "Other Income Expense": NaN,
        "Special Income Charges": NaN,
        "Restructuring And Mergern Acquisition": NaN,
        "Gain On Sale Of Security": NaN,
        "Net Non Operating Interest Income Expense": -4284000.0,
        "Total Other Finance Cost": 4284000.0,
        "Interest Expense Non Operating": NaN,
        "Interest Income Non Operating": NaN,
        "Operating Income": -28957000.0,
        "Operating Expense": 90978000.0,
        "Other Operating Expenses": 368000.0,
        "Research And Development": 10867000.0,
        "Selling General And Administration": 79743000.0,
        "Gross Profit": 62021000.0,
        "Cost Of Revenue": 145979000.0,
        "Total Revenue": 208000000.0,
        "Operating Revenue": 208000000.0
    },
    "2024-12-31": {
        "Tax Effect Of Unusual Items": 0.0,
        "Tax Rate For Calcs": 0.21,
        "Normalized EBITDA": -27713000.0,
        "Total Unusual Items": NaN,
        "Total Unusual Items Excluding Goodwill": NaN,
        "Net Income From Continuing Operation Net Minority Interest": -91206000.0,
        "Reconciled Depreciation": 11932000.0,
        "Reconciled Cost Of Revenue": 152699000.0,
        "EBITDA": -27713000.0,
        "EBIT": -39645000.0,
        "Net Interest Income": -46725000.0,
        "Interest Expense": NaN,
        "Interest Income": NaN,
        "Normalized Income": -91206000.0,
        "Net Income From Continuing And Discontinued Operation": -91206000.0,
        "Total Expenses": 235188000.0,
        "Total Operating Income As Reported": -89703000.0,
        "Diluted Average Shares": 29911338.0,
        "Basic Average Shares": 29911338.0,
        "Diluted EPS": -3.0,
        "Basic EPS": -3.0,
        "Diluted NI Availto Com Stockholders": -91206000.0,
        "Net Income Common Stockholders": -91206000.0,
        "Net Income": -91206000.0,
        "Minority Interests": 151000.0,
        "Net Income Including Noncontrolling Interests": -91357000.0,
        "Net Income Continuous Operations": -91357000.0,
        "Tax Provision": 505000.0,
        "Pretax Income": -90852000.0,
        "Other Income Expense": NaN,
        "Special Income Charges": NaN,
        "Restructuring And Mergern Acquisition": NaN,
        "Gain On Sale Of Security": NaN,
        "Net Non Operating Interest Income Expense": -46725000.0,
        "Total Other Finance Cost": -5457000.0,
        "Interest Expense Non Operating": NaN,
        "Interest Income Non Operating": NaN,
        "Operating Income": -20872000.0,
        "Operating Expense": 82489000.0,
        "Other Operating Expenses": -3212000.0,
        "Research And Development": 3728000.0,
        "Selling General And Administration": 81973000.0,
        "Gross Profit": 61617000.0,
        "Cost Of Revenue": 152699000.0,
        "Total Revenue": 214316000.0,
        "Operating Revenue": 214316000.0
    },
    "2025-03-31": {
        "Tax Effect Of Unusual Items": 4641000.0,
        "Tax Rate For Calcs": 0.21,
        "Normalized EBITDA": -6499000.0,
        "Total Unusual Items": 22100000.0,
        "Total Unusual Items Excluding Goodwill": 22100000.0,
        "Net Income From Continuing Operation Net Minority Interest": -12430000.0,
        "Reconciled Depreciation": 11181000.0,
        "Reconciled Cost Of Revenue": 135200000.0,
        "EBITDA": 15601000.0,
        "EBIT": 4420000.0,
        "Net Interest Income": -12689000.0,
        "Interest Expense": 13600000.0,
        "Interest Income": NaN,
        "Normalized Income": -29889000.0,
        "Net Income From Continuing And Discontinued Operation": -12430000.0,
        "Total Expenses": 216121000.0,
        "Total Operating Income As Reported": -18591000.0,
        "Diluted Average Shares": 49958809.0,
        "Basic Average Shares": 29927992.0,
        "Diluted EPS": -0.6,
        "Basic EPS": -0.4,
        "Diluted NI Availto Com Stockholders": -12430000.0,
        "Net Income Common Stockholders": -12430000.0,
        "Net Income": -12430000.0,
        "Minority Interests": 101000.0,
        "Net Income Including Noncontrolling Interests": -12531000.0,
        "Net Income Continuous Operations": -12531000.0,
        "Tax Provision": 3351000.0,
        "Pretax Income": -9180000.0,
        "Other Income Expense": 22100000.0,
        "Special Income Charges": NaN,
        "Restructuring And Mergern Acquisition": NaN,
        "Gain On Sale Of Security": 22100000.0,
        "Net Non Operating Interest Income Expense": -12689000.0,
        "Total Other Finance Cost": -911000.0,
        "Interest Expense Non Operating": 13600000.0,
        "Interest Income Non Operating": NaN,
        "Operating Income": -18591000.0,
        "Operating Expense": 80921000.0,
        "Other Operating Expenses": -968000.0,
        "Research And Development": 4391000.0,
        "Selling General And Administration": 77498000.0,
        "Gross Profit": 62330000.0,
        "Cost Of Revenue": 135200000.0,
        "Total Revenue": 197530000.0,
        "Operating Revenue": 197530000.0
    },
    "2025-06-30": {
        "Tax Effect Of Unusual Items": 0.0,
        "Tax Rate For Calcs": 0.21,
        "Normalized EBITDA": -9822000.0,
        "Total Unusual Items": NaN,
        "Total Unusual Items Excluding Goodwill": NaN,
        "Net Income From Continuing Operation Net Minority Interest": -55911000.0,
        "Reconciled Depreciation": 12294000.0,
        "Reconciled Cost Of Revenue": 140729000.0,
        "EBITDA": -9822000.0,
        "EBIT": -22116000.0,
        "Net Interest Income": -31916000.0,
        "Interest Expense": NaN,
        "Interest Income": NaN,
        "Normalized Income": -55911000.0,
        "Net Income From Continuing And Discontinued Operation": -55911000.0,
        "Total Expenses": 230470000.0,
        "Total Operating Income As Reported": -22116000.0,
        "Diluted Average Shares": 30059762.0,
        "Basic Average Shares": 30059762.0,
        "Diluted EPS": -1.8,
        "Basic EPS": -1.8,
        "Diluted NI Availto Com Stockholders": -55911000.0,
        "Net Income Common Stockholders": -55911000.0,
        "Net Income": -55911000.0,
        "Minority Interests": 35000.0,
        "Net Income Including Noncontrolling Interests": -55946000.0,
        "Net Income Continuous Operations": -55946000.0,
        "Tax Provision": 1914000.0,
        "Pretax Income": -54032000.0,
        "Other Income Expense": NaN,
        "Special Income Charges": NaN,
        "Restructuring And Mergern Acquisition": NaN,
        "Gain On Sale Of Security": NaN,
        "Net Non Operating Interest Income Expense": -31916000.0,
        "Total Other Finance Cost": 31916000.0,
        "Interest Expense Non Operating": NaN,
        "Interest Income Non Operating": NaN,
        "Operating Income": -22116000.0,
        "Operating Expense": 89741000.0,
        "Other Operating Expenses": 1025000.0,
        "Research And Development": 4605000.0,
        "Selling General And Administration": 84111000.0,
        "Gross Profit": 67625000.0,
        "Cost Of Revenue": 140729000.0,
        "Total Revenue": 208354000.0,
        "Operating Revenue": 208354000.0
    },
    "2025-09-30": {
        "Tax Effect Of Unusual Items": -600600.0,
        "Tax Rate For Calcs": 0.21,
        "Normalized EBITDA": -33133000.0,
        "Total Unusual Items": -2860000.0,
        "Total Unusual Items Excluding Goodwill": -2860000.0,
        "Net Income From Continuing Operation Net Minority Interest": -65287000.0,
        "Reconciled Depreciation": 12260000.0,
        "Reconciled Cost Of Revenue": 156449000.0,
        "EBITDA": -35993000.0,
        "EBIT": -48253000.0,
        "Net Interest Income": -48197000.0,
        "Interest Expense": 16228000.0,
        "Interest Income": 987000.0,
        "Normalized Income": -63027600.0,
        "Net Income From Continuing And Discontinued Operation": -65287000.0,
        "Total Expenses": 236220000.0,
        "Total Operating Income As Reported": -16924000.0,
        "Diluted Average Shares": 30316614.0,
        "Basic Average Shares": 30316614.0,
        "Diluted EPS": -2.2,
        "Basic EPS": -2.2,
        "Diluted NI Availto Com Stockholders": -65287000.0,
        "Net Income Common Stockholders": -65287000.0,
        "Net Income": -65287000.0,
        "Minority Interests": 117000.0,
        "Net Income Including Noncontrolling Interests": -65404000.0,
        "Net Income Continuous Operations": -65404000.0,
        "Tax Provision": 923000.0,
        "Pretax Income": -64481000.0,
        "Other Income Expense": -2860000.0,
        "Special Income Charges": -3500000.0,
        "Restructuring And Mergern Acquisition": 3500000.0,
        "Gain On Sale Of Security": 640000.0,
        "Net Non Operating Interest Income Expense": -48197000.0,
        "Total Other Finance Cost": 32956000.0,
        "Interest Expense Non Operating": 16228000.0,
        "Interest Income Non Operating": 987000.0,
        "Operating Income": -13424000.0,
        "Operating Expense": 79771000.0,
        "Other Operating Expenses": 101000.0,
        "Research And Development": 4524000.0,
        "Selling General And Administration": 75146000.0,
        "Gross Profit": 66347000.0,
        "Cost Of Revenue": 156449000.0,
        "Total Revenue": 222796000.0,
        "Operating Revenue": 222796000.0
    }
}