{
    "2023-03-31": {
        "Tax Effect Of Unusual Items": NaN,
        "Tax Rate For Calcs": NaN,
        "Normalized EBITDA": NaN,
        "Net Income From Continuing Operation Net Minority Interest": NaN,
        "Reconciled Depreciation": NaN,
        "Reconciled Cost Of Revenue": NaN,
        "EBITDA": NaN,
        "EBIT": NaN,
        "Net Interest Income": NaN,
        "Interest Expense": NaN,
        "Normalized Income": NaN,
        "Net Income From Continuing And Discontinued Operation": NaN,
        "Total Expenses": NaN,
        "Total Operating Income As Reported": NaN,
        "Diluted Average Shares": NaN,
        "Basic Average Shares": NaN,
        "Diluted EPS": NaN,
        "Basic EPS": NaN,
        "Diluted NI Availto Com Stockholders": NaN,
        "Net Income Common Stockholders": NaN,
        "Net Income": NaN,
        "Net Income Including Noncontrolling Interests": NaN,
        "Net Income Continuous Operations": NaN,
        "Tax Provision": NaN,
        "Pretax Income": NaN,
        "Other Income Expense": NaN,
        "Other Non Operating Income Expenses": NaN,
        "Net Non Operating Interest Income Expense": NaN,
        "Interest Expense Non Operating": NaN,
        "Operating Income": NaN,
        "Operating Expense": NaN,
        "Other Operating Expenses": 18699000.0,
        "Other Taxes": NaN,
        "Depreciation Amortization Depletion Income Statement": NaN,
        "Depreciation And Amortization In Income Statement": NaN,
        "Selling General And Administration": NaN,
        "General And Administrative Expense": NaN,
        "Other Gand A": NaN,
        "Salaries And Wages": NaN,
        "Gross Profit": NaN,
        "Cost Of Revenue": NaN,
        "Total Revenue": NaN,
        "Operating Revenue": NaN
    },
    "2022-12-31": {
        "Tax Effect Of Unusual Items": NaN,
        "Tax Rate For Calcs": NaN,
        "Normalized EBITDA": NaN,
        "Net Income From Continuing Operation Net Minority Interest": NaN,
        "Reconciled Depreciation": NaN,
        "Reconciled Cost Of Revenue": NaN,
        "EBITDA": NaN,
        "EBIT": NaN,
        "Net Interest Income": NaN,
        "Interest Expense": NaN,
        "Normalized Income": NaN,
        "Net Income From Continuing And Discontinued Operation": NaN,
        "Total Expenses": NaN,
        "Total Operating Income As Reported": NaN,
        "Diluted Average Shares": NaN,
        "Basic Average Shares": NaN,
        "Diluted EPS": NaN,
        "Basic EPS": NaN,
        "Diluted NI Availto Com Stockholders": NaN,
        "Net Income Common Stockholders": NaN,
        "Net Income": NaN,
        "Net Income Including Noncontrolling Interests": NaN,
        "Net Income Continuous Operations": NaN,
        "Tax Provision": NaN,
        "Pretax Income": NaN,
        "Other Income Expense": NaN,
        "Other Non Operating Income Expenses": NaN,
        "Net Non Operating Interest Income Expense": NaN,
        "Interest Expense Non Operating": NaN,
        "Operating Income": NaN,
        "Operating Expense": NaN,
        "Other Operating Expenses": 18737000.0,
        "Other Taxes": NaN,
        "Depreciation Amortization Depletion Income Statement": NaN,
        "Depreciation And Amortization In Income Statement": NaN,
        "Selling General And Administration": NaN,
        "General And Administrative Expense": NaN,
        "Other Gand A": NaN,
        "Salaries And Wages": NaN,
        "Gross Profit": NaN,
        "Cost Of Revenue": NaN,
        "Total Revenue": NaN,
        "Operating Revenue": NaN
    },
    "2022-09-30": {
        "Tax Effect Of Unusual Items": NaN,
        "Tax Rate For Calcs": NaN,
        "Normalized EBITDA": NaN,
        "Net Income From Continuing Operation Net Minority Interest": NaN,
        "Reconciled Depreciation": NaN,
        "Reconciled Cost Of Revenue": NaN,
        "EBITDA": NaN,
        "EBIT": NaN,
        "Net Interest Income": NaN,
        "Interest Expense": NaN,
        "Normalized Income": NaN,
        "Net Income From Continuing And Discontinued Operation": NaN,
        "Total Expenses": NaN,
        "Total Operating Income As Reported": NaN,
        "Diluted Average Shares": NaN,
        "Basic Average Shares": NaN,
        "Diluted EPS": NaN,
        "Basic EPS": NaN,
        "Diluted NI Availto Com Stockholders": NaN,
        "Net Income Common Stockholders": NaN,
        "Net Income": NaN,
        "Net Income Including Noncontrolling Interests": NaN,
        "Net Income Continuous Operations": NaN,
        "Tax Provision": NaN,
        "Pretax Income": NaN,
        "Other Income Expense": NaN,
        "Other Non Operating Income Expenses": NaN,
        "Net Non Operating Interest Income Expense": NaN,
        "Interest Expense Non Operating": NaN,
        "Operating Income": NaN,
        "Operating Expense": NaN,
        "Other Operating Expenses": 16524000.0,
        "Other Taxes": NaN,
        "Depreciation Amortization Depletion Income Statement": NaN,
        "Depreciation And Amortization In Income Statement": NaN,
        "Selling General And Administration": NaN,
        "General And Administrative Expense": NaN,
        "Other Gand A": NaN,
        "Salaries And Wages": NaN,
        "Gross Profit": NaN,
        "Cost Of Revenue": NaN,
        "Total Revenue": NaN,
        "Operating Revenue": NaN
    },
    "2022-06-30": {
        "Tax Effect Of Unusual Items": 0.0,
        "Tax Rate For Calcs": 0.232274,
        "Normalized EBITDA": 144494000.0,
        "Net Income From Continuing Operation Net Minority Interest": 85937000.0,
        "Reconciled Depreciation": 23565000.0,
        "Reconciled Cost Of Revenue": 233722000.0,
        "EBITDA": 144494000.0,
        "EBIT": 120928000.0,
        "Net Interest Income": -8991000.0,
        "Interest Expense": 8991000.0,
        "Normalized Income": 85937000.0,
        "Net Income From Continuing And Discontinued Operation": 85937000.0,
        "Total Expenses": 278974000.0,
        "Total Operating Income As Reported": 121066000.0,
        "Diluted Average Shares": 41944000.0,
        "Basic Average Shares": 41597000.0,
        "Diluted EPS": 2.05,
        "Basic EPS": 2.07,
        "Diluted NI Availto Com Stockholders": 85937000.0,
        "Net Income Common Stockholders": 85937000.0,
        "Net Income": 85937000.0,
        "Net Income Including Noncontrolling Interests": 85937000.0,
        "Net Income Continuous Operations": 85937000.0,
        "Tax Provision": 26000000.0,
        "Pretax Income": 111937000.0,
        "Other Income Expense": -138000.0,
        "Other Non Operating Income Expenses": -138000.0,
        "Net Non Operating Interest Income Expense": -8991000.0,
        "Interest Expense Non Operating": 8991000.0,
        "Operating Income": 121066000.0,
        "Operating Expense": 45253000.0,
        "Other Operating Expenses": 17252000.0,
        "Other Taxes": 4435000.0,
        "Depreciation Amortization Depletion Income Statement": 23566000.0,
        "Depreciation And Amortization In Income Statement": 23566000.0,
        "Gross Profit": 166319000.0,
        "Cost Of Revenue": 233721000.0,
        "Total Revenue": 400040000.0,
        "Operating Revenue": 400040000.0
    },
    "2023-06-30": {
        "Tax Effect Of Unusual Items": NaN,
        "Tax Rate For Calcs": NaN,
        "Normalized EBITDA": NaN,
        "Net Income From Continuing Operation Net Minority Interest": NaN,
        "Reconciled Depreciation": NaN,
        "Reconciled Cost Of Revenue": NaN,
        "EBITDA": NaN,
        "EBIT": NaN,
        "Net Interest Income": NaN,
        "Interest Expense": NaN,
        "Normalized Income": NaN,
        "Net Income From Continuing And Discontinued Operation": NaN,
        "Total Expenses": NaN,
        "Total Operating Income As Reported": NaN,
        "Diluted Average Shares": NaN,
        "Basic Average Shares": NaN,
        "Diluted EPS": NaN,
        "Basic EPS": NaN,
        "Diluted NI Availto Com Stockholders": NaN,
        "Net Income Common Stockholders": NaN,
        "Net Income": NaN,
        "Net Income Including Noncontrolling Interests": NaN,
        "Net Income Continuous Operations": NaN,
        "Tax Provision": NaN,
        "Pretax Income": NaN,
        "Other Income Expense": NaN,
        "Other Non Operating Income Expenses": NaN,
        "Net Non Operating Interest Income Expense": NaN,
        "Interest Expense Non Operating": NaN,
        "Operating Income": NaN,
        "Operating Expense": NaN,
        "Other Operating Expenses": 16870000.0,
        "Other Taxes": NaN,
        "Depreciation Amortization Depletion Income Statement": NaN,
        "Depreciation And Amortization In Income Statement": NaN,
        "Selling General And Administration": NaN,
        "General And Administrative Expense": NaN,
        "Other Gand A": 16870000.0,
        "Salaries And Wages": -2421000.0,
        "Gross Profit": NaN,
        "Cost Of Revenue": NaN,
        "Total Revenue": NaN,
        "Operating Revenue": NaN
    },
    "2022-03-31": {
        "Diluted EPS": 1.72,
        "Total Revenue": 375,
        "Gross Profit": 188,
        "Operating Income": 98,
        "EBIT": 122,
        "Net Income": 72
    },
    "2021-12-31": {
        "Diluted EPS": 1.23,
        "Total Revenue": 333,
        "Gross Profit": 164,
        "Operating Income": 71,
        "EBIT": 94,
        "Net Income": 52
    },
    "2021-09-30": {
        "Diluted EPS": 1.26,
        "Total Revenue": 316,
        "Gross Profit": 155,
        "Operating Income": 75,
        "EBIT": 97,
        "Net Income": 53
    },
    "2021-06-30": {
        "Diluted EPS": 1.01,
        "Total Revenue": 286,
        "Gross Profit": 140,
        "Operating Income": 60,
        "EBIT": 83,
        "Net Income": 42
    },
    "2021-03-31": {
        "Diluted EPS": 0.73,
        "Total Revenue": 262,
        "Gross Profit": 126,
        "Operating Income": 44,
        "EBIT": 66,
        "Net Income": 30
    },
    "2020-12-31": {
        "Diluted EPS": 0.45,
        "Total Revenue": 227,
        "Gross Profit": 116,
        "Operating Income": 28,
        "EBIT": 49,
        "Net Income": 19
    },
    "2020-09-30": {
        "Diluted EPS": 0.87,
        "Total Revenue": 236,
        "Gross Profit": 124,
        "Operating Income": 53,
        "EBIT": 73,
        "Net Income": 36
    },
    "2020-06-30": {
        "Diluted EPS": 0.42,
        "Total Revenue": 193,
        "Gross Profit": 96,
        "Operating Income": 28,
        "EBIT": 48,
        "Net Income": 17
    },
    "2020-03-31": {
        "Diluted EPS": 0.6,
        "Total Revenue": 235,
        "Gross Profit": 116,
        "Operating Income": 39,
        "EBIT": 60,
        "Net Income": 24
    },
    "2019-12-31": {
        "Diluted EPS": 0.5,
        "Total Revenue": 216,
        "Gross Profit": 107,
        "Operating Income": 31,
        "EBIT": 51,
        "Net Income": 20
    },
    "2019-09-30": {
        "Diluted EPS": 0.62,
        "Total Revenue": 229,
        "Gross Profit": 108,
        "Operating Income": 37,
        "EBIT": 57,
        "Net Income": 25
    },
    "2019-06-30": {
        "Diluted EPS": 0.39,
        "Total Revenue": 229,
        "Gross Profit": 103,
        "Operating Income": 27,
        "EBIT": 46,
        "Net Income": 15
    },
    "2019-03-31": {
        "Diluted EPS": 0.66,
        "Total Revenue": 246,
        "Gross Profit": 115,
        "Operating Income": 40,
        "EBIT": 59,
        "Net Income": 26
    },
    "2018-12-31": {
        "Diluted EPS": 0.35,
        "Total Revenue": 221,
        "Gross Profit": 105,
        "Operating Income": 23,
        "EBIT": 42,
        "Net Income": 14
    },
    "2018-09-30": {
        "Diluted EPS": 0.58,
        "Total Revenue": 228,
        "Gross Profit": 108,
        "Operating Income": 38,
        "EBIT": 57,
        "Net Income": 23
    },
    "2018-06-30": {
        "Diluted EPS": 0.47,
        "Total Revenue": 226,
        "Gross Profit": 103,
        "Operating Income": 30,
        "EBIT": 49,
        "Net Income": 19
    },
    "2018-03-31": {
        "Diluted EPS": 0.66,
        "Total Revenue": 241,
        "Gross Profit": 112,
        "Operating Income": 38,
        "EBIT": 56,
        "Net Income": 26
    },
    "2017-12-31": {
        "Diluted EPS": 0.46,
        "Total Revenue": 207,
        "Gross Profit": 105,
        "Operating Income": 34,
        "EBIT": 53,
        "Net Income": 18
    },
    "2017-09-30": {
        "Diluted EPS": 0.45,
        "Total Revenue": 216,
        "Gross Profit": 101,
        "Operating Income": 33,
        "EBIT": 51,
        "Net Income": 18
    },
    "2017-06-30": {
        "Diluted EPS": 0.42,
        "Total Revenue": 212,
        "Gross Profit": 99,
        "Operating Income": 31,
        "EBIT": 49,
        "Net Income": 17
    },
    "2017-03-31": {
        "Diluted EPS": 0.49,
        "Total Revenue": 214,
        "Gross Profit": 103,
        "Operating Income": 34,
        "EBIT": 52,
        "Net Income": 20
    },
    "2016-12-31": {
        "Diluted EPS": 0.45,
        "Total Revenue": 197,
        "Gross Profit": 96,
        "Operating Income": 35,
        "EBIT": 53,
        "Net Income": 18
    },
    "2016-09-30": {
        "Diluted EPS": 0.37,
        "Total Revenue": 197,
        "Gross Profit": 96,
        "Operating Income": 27,
        "EBIT": 46,
        "Net Income": 15
    },
    "2016-06-30": {
        "Diluted EPS": 0.41,
        "Total Revenue": 203,
        "Gross Profit": 97,
        "Operating Income": 27,
        "EBIT": 46,
        "Net Income": 16
    },
    "2016-03-31": {
        "Diluted EPS": 0.38,
        "Total Revenue": 206,
        "Gross Profit": 101,
        "Operating Income": 28,
        "EBIT": 46,
        "Net Income": 15
    },
    "2015-12-31": {
        "Diluted EPS": 0.39,
        "Total Revenue": 189,
        "Gross Profit": 90,
        "Operating Income": 30,
        "EBIT": 46,
        "Net Income": 15
    },
    "2015-09-30": {
        "Diluted EPS": 0.41,
        "Total Revenue": 200,
        "Gross Profit": 92,
        "Operating Income": 30,
        "EBIT": 45,
        "Net Income": 15
    },
    "2015-06-30": {
        "Diluted EPS": 0.3,
        "Total Revenue": 188,
        "Gross Profit": 89,
        "Operating Income": 25,
        "EBIT": 39,
        "Net Income": 11
    },
    "2015-03-31": {
        "Diluted EPS": 0.48,
        "Total Revenue": 203,
        "Gross Profit": 93,
        "Operating Income": 25,
        "EBIT": 40,
        "Net Income": 18
    },
    "2014-12-31": {
        "Diluted EPS": 0.28,
        "Total Revenue": 193,
        "Gross Profit": 91,
        "Operating Income": 25,
        "EBIT": 40,
        "Net Income": 10
    },
    "2014-09-30": {
        "Diluted EPS": 0.43,
        "Total Revenue": 197,
        "Gross Profit": 85,
        "Operating Income": 25,
        "EBIT": 39,
        "Net Income": 16
    },
    "2014-06-30": {
        "Diluted EPS": 0.27,
        "Total Revenue": 194,
        "Gross Profit": 85,
        "Operating Income": 15,
        "EBIT": 29,
        "Net Income": 10
    },
    "2014-03-31": {
        "Diluted EPS": 0.59,
        "Total Revenue": 215,
        "Gross Profit": 97,
        "Operating Income": 35,
        "EBIT": 50,
        "Net Income": 21
    },
    "2013-12-31": {
        "Diluted EPS": 0.35,
        "Total Revenue": 83,
        "Gross Profit": 77,
        "Operating Income": 26,
        "EBIT": 39,
        "Net Income": 13
    },
    "2013-09-30": {
        "Diluted EPS": 0.42,
        "Total Revenue": 230,
        "Gross Profit": 87,
        "Operating Income": 25,
        "EBIT": 40,
        "Net Income": 15
    },
    "2013-06-30": {
        "Diluted EPS": 0.21,
        "Total Revenue": 212,
        "Gross Profit": 82,
        "Operating Income": 16,
        "EBIT": 31,
        "Net Income": 8
    },
    "2013-03-31": {
        "Diluted EPS": 0.41,
        "Total Revenue": 218,
        "Gross Profit": 91,
        "Operating Income": 27,
        "EBIT": 42,
        "Net Income": 15
    },
    "2012-12-31": {
        "Diluted EPS": 0.08,
        "Total Revenue": 213,
        "Gross Profit": 85,
        "Operating Income": 24,
        "EBIT": 37,
        "Net Income": 3
    },
    "2012-09-30": {
        "Diluted EPS": 0.05,
        "Total Revenue": 215,
        "Gross Profit": 83,
        "Operating Income": 24,
        "EBIT": 39,
        "Net Income": 2
    },
    "2012-06-30": {
        "Diluted EPS": -0.49,
        "Total Revenue": 211,
        "Gross Profit": 78,
        "Operating Income": 15,
        "EBIT": 30,
        "Net Income": -18
    },
    "2012-03-31": {
        "Diluted EPS": 0.2,
        "Total Revenue": 220,
        "Gross Profit": 80,
        "Operating Income": 18,
        "EBIT": 33,
        "Net Income": 7
    },
    "2011-12-31": {
        "Diluted EPS": -1.23,
        "Total Revenue": 207,
        "Gross Profit": 74,
        "Operating Income": 13,
        "EBIT": 19,
        "Net Income": -44
    },
    "2011-09-30": {
        "Diluted EPS": 0.17,
        "Total Revenue": 282,
        "Gross Profit": 85,
        "Operating Income": 18,
        "EBIT": 36,
        "Net Income": 6
    },
    "2011-06-30": {
        "Diluted EPS": 0.51,
        "Total Revenue": 283,
        "Gross Profit": 79,
        "Operating Income": 13,
        "EBIT": 31,
        "Net Income": 18
    },
    "2011-03-31": {
        "Diluted EPS": 0.15,
        "Total Revenue": 249,
        "Gross Profit": 77,
        "Operating Income": 16,
        "EBIT": 33,
        "Net Income": 6
    },
    "2010-12-31": {
        "Diluted EPS": 0.05,
        "Total Revenue": 240,
        "Gross Profit": 78,
        "Operating Income": 14,
        "EBIT": 15,
        "Net Income": 2
    },
    "2010-09-30": {
        "Diluted EPS": 0.16,
        "Total Revenue": 260,
        "Gross Profit": 93,
        "Operating Income": 12,
        "EBIT": 31,
        "Net Income": 6
    },
    "2010-06-30": {
        "Diluted EPS": -0.4,
        "Total Revenue": 251,
        "Gross Profit": 87,
        "Operating Income": -15,
        "EBIT": 3,
        "Net Income": -14
    },
    "2010-03-31": {
        "Diluted EPS": 0.13,
        "Total Revenue": 244,
        "Gross Profit": 93,
        "Operating Income": 14,
        "EBIT": 33,
        "Net Income": 5
    },
    "2009-12-31": {
        "Diluted EPS": 0.23,
        "Total Revenue": 37,
        "Gross Profit": 21,
        "Operating Income": 11,
        "EBIT": 21,
        "Net Income": 8
    },
    "2009-09-30": {
        "Diluted EPS": 0.29,
        "Total Revenue": 257,
        "Gross Profit": 92,
        "Operating Income": 17,
        "EBIT": 36,
        "Net Income": 10
    },
    "2009-06-30": {
        "Diluted EPS": 0.07,
        "Total Revenue": 247,
        "Gross Profit": 88,
        "Operating Income": 6,
        "EBIT": 24,
        "Net Income": 3
    },
    "2009-03-31": {
        "Diluted EPS": 0.12,
        "Total Revenue": 277,
        "Gross Profit": 88,
        "Operating Income": 9,
        "EBIT": 26,
        "Net Income": 4
    },
    "2023-09-30": {
        "Tax Effect Of Unusual Items": NaN,
        "Tax Rate For Calcs": NaN,
        "Normalized EBITDA": NaN,
        "Net Income From Continuing Operation Net Minority Interest": NaN,
        "Reconciled Depreciation": NaN,
        "Reconciled Cost Of Revenue": NaN,
        "EBITDA": NaN,
        "EBIT": NaN,
        "Net Interest Income": NaN,
        "Interest Expense": NaN,
        "Normalized Income": NaN,
        "Net Income From Continuing And Discontinued Operation": NaN,
        "Total Expenses": NaN,
        "Total Operating Income As Reported": NaN,
        "Diluted Average Shares": NaN,
        "Basic Average Shares": NaN,
        "Diluted EPS": NaN,
        "Basic EPS": NaN,
        "Diluted NI Availto Com Stockholders": NaN,
        "Net Income Common Stockholders": NaN,
        "Net Income": NaN,
        "Net Income Including Noncontrolling Interests": NaN,
        "Net Income Continuous Operations": NaN,
        "Tax Provision": NaN,
        "Pretax Income": NaN,
        "Other Income Expense": NaN,
        "Other Non Operating Income Expenses": NaN,
        "Net Non Operating Interest Income Expense": NaN,
        "Interest Expense Non Operating": NaN,
        "Operating Income": NaN,
        "Operating Expense": NaN,
        "Other Operating Expenses": 15863000.0,
        "Other Taxes": NaN,
        "Depreciation Amortization Depletion Income Statement": NaN,
        "Depreciation And Amortization In Income Statement": NaN,
        "Selling General And Administration": NaN,
        "General And Administrative Expense": 15863000.0,
        "Other Gand A": 15863000.0,
        "Salaries And Wages": -2289000.0,
        "Gross Profit": NaN,
        "Cost Of Revenue": NaN,
        "Total Revenue": NaN,
        "Operating Revenue": NaN
    },
    "2023-12-31": {
        "Tax Effect Of Unusual Items": NaN,
        "Tax Rate For Calcs": NaN,
        "Normalized EBITDA": NaN,
        "Net Income From Continuing Operation Net Minority Interest": NaN,
        "Reconciled Depreciation": NaN,
        "Reconciled Cost Of Revenue": NaN,
        "EBITDA": NaN,
        "EBIT": NaN,
        "Net Interest Income": NaN,
        "Interest Expense": NaN,
        "Normalized Income": NaN,
        "Net Income From Continuing And Discontinued Operation": NaN,
        "Total Expenses": NaN,
        "Total Operating Income As Reported": NaN,
        "Diluted Average Shares": NaN,
        "Basic Average Shares": NaN,
        "Diluted EPS": NaN,
        "Basic EPS": NaN,
        "Diluted NI Availto Com Stockholders": NaN,
        "Net Income Common Stockholders": NaN,
        "Net Income": NaN,
        "Net Income Including Noncontrolling Interests": NaN,
        "Net Income Continuous Operations": NaN,
        "Tax Provision": NaN,
        "Pretax Income": NaN,
        "Other Income Expense": NaN,
        "Other Non Operating Income Expenses": NaN,
        "Net Non Operating Interest Income Expense": NaN,
        "Interest Expense Non Operating": NaN,
        "Operating Income": NaN,
        "Operating Expense": NaN,
        "Other Taxes": NaN,
        "Depreciation Amortization Depletion Income Statement": NaN,
        "Depreciation And Amortization In Income Statement": NaN,
        "Selling General And Administration": NaN,
        "General And Administrative Expense": 69188000.0,
        "Other Gand A": NaN,
        "Salaries And Wages": -3475000.0,
        "Gross Profit": NaN,
        "Cost Of Revenue": NaN,
        "Total Revenue": NaN,
        "Operating Revenue": NaN
    },
    "2024-03-31": {
        "Tax Effect Of Unusual Items": 0.0,
        "Tax Rate For Calcs": 0.193259,
        "Normalized EBITDA": 127893000.0,
        "Net Income From Continuing Operation Net Minority Interest": 74338000.0,
        "Reconciled Depreciation": 25897000.0,
        "Reconciled Cost Of Revenue": 202915000.0,
        "EBITDA": 127893000.0,
        "EBIT": 101996000.0,
        "Net Interest Income": -9850000.0,
        "Interest Expense": 9850000.0,
        "Normalized Income": 74338000.0,
        "Net Income From Continuing And Discontinued Operation": 74338000.0,
        "Total Expenses": 252093000.0,
        "Total Operating Income As Reported": 94975000.0,
        "Diluted Average Shares": 42033000.0,
        "Basic Average Shares": 41724000.0,
        "Diluted EPS": 1.77,
        "Basic EPS": 1.78,
        "Diluted NI Availto Com Stockholders": 74338000.0,
        "Net Income Common Stockholders": 74338000.0,
        "Net Income": 74338000.0,
        "Net Income Including Noncontrolling Interests": 74338000.0,
        "Net Income Continuous Operations": 74338000.0,
        "Tax Provision": 17808000.0,
        "Pretax Income": 92146000.0,
        "Other Income Expense": 7021000.0,
        "Other Non Operating Income Expenses": 7021000.0,
        "Net Non Operating Interest Income Expense": -9850000.0,
        "Interest Expense Non Operating": 9850000.0,
        "Operating Income": 94975000.0,
        "Operating Expense": 49178000.0,
        "Other Taxes": 4367000.0,
        "Depreciation Amortization Depletion Income Statement": 25897000.0,
        "Depreciation And Amortization In Income Statement": 25897000.0,
        "Selling General And Administration": 18914000.0,
        "General And Administrative Expense": 18914000.0,
        "Other Gand A": 18914000.0,
        "Salaries And Wages": -2442000.0,
        "Gross Profit": 144153000.0,
        "Cost Of Revenue": 202915000.0,
        "Total Revenue": 347068000.0,
        "Operating Revenue": 347068000.0
    },
    "2024-06-30": {
        "Tax Effect Of Unusual Items": 0.0,
        "Tax Rate For Calcs": 0.192,
        "Normalized EBITDA": 144421000.0,
        "Net Income From Continuing Operation Net Minority Interest": 86995000.0,
        "Reconciled Depreciation": 26631000.0,
        "Reconciled Cost Of Revenue": 183021000.0,
        "EBITDA": 144421000.0,
        "EBIT": 117789000.0,
        "Net Interest Income": -10202000.0,
        "Interest Expense": 10202000.0,
        "Normalized Income": 86995000.0,
        "Net Income From Continuing And Discontinued Operation": 86995000.0,
        "Total Expenses": 231425000.0,
        "Total Operating Income As Reported": 110911000.0,
        "Diluted Average Shares": 42068000.0,
        "Basic Average Shares": 41784000.0,
        "Diluted EPS": 2.07,
        "Basic EPS": 2.08,
        "Diluted NI Availto Com Stockholders": 86995000.0,
        "Net Income Common Stockholders": 86995000.0,
        "Net Income": 86995000.0,
        "Net Income Including Noncontrolling Interests": 86995000.0,
        "Net Income Continuous Operations": 86995000.0,
        "Tax Provision": 20592000.0,
        "Pretax Income": 107587000.0,
        "Other Income Expense": 6878000.0,
        "Other Non Operating Income Expenses": 6878000.0,
        "Net Non Operating Interest Income Expense": -10202000.0,
        "Interest Expense Non Operating": 10202000.0,
        "Operating Income": 110911000.0,
        "Operating Expense": 48405000.0,
        "Other Taxes": 3619000.0,
        "Depreciation Amortization Depletion Income Statement": 26632000.0,
        "Depreciation And Amortization In Income Statement": 26632000.0,
        "Selling General And Administration": 18154000.0,
        "General And Administrative Expense": 18154000.0,
        "Other Gand A": 18154000.0,
        "Salaries And Wages": -2388000.0,
        "Gross Profit": 159316000.0,
        "Cost Of Revenue": 183020000.0,
        "Total Revenue": 342336000.0,
        "Operating Revenue": 342336000.0
    },
    "2024-09-30": {
        "Tax Effect Of Unusual Items": 0.0,
        "Tax Rate For Calcs": 0.179,
        "Normalized EBITDA": 142380000.0,
        "Net Income From Continuing Operation Net Minority Interest": 85479000.0,
        "Reconciled Depreciation": 27051000.0,
        "Reconciled Cost Of Revenue": 180907000.0,
        "EBITDA": 142380000.0,
        "EBIT": 115329000.0,
        "Net Interest Income": -11173000.0,
        "Interest Expense": 11173000.0,
        "Normalized Income": 85479000.0,
        "Net Income From Continuing And Discontinued Operation": 85479000.0,
        "Total Expenses": 230492000.0,
        "Total Operating Income As Reported": 107541000.0,
        "Diluted Average Shares": 42081000.0,
        "Basic Average Shares": 41800000.0,
        "Diluted EPS": 2.03,
        "Basic EPS": 2.04,
        "Diluted NI Availto Com Stockholders": 85479000.0,
        "Net Income Common Stockholders": 85479000.0,
        "Net Income": 85479000.0,
        "Net Income Including Noncontrolling Interests": 85479000.0,
        "Net Income Continuous Operations": 85479000.0,
        "Tax Provision": 18677000.0,
        "Pretax Income": 104156000.0,
        "Other Income Expense": 7788000.0,
        "Other Non Operating Income Expenses": 7788000.0,
        "Net Non Operating Interest Income Expense": -11173000.0,
        "Interest Expense Non Operating": 11173000.0,
        "Operating Income": 107541000.0,
        "Operating Expense": 49585000.0,
        "Other Taxes": 3705000.0,
        "Depreciation Amortization Depletion Income Statement": 27051000.0,
        "Depreciation And Amortization In Income Statement": 27051000.0,
        "Selling General And Administration": 18829000.0,
        "General And Administrative Expense": 18829000.0,
        "Other Gand A": 18829000.0,
        "Salaries And Wages": NaN,
        "Gross Profit": 157126000.0,
        "Cost Of Revenue": 180907000.0,
        "Total Revenue": 338033000.0,
        "Operating Revenue": 338033000.0
    },
    "2024-12-31": {
        "Tax Effect Of Unusual Items": 0.0,
        "Tax Rate For Calcs": 0.129407,
        "Normalized EBITDA": 101135000.0,
        "Net Income From Continuing Operation Net Minority Interest": 54850000.0,
        "Reconciled Depreciation": 27542000.0,
        "Reconciled Cost Of Revenue": 180605000.0,
        "EBITDA": 101135000.0,
        "EBIT": 73593000.0,
        "Net Interest Income": -10590000.0,
        "Interest Expense": 10590000.0,
        "Normalized Income": 54850000.0,
        "Net Income From Continuing And Discontinued Operation": 54850000.0,
        "Total Expenses": 236287000.0,
        "Total Operating Income As Reported": 66824000.0,
        "Diluted Average Shares": 42088000.0,
        "Basic Average Shares": 41801000.0,
        "Diluted EPS": 1.3,
        "Basic EPS": 1.31,
        "Diluted NI Availto Com Stockholders": 54850000.0,
        "Net Income Common Stockholders": 54850000.0,
        "Net Income": 54850000.0,
        "Net Income Including Noncontrolling Interests": 54850000.0,
        "Net Income Continuous Operations": 54850000.0,
        "Tax Provision": 8153000.0,
        "Pretax Income": 63003000.0,
        "Other Income Expense": 6769000.0,
        "Other Non Operating Income Expenses": 6769000.0,
        "Net Non Operating Interest Income Expense": -10590000.0,
        "Interest Expense Non Operating": 10590000.0,
        "Operating Income": 66824000.0,
        "Operating Expense": 55682000.0,
        "Other Taxes": 3971000.0,
        "Depreciation Amortization Depletion Income Statement": 27542000.0,
        "Depreciation And Amortization In Income Statement": 27542000.0,
        "Selling General And Administration": 24169000.0,
        "General And Administrative Expense": NaN,
        "Other Gand A": NaN,
        "Salaries And Wages": NaN,
        "Gross Profit": 122506000.0,
        "Cost Of Revenue": 180605000.0,
        "Total Revenue": 303111000.0,
        "Operating Revenue": 303111000.0
    },
    "2025-03-31": {
        "Tax Effect Of Unusual Items": 0.0,
        "Tax Rate For Calcs": 0.128991,
        "Normalized EBITDA": 119112000.0,
        "Net Income From Continuing Operation Net Minority Interest": 68099000.0,
        "Reconciled Depreciation": 29375000.0,
        "Reconciled Cost Of Revenue": 198459000.0,
        "EBITDA": 119112000.0,
        "EBIT": 89737000.0,
        "Net Interest Income": -11553000.0,
        "Interest Expense": 11553000.0,
        "Normalized Income": 68099000.0,
        "Net Income From Continuing And Discontinued Operation": 68099000.0,
        "Total Expenses": 253354000.0,
        "Total Operating Income As Reported": 83999000.0,
        "Diluted Average Shares": 42062000.0,
        "Basic Average Shares": 41826000.0,
        "Diluted EPS": 1.62,
        "Basic EPS": 1.63,
        "Diluted NI Availto Com Stockholders": 68099000.0,
        "Net Income Common Stockholders": 68099000.0,
        "Net Income": 68099000.0,
        "Net Income Including Noncontrolling Interests": 68099000.0,
        "Net Income Continuous Operations": 68099000.0,
        "Tax Provision": 10085000.0,
        "Pretax Income": 78184000.0,
        "Other Income Expense": 5738000.0,
        "Other Non Operating Income Expenses": 5738000.0,
        "Net Non Operating Interest Income Expense": -11553000.0,
        "Interest Expense Non Operating": 11553000.0,
        "Operating Income": 83999000.0,
        "Operating Expense": 54895000.0,
        "Other Taxes": 4228000.0,
        "Depreciation Amortization Depletion Income Statement": 29375000.0,
        "Depreciation And Amortization In Income Statement": 29375000.0,
        "Selling General And Administration": 21292000.0,
        "General And Administrative Expense": NaN,
        "Other Gand A": NaN,
        "Salaries And Wages": NaN,
        "Gross Profit": 138894000.0,
        "Cost Of Revenue": 198459000.0,
        "Total Revenue": 337353000.0,
        "Operating Revenue": 337353000.0
    }
}