{
    "2023-06-30": {
        "Tax Effect Of Unusual Items": 0.0,
        "Tax Rate For Calcs": 0.164352,
        "Net Income From Continuing Operation Net Minority Interest": 3249000.0,
        "Reconciled Depreciation": 6000.0,
        "Net Interest Income": 11539000.0,
        "Interest Expense": 3403000.0,
        "Interest Income": 14942000.0,
        "Normalized Income": 3249000.0,
        "Net Income From Continuing And Discontinued Operation": 3249000.0,
        "Diluted Average Shares": 4776520.0,
        "Basic Average Shares": 4776520.0,
        "Diluted EPS": 0.68,
        "Basic EPS": 0.68,
        "Diluted NI Availto Com Stockholders": 3249000.0,
        "Net Income Common Stockholders": 3249000.0,
        "Net Income": 3249000.0,
        "Net Income Including Noncontrolling Interests": 3249000.0,
        "Net Income Continuous Operations": 3249000.0,
        "Tax Provision": 639000.0,
        "Pretax Income": 3888000.0,
        "Gain On Sale Of Security": 0.0,
        "Depreciation Amortization Depletion Income Statement": 6000.0,
        "Depreciation And Amortization In Income Statement": 6000.0,
        "Amortization": 6000.0,
        "Amortization Of Intangibles Income Statement": 6000.0,
        "Selling General And Administration": 6224000.0,
        "Selling And Marketing Expense": 241000.0,
        "General And Administrative Expense": 5983000.0,
        "Insurance And Claims": 142000.0,
        "Salaries And Wages": 5841000.0,
        "Total Revenue": 14327000.0,
        "Operating Revenue": 14327000.0,
        "Occupancy And Equipment": 815000.0,
        "Professional Expense And Contract Services Expense": 433000.0,
        "Other Non Interest Expense": 2937000.0
    },
    "2023-03-31": {
        "Tax Effect Of Unusual Items": 0.0,
        "Tax Rate For Calcs": 0.173435,
        "Net Income From Continuing Operation Net Minority Interest": 3908000.0,
        "Reconciled Depreciation": 7000.0,
        "Net Interest Income": 11632000.0,
        "Interest Expense": 2072000.0,
        "Interest Income": 13704000.0,
        "Normalized Income": 3908000.0,
        "Net Income From Continuing And Discontinued Operation": 3908000.0,
        "Diluted Average Shares": 4773461.0,
        "Basic Average Shares": 4773461.0,
        "Diluted EPS": 0.82,
        "Basic EPS": 0.82,
        "Diluted NI Availto Com Stockholders": 3908000.0,
        "Net Income Common Stockholders": 3908000.0,
        "Net Income": 3908000.0,
        "Net Income Including Noncontrolling Interests": 3908000.0,
        "Net Income Continuous Operations": 3908000.0,
        "Tax Provision": 820000.0,
        "Pretax Income": 4728000.0,
        "Gain On Sale Of Security": 0.0,
        "Depreciation Amortization Depletion Income Statement": 7000.0,
        "Depreciation And Amortization In Income Statement": 7000.0,
        "Amortization": 7000.0,
        "Amortization Of Intangibles Income Statement": 7000.0,
        "Selling General And Administration": 6263000.0,
        "Selling And Marketing Expense": 241000.0,
        "General And Administrative Expense": 6022000.0,
        "Other Gand A": NaN,
        "Insurance And Claims": 138000.0,
        "Salaries And Wages": 5884000.0,
        "Total Revenue": 15489000.0,
        "Operating Revenue": 15489000.0,
        "Occupancy And Equipment": 760000.0,
        "Professional Expense And Contract Services Expense": 433000.0,
        "Other Non Interest Expense": 2809000.0
    },
    "2022-12-31": {
        "Tax Effect Of Unusual Items": NaN,
        "Tax Rate For Calcs": NaN,
        "Net Income From Continuing Operation Net Minority Interest": NaN,
        "Reconciled Depreciation": NaN,
        "Net Interest Income": NaN,
        "Interest Expense": NaN,
        "Interest Income": NaN,
        "Normalized Income": NaN,
        "Net Income From Continuing And Discontinued Operation": NaN,
        "Diluted Average Shares": NaN,
        "Basic Average Shares": NaN,
        "Diluted EPS": NaN,
        "Basic EPS": NaN,
        "Diluted NI Availto Com Stockholders": NaN,
        "Net Income Common Stockholders": NaN,
        "Net Income": NaN,
        "Net Income Including Noncontrolling Interests": NaN,
        "Net Income Continuous Operations": NaN,
        "Tax Provision": NaN,
        "Pretax Income": NaN,
        "Gain On Sale Of Security": NaN,
        "Depreciation Amortization Depletion Income Statement": NaN,
        "Depreciation And Amortization In Income Statement": NaN,
        "Amortization": NaN,
        "Amortization Of Intangibles Income Statement": NaN,
        "Selling General And Administration": NaN,
        "Selling And Marketing Expense": NaN,
        "General And Administrative Expense": NaN,
        "Other Gand A": -1559000.0,
        "Insurance And Claims": NaN,
        "Salaries And Wages": NaN,
        "Total Revenue": NaN,
        "Operating Revenue": NaN,
        "Occupancy And Equipment": NaN,
        "Professional Expense And Contract Services Expense": NaN,
        "Other Non Interest Expense": NaN
    },
    "2022-09-30": {
        "Tax Effect Of Unusual Items": NaN,
        "Tax Rate For Calcs": NaN,
        "Total Unusual Items": 0.0,
        "Total Unusual Items Excluding Goodwill": 0.0,
        "Net Income From Continuing Operation Net Minority Interest": NaN,
        "Reconciled Depreciation": NaN,
        "Net Interest Income": NaN,
        "Interest Expense": NaN,
        "Interest Income": NaN,
        "Normalized Income": NaN,
        "Net Income From Continuing And Discontinued Operation": NaN,
        "Diluted Average Shares": NaN,
        "Basic Average Shares": NaN,
        "Diluted EPS": NaN,
        "Basic EPS": NaN,
        "Diluted NI Availto Com Stockholders": NaN,
        "Net Income Common Stockholders": NaN,
        "Net Income": NaN,
        "Net Income Including Noncontrolling Interests": NaN,
        "Net Income Continuous Operations": NaN,
        "Tax Provision": NaN,
        "Pretax Income": NaN,
        "Gain On Sale Of Security": NaN,
        "Depreciation Amortization Depletion Income Statement": NaN,
        "Depreciation And Amortization In Income Statement": NaN,
        "Amortization": NaN,
        "Amortization Of Intangibles Income Statement": NaN,
        "Selling General And Administration": NaN,
        "Selling And Marketing Expense": NaN,
        "General And Administrative Expense": NaN,
        "Other Gand A": 1337000.0,
        "Insurance And Claims": NaN,
        "Salaries And Wages": NaN,
        "Total Revenue": NaN,
        "Operating Revenue": NaN
    },
    "2022-06-30": {
        "Tax Effect Of Unusual Items": 0.0,
        "Tax Rate For Calcs": 0.150446,
        "Total Unusual Items": 0.0,
        "Total Unusual Items Excluding Goodwill": 0.0,
        "Net Income From Continuing Operation Net Minority Interest": 1999000.0,
        "Reconciled Depreciation": 10000.0,
        "Net Interest Income": 10553000.0,
        "Interest Expense": 668000.0,
        "Interest Income": 11221000.0,
        "Normalized Income": 1999000.0,
        "Net Income From Continuing And Discontinued Operation": 1999000.0,
        "Diluted Average Shares": 4771774.0,
        "Basic Average Shares": 4771774.0,
        "Diluted EPS": 0.42,
        "Basic EPS": 0.42,
        "Diluted NI Availto Com Stockholders": 1999000.0,
        "Net Income Common Stockholders": 1999000.0,
        "Net Income": 1999000.0,
        "Net Income Including Noncontrolling Interests": 1999000.0,
        "Net Income Continuous Operations": 1999000.0,
        "Tax Provision": 354000.0,
        "Pretax Income": 2353000.0,
        "Gain On Sale Of Security": 0.0,
        "Depreciation Amortization Depletion Income Statement": 10000.0,
        "Depreciation And Amortization In Income Statement": 10000.0,
        "Amortization": 10000.0,
        "Amortization Of Intangibles Income Statement": 10000.0,
        "Selling General And Administration": 7244000.0,
        "Selling And Marketing Expense": 229000.0,
        "General And Administrative Expense": 7015000.0,
        "Other Gand A": 1244000.0,
        "Insurance And Claims": 88000.0,
        "Salaries And Wages": 5683000.0,
        "Total Revenue": 13189000.0,
        "Operating Revenue": 13189000.0
    },
    "2022-03-31": {
        "Diluted EPS": 0.87,
        "Total Revenue": 14,
        "Gross Profit": 14,
        "Operating Income": 5,
        "EBIT": NaN,
        "Net Income": 4
    },
    "2021-12-31": {
        "Diluted EPS": 0.48,
        "Total Revenue": 13,
        "Gross Profit": 12,
        "Operating Income": 3,
        "EBIT": NaN,
        "Net Income": 2
    },
    "2021-09-30": {
        "Diluted EPS": 0.63,
        "Total Revenue": 14,
        "Gross Profit": 13,
        "Operating Income": 4,
        "EBIT": NaN,
        "Net Income": 3
    },
    "2021-06-30": {
        "Diluted EPS": 0.6,
        "Total Revenue": 14,
        "Gross Profit": 13,
        "Operating Income": 3,
        "EBIT": NaN,
        "Net Income": 3
    },
    "2021-03-31": {
        "Diluted EPS": 0.74,
        "Total Revenue": 14,
        "Gross Profit": 13,
        "Operating Income": 4,
        "EBIT": NaN,
        "Net Income": 4
    },
    "2020-12-31": {
        "Diluted EPS": 0.98,
        "Total Revenue": 14,
        "Gross Profit": 12,
        "Operating Income": 5,
        "EBIT": NaN,
        "Net Income": 5
    },
    "2020-09-30": {
        "Diluted EPS": 0.48,
        "Total Revenue": 14,
        "Gross Profit": 13,
        "Operating Income": 3,
        "EBIT": NaN,
        "Net Income": 2
    },
    "2020-06-30": {
        "Diluted EPS": 0.47,
        "Total Revenue": 14,
        "Gross Profit": 12,
        "Operating Income": 3,
        "EBIT": NaN,
        "Net Income": 2
    },
    "2020-03-31": {
        "Diluted EPS": 0.21,
        "Total Revenue": 16,
        "Gross Profit": 14,
        "Operating Income": 1,
        "EBIT": NaN,
        "Net Income": 1
    },
    "2019-12-31": {
        "Diluted EPS": 0.73,
        "Total Revenue": 15,
        "Gross Profit": 14,
        "Operating Income": 4,
        "EBIT": NaN,
        "Net Income": 3
    },
    "2019-09-30": {
        "Diluted EPS": 0.45,
        "Total Revenue": 15,
        "Gross Profit": 13,
        "Operating Income": 3,
        "EBIT": NaN,
        "Net Income": 2
    },
    "2019-06-30": {
        "Diluted EPS": 0.65,
        "Total Revenue": 14,
        "Gross Profit": 13,
        "Operating Income": 4,
        "EBIT": NaN,
        "Net Income": 3
    },
    "2019-03-31": {
        "Diluted EPS": 0.25,
        "Total Revenue": 15,
        "Gross Profit": 13,
        "Operating Income": 1,
        "EBIT": NaN,
        "Net Income": 1
    },
    "2018-12-31": {
        "Diluted EPS": 0.82,
        "Total Revenue": 14,
        "Gross Profit": 12,
        "Operating Income": 5,
        "EBIT": NaN,
        "Net Income": 4
    },
    "2018-09-30": {
        "Diluted EPS": 0.37,
        "Total Revenue": 14,
        "Gross Profit": 13,
        "Operating Income": 2,
        "EBIT": NaN,
        "Net Income": 2
    },
    "2018-06-30": {
        "Diluted EPS": 0.63,
        "Total Revenue": 14,
        "Gross Profit": 13,
        "Operating Income": 4,
        "EBIT": NaN,
        "Net Income": 3
    },
    "2018-03-31": {
        "Diluted EPS": 0.71,
        "Total Revenue": 16,
        "Gross Profit": 15,
        "Operating Income": 4,
        "EBIT": NaN,
        "Net Income": 3
    },
    "2017-12-31": {
        "Diluted EPS": 0.19,
        "Total Revenue": 14,
        "Gross Profit": 12,
        "Operating Income": 5,
        "EBIT": NaN,
        "Net Income": 1
    },
    "2017-09-30": {
        "Diluted EPS": 0.35,
        "Total Revenue": 14,
        "Gross Profit": 13,
        "Operating Income": 2,
        "EBIT": NaN,
        "Net Income": 2
    },
    "2017-06-30": {
        "Diluted EPS": 0.37,
        "Total Revenue": 13,
        "Gross Profit": 12,
        "Operating Income": 2,
        "EBIT": NaN,
        "Net Income": 2
    },
    "2017-03-31": {
        "Diluted EPS": 0.69,
        "Total Revenue": 15,
        "Gross Profit": 14,
        "Operating Income": 4,
        "EBIT": NaN,
        "Net Income": 3
    },
    "2016-12-31": {
        "Diluted EPS": 0.41,
        "Total Revenue": 12,
        "Gross Profit": 11,
        "Operating Income": 3,
        "EBIT": NaN,
        "Net Income": 2
    },
    "2016-09-30": {
        "Diluted EPS": 0.08,
        "Total Revenue": 12,
        "Gross Profit": 11,
        "Operating Income": 1,
        "EBIT": NaN,
        "Net Income": 0
    },
    "2016-06-30": {
        "Diluted EPS": 0.41,
        "Total Revenue": 11,
        "Gross Profit": 10,
        "Operating Income": 2,
        "EBIT": NaN,
        "Net Income": 2
    },
    "2016-03-31": {
        "Diluted EPS": 0.69,
        "Total Revenue": 13,
        "Gross Profit": 12,
        "Operating Income": 4,
        "EBIT": NaN,
        "Net Income": 3
    },
    "2015-12-31": {
        "Diluted EPS": 0.46,
        "Total Revenue": 10,
        "Gross Profit": 10,
        "Operating Income": 2,
        "EBIT": NaN,
        "Net Income": 2
    },
    "2015-09-30": {
        "Diluted EPS": 0.4,
        "Total Revenue": 11,
        "Gross Profit": 10,
        "Operating Income": 2,
        "EBIT": NaN,
        "Net Income": 2
    },
    "2015-06-30": {
        "Diluted EPS": 0.34,
        "Total Revenue": 11,
        "Gross Profit": 10,
        "Operating Income": 2,
        "EBIT": NaN,
        "Net Income": 1
    },
    "2015-03-31": {
        "Diluted EPS": 0.88,
        "Total Revenue": 13,
        "Gross Profit": 12,
        "Operating Income": 5,
        "EBIT": NaN,
        "Net Income": 4
    },
    "2014-12-31": {
        "Diluted EPS": 0.1,
        "Total Revenue": 11,
        "Gross Profit": 10,
        "Operating Income": 1,
        "EBIT": NaN,
        "Net Income": 0
    },
    "2014-09-30": {
        "Diluted EPS": 0.67,
        "Total Revenue": 11,
        "Gross Profit": 10,
        "Operating Income": 4,
        "EBIT": NaN,
        "Net Income": 3
    },
    "2014-06-30": {
        "Diluted EPS": 0.33,
        "Total Revenue": 11,
        "Gross Profit": 10,
        "Operating Income": 2,
        "EBIT": NaN,
        "Net Income": 1
    },
    "2014-03-31": {
        "Diluted EPS": 0.87,
        "Total Revenue": 14,
        "Gross Profit": 13,
        "Operating Income": 5,
        "EBIT": NaN,
        "Net Income": 4
    },
    "2013-12-31": {
        "Diluted EPS": 0.47,
        "Total Revenue": 10,
        "Gross Profit": 9,
        "Operating Income": 3,
        "EBIT": NaN,
        "Net Income": 2
    },
    "2013-09-30": {
        "Diluted EPS": 0.26,
        "Total Revenue": 10,
        "Gross Profit": 10,
        "Operating Income": 1,
        "EBIT": NaN,
        "Net Income": 1
    },
    "2013-06-30": {
        "Diluted EPS": 0.48,
        "Total Revenue": 11,
        "Gross Profit": 10,
        "Operating Income": 3,
        "EBIT": NaN,
        "Net Income": 2
    },
    "2013-03-31": {
        "Diluted EPS": 0.79,
        "Total Revenue": 13,
        "Gross Profit": 12,
        "Operating Income": 4,
        "EBIT": NaN,
        "Net Income": 3
    },
    "2012-12-31": {
        "Diluted EPS": 0.4,
        "Total Revenue": 11,
        "Gross Profit": 9,
        "Operating Income": 2,
        "EBIT": NaN,
        "Net Income": 2
    },
    "2012-09-30": {
        "Diluted EPS": 0.27,
        "Total Revenue": 11,
        "Gross Profit": 10,
        "Operating Income": 1,
        "EBIT": NaN,
        "Net Income": 1
    },
    "2012-06-30": {
        "Diluted EPS": 0.43,
        "Total Revenue": 12,
        "Gross Profit": 10,
        "Operating Income": 2,
        "EBIT": NaN,
        "Net Income": 2
    },
    "2012-03-31": {
        "Diluted EPS": 0.65,
        "Total Revenue": 14,
        "Gross Profit": 12,
        "Operating Income": 4,
        "EBIT": NaN,
        "Net Income": 3
    },
    "2011-12-31": {
        "Diluted EPS": 0.34,
        "Total Revenue": 11,
        "Gross Profit": 9,
        "Operating Income": 2,
        "EBIT": NaN,
        "Net Income": 1
    },
    "2011-09-30": {
        "Diluted EPS": 0.22,
        "Total Revenue": 12,
        "Gross Profit": 9,
        "Operating Income": 1,
        "EBIT": NaN,
        "Net Income": 1
    },
    "2011-06-30": {
        "Diluted EPS": 0.39,
        "Total Revenue": 13,
        "Gross Profit": 10,
        "Operating Income": 2,
        "EBIT": NaN,
        "Net Income": 2
    },
    "2011-03-31": {
        "Diluted EPS": 0.51,
        "Total Revenue": 16,
        "Gross Profit": 13,
        "Operating Income": 3,
        "EBIT": NaN,
        "Net Income": 2
    },
    "2010-12-31": {
        "Diluted EPS": 0.33,
        "Total Revenue": 13,
        "Gross Profit": 9,
        "Operating Income": 2,
        "EBIT": NaN,
        "Net Income": 1
    },
    "2010-09-30": {
        "Diluted EPS": 0.1,
        "Total Revenue": 13,
        "Gross Profit": 9,
        "Operating Income": 0,
        "EBIT": NaN,
        "Net Income": 0
    },
    "2010-06-30": {
        "Diluted EPS": 0.37,
        "Total Revenue": 13,
        "Gross Profit": 10,
        "Operating Income": 2,
        "EBIT": NaN,
        "Net Income": 1
    },
    "2010-03-31": {
        "Diluted EPS": 0.48,
        "Total Revenue": 14,
        "Gross Profit": 10,
        "Operating Income": 3,
        "EBIT": NaN,
        "Net Income": 2
    },
    "2009-12-31": {
        "Diluted EPS": 0.38,
        "Total Revenue": 13,
        "Gross Profit": 9,
        "Operating Income": 2,
        "EBIT": NaN,
        "Net Income": 1
    },
    "2009-09-30": {
        "Diluted EPS": 0.43,
        "Total Revenue": 14,
        "Gross Profit": 10,
        "Operating Income": 2,
        "EBIT": NaN,
        "Net Income": 2
    },
    "2009-06-30": {
        "Diluted EPS": 0.35,
        "Total Revenue": 14,
        "Gross Profit": 9,
        "Operating Income": 2,
        "EBIT": NaN,
        "Net Income": 1
    },
    "2009-03-31": {
        "Diluted EPS": 0.51,
        "Total Revenue": 15,
        "Gross Profit": 10,
        "Operating Income": 3,
        "EBIT": NaN,
        "Net Income": 2
    },
    "2023-09-30": {
        "Tax Effect Of Unusual Items": NaN,
        "Tax Rate For Calcs": NaN,
        "Net Income From Continuing Operation Net Minority Interest": NaN,
        "Reconciled Depreciation": NaN,
        "Net Interest Income": NaN,
        "Interest Expense": NaN,
        "Interest Income": NaN,
        "Normalized Income": NaN,
        "Net Income From Continuing And Discontinued Operation": NaN,
        "Diluted Average Shares": 4775308.0,
        "Basic Average Shares": 4775308.0,
        "Diluted EPS": 0.47,
        "Basic EPS": 0.47,
        "Diluted NI Availto Com Stockholders": NaN,
        "Net Income Common Stockholders": NaN,
        "Net Income": NaN,
        "Net Income Including Noncontrolling Interests": NaN,
        "Net Income Continuous Operations": NaN,
        "Tax Provision": NaN,
        "Pretax Income": NaN,
        "Gain On Sale Of Security": NaN,
        "Depreciation Amortization Depletion Income Statement": NaN,
        "Depreciation And Amortization In Income Statement": NaN,
        "Amortization": NaN,
        "Amortization Of Intangibles Income Statement": NaN,
        "Selling General And Administration": NaN,
        "Selling And Marketing Expense": NaN,
        "General And Administrative Expense": NaN,
        "Insurance And Claims": NaN,
        "Salaries And Wages": NaN,
        "Total Revenue": NaN,
        "Operating Revenue": NaN,
        "Occupancy And Equipment": NaN,
        "Professional Expense And Contract Services Expense": NaN,
        "Other Non Interest Expense": NaN
    },
    "2023-12-31": {
        "Tax Effect Of Unusual Items": NaN,
        "Tax Rate For Calcs": NaN,
        "Net Income From Continuing Operation Net Minority Interest": NaN,
        "Reconciled Depreciation": 3000.0,
        "Net Interest Income": NaN,
        "Interest Expense": NaN,
        "Interest Income": NaN,
        "Normalized Income": NaN,
        "Net Income From Continuing And Discontinued Operation": NaN,
        "Diluted Average Shares": NaN,
        "Basic Average Shares": NaN,
        "Diluted EPS": NaN,
        "Basic EPS": NaN,
        "Diluted NI Availto Com Stockholders": NaN,
        "Net Income Common Stockholders": NaN,
        "Net Income": NaN,
        "Net Income Including Noncontrolling Interests": NaN,
        "Net Income Continuous Operations": NaN,
        "Tax Provision": NaN,
        "Pretax Income": NaN,
        "Gain On Sale Of Security": NaN,
        "Depreciation Amortization Depletion Income Statement": 3000.0,
        "Depreciation And Amortization In Income Statement": 3000.0,
        "Amortization": 3000.0,
        "Amortization Of Intangibles Income Statement": 3000.0,
        "Selling General And Administration": NaN,
        "Selling And Marketing Expense": NaN,
        "General And Administrative Expense": NaN,
        "Insurance And Claims": NaN,
        "Salaries And Wages": NaN,
        "Total Revenue": NaN,
        "Operating Revenue": NaN,
        "Occupancy And Equipment": NaN,
        "Professional Expense And Contract Services Expense": NaN,
        "Other Non Interest Expense": NaN
    },
    "2024-03-31": {
        "Tax Effect Of Unusual Items": NaN,
        "Tax Rate For Calcs": NaN,
        "Net Income From Continuing Operation Net Minority Interest": NaN,
        "Reconciled Depreciation": 3000.0,
        "Net Interest Income": NaN,
        "Interest Expense": NaN,
        "Interest Income": NaN,
        "Normalized Income": NaN,
        "Net Income From Continuing And Discontinued Operation": NaN,
        "Diluted Average Shares": NaN,
        "Basic Average Shares": NaN,
        "Diluted EPS": NaN,
        "Basic EPS": NaN,
        "Diluted NI Availto Com Stockholders": NaN,
        "Net Income Common Stockholders": NaN,
        "Net Income": NaN,
        "Net Income Including Noncontrolling Interests": NaN,
        "Net Income Continuous Operations": NaN,
        "Tax Provision": NaN,
        "Pretax Income": NaN,
        "Gain On Sale Of Security": NaN,
        "Depreciation Amortization Depletion Income Statement": 3000.0,
        "Depreciation And Amortization In Income Statement": 3000.0,
        "Amortization": 3000.0,
        "Amortization Of Intangibles Income Statement": 3000.0,
        "Selling General And Administration": NaN,
        "Selling And Marketing Expense": NaN,
        "General And Administrative Expense": NaN,
        "Insurance And Claims": NaN,
        "Salaries And Wages": NaN,
        "Total Revenue": NaN,
        "Operating Revenue": NaN,
        "Occupancy And Equipment": NaN,
        "Professional Expense And Contract Services Expense": NaN,
        "Other Non Interest Expense": NaN
    },
    "2024-06-30": {
        "Tax Effect Of Unusual Items": NaN,
        "Tax Rate For Calcs": NaN,
        "Net Income From Continuing Operation Net Minority Interest": NaN,
        "Reconciled Depreciation": 4000.0,
        "Net Interest Income": NaN,
        "Interest Expense": NaN,
        "Interest Income": NaN,
        "Normalized Income": NaN,
        "Net Income From Continuing And Discontinued Operation": NaN,
        "Diluted Average Shares": NaN,
        "Basic Average Shares": NaN,
        "Diluted EPS": NaN,
        "Basic EPS": NaN,
        "Diluted NI Availto Com Stockholders": NaN,
        "Net Income Common Stockholders": NaN,
        "Net Income": NaN,
        "Net Income Including Noncontrolling Interests": NaN,
        "Net Income Continuous Operations": NaN,
        "Tax Provision": NaN,
        "Pretax Income": NaN,
        "Gain On Sale Of Security": NaN,
        "Depreciation Amortization Depletion Income Statement": 4000.0,
        "Depreciation And Amortization In Income Statement": 4000.0,
        "Amortization": 4000.0,
        "Amortization Of Intangibles Income Statement": 4000.0,
        "Selling General And Administration": NaN,
        "Selling And Marketing Expense": NaN,
        "General And Administrative Expense": NaN,
        "Insurance And Claims": NaN,
        "Salaries And Wages": NaN,
        "Total Revenue": NaN,
        "Operating Revenue": NaN,
        "Occupancy And Equipment": NaN,
        "Professional Expense And Contract Services Expense": NaN,
        "Other Non Interest Expense": NaN
    },
    "2024-09-30": {
        "Tax Effect Of Unusual Items": 0.0,
        "Tax Rate For Calcs": 0.175,
        "Net Income From Continuing Operation Net Minority Interest": 2719000.0,
        "Reconciled Depreciation": 1000.0,
        "Net Interest Income": 12486000.0,
        "Interest Expense": 6824000.0,
        "Interest Income": 19310000.0,
        "Normalized Income": 2719000.0,
        "Net Income From Continuing And Discontinued Operation": 2719000.0,
        "Diluted Average Shares": NaN,
        "Basic Average Shares": NaN,
        "Diluted EPS": NaN,
        "Basic EPS": NaN,
        "Diluted NI Availto Com Stockholders": 2719000.0,
        "Net Income Common Stockholders": 2719000.0,
        "Net Income": 2719000.0,
        "Net Income Including Noncontrolling Interests": 2719000.0,
        "Net Income Continuous Operations": 2719000.0,
        "Tax Provision": 576000.0,
        "Pretax Income": 3295000.0,
        "Gain On Sale Of Security": 0.0,
        "Depreciation Amortization Depletion Income Statement": 1000.0,
        "Depreciation And Amortization In Income Statement": 1000.0,
        "Amortization": 1000.0,
        "Amortization Of Intangibles Income Statement": 1000.0,
        "Selling General And Administration": 6984000.0,
        "Selling And Marketing Expense": 228000.0,
        "General And Administrative Expense": 6756000.0,
        "Insurance And Claims": 160000.0,
        "Salaries And Wages": 6596000.0,
        "Total Revenue": 15435000.0,
        "Operating Revenue": 15435000.0,
        "Occupancy And Equipment": 812000.0,
        "Professional Expense And Contract Services Expense": 510000.0,
        "Other Non Interest Expense": 2914000.0
    },
    "2024-12-31": {
        "Tax Effect Of Unusual Items": 0.0,
        "Tax Rate For Calcs": 0.17998,
        "Net Income From Continuing Operation Net Minority Interest": 2515000.0,
        "Reconciled Depreciation": 0.0,
        "Net Interest Income": 12974000.0,
        "Interest Expense": 6952000.0,
        "Interest Income": 19926000.0,
        "Normalized Income": 2515000.0,
        "Net Income From Continuing And Discontinued Operation": 2515000.0,
        "Diluted Average Shares": 4711001.0,
        "Basic Average Shares": 4711001.0,
        "Diluted EPS": 0.53,
        "Basic EPS": 0.53,
        "Diluted NI Availto Com Stockholders": 2515000.0,
        "Net Income Common Stockholders": 2515000.0,
        "Net Income": 2515000.0,
        "Net Income Including Noncontrolling Interests": 2515000.0,
        "Net Income Continuous Operations": 2515000.0,
        "Tax Provision": 552000.0,
        "Pretax Income": 3067000.0,
        "Gain On Sale Of Security": 0.0,
        "Depreciation Amortization Depletion Income Statement": 0.0,
        "Depreciation And Amortization In Income Statement": 0.0,
        "Amortization": 0.0,
        "Amortization Of Intangibles Income Statement": 0.0,
        "Selling General And Administration": 9158000.0,
        "Selling And Marketing Expense": 146000.0,
        "General And Administrative Expense": 9012000.0,
        "Insurance And Claims": 179000.0,
        "Salaries And Wages": 8833000.0,
        "Total Revenue": 16990000.0,
        "Operating Revenue": 16990000.0,
        "Occupancy And Equipment": 760000.0,
        "Professional Expense And Contract Services Expense": 370000.0,
        "Other Non Interest Expense": 3018000.0
    },
    "2025-03-31": {
        "Tax Effect Of Unusual Items": 0.0,
        "Tax Rate For Calcs": 0.206,
        "Net Income From Continuing Operation Net Minority Interest": 4406000.0,
        "Reconciled Depreciation": NaN,
        "Net Interest Income": 13044000.0,
        "Interest Expense": 6660000.0,
        "Interest Income": 19704000.0,
        "Normalized Income": 4406000.0,
        "Net Income From Continuing And Discontinued Operation": 4406000.0,
        "Diluted Average Shares": 4711001.0,
        "Basic Average Shares": 4711001.0,
        "Diluted EPS": 0.94,
        "Basic EPS": 0.94,
        "Diluted NI Availto Com Stockholders": 4406000.0,
        "Net Income Common Stockholders": 4406000.0,
        "Net Income": 4406000.0,
        "Net Income Including Noncontrolling Interests": 4406000.0,
        "Net Income Continuous Operations": 4406000.0,
        "Tax Provision": 1146000.0,
        "Pretax Income": 5552000.0,
        "Gain On Sale Of Security": 0.0,
        "Depreciation Amortization Depletion Income Statement": NaN,
        "Depreciation And Amortization In Income Statement": NaN,
        "Amortization": NaN,
        "Amortization Of Intangibles Income Statement": NaN,
        "Selling General And Administration": 6474000.0,
        "Selling And Marketing Expense": 279000.0,
        "General And Administrative Expense": 6195000.0,
        "Insurance And Claims": 183000.0,
        "Salaries And Wages": 6012000.0,
        "Total Revenue": 16786000.0,
        "Operating Revenue": 16786000.0,
        "Occupancy And Equipment": 871000.0,
        "Professional Expense And Contract Services Expense": 500000.0,
        "Other Non Interest Expense": 2973000.0
    },
    "2025-06-30": {
        "Tax Effect Of Unusual Items": 0.0,
        "Tax Rate For Calcs": 0.188,
        "Net Income From Continuing Operation Net Minority Interest": 4210000.0,
        "Reconciled Depreciation": NaN,
        "Net Interest Income": 14442000.0,
        "Interest Expense": 6504000.0,
        "Interest Income": 20946000.0,
        "Normalized Income": 4210000.0,
        "Net Income From Continuing And Discontinued Operation": 4210000.0,
        "Diluted Average Shares": 4711001.0,
        "Basic Average Shares": 4711001.0,
        "Diluted EPS": 0.89,
        "Basic EPS": 0.89,
        "Diluted NI Availto Com Stockholders": 4210000.0,
        "Net Income Common Stockholders": 4210000.0,
        "Net Income": 4210000.0,
        "Net Income Including Noncontrolling Interests": 4210000.0,
        "Net Income Continuous Operations": 4210000.0,
        "Tax Provision": 976000.0,
        "Pretax Income": 5186000.0,
        "Gain On Sale Of Security": 0.0,
        "Depreciation Amortization Depletion Income Statement": NaN,
        "Depreciation And Amortization In Income Statement": NaN,
        "Amortization": NaN,
        "Amortization Of Intangibles Income Statement": NaN,
        "Selling General And Administration": 6637000.0,
        "Selling And Marketing Expense": 279000.0,
        "General And Administrative Expense": 6358000.0,
        "Insurance And Claims": 164000.0,
        "Salaries And Wages": 6194000.0,
        "Total Revenue": 17383000.0,
        "Operating Revenue": 17383000.0,
        "Occupancy And Equipment": 831000.0,
        "Professional Expense And Contract Services Expense": 500000.0,
        "Other Non Interest Expense": 3081000.0
    },
    "2025-09-30": {
        "Tax Effect Of Unusual Items": 0.0,
        "Tax Rate For Calcs": 0.191,
        "Net Income From Continuing Operation Net Minority Interest": 3030000.0,
        "Reconciled Depreciation": NaN,
        "Net Interest Income": 14503000.0,
        "Interest Expense": 6950000.0,
        "Interest Income": 21453000.0,
        "Normalized Income": 3030000.0,
        "Net Income From Continuing And Discontinued Operation": 3030000.0,
        "Diluted Average Shares": 4711001.0,
        "Basic Average Shares": 4711001.0,
        "Diluted EPS": 0.64,
        "Basic EPS": 0.64,
        "Diluted NI Availto Com Stockholders": 3030000.0,
        "Net Income Common Stockholders": 3030000.0,
        "Net Income": 3030000.0,
        "Net Income Including Noncontrolling Interests": 3030000.0,
        "Net Income Continuous Operations": 3030000.0,
        "Tax Provision": 714000.0,
        "Pretax Income": 3744000.0,
        "Gain On Sale Of Security": -1219000.0,
        "Depreciation Amortization Depletion Income Statement": NaN,
        "Depreciation And Amortization In Income Statement": NaN,
        "Amortization": NaN,
        "Amortization Of Intangibles Income Statement": NaN,
        "Selling General And Administration": 6826000.0,
        "Selling And Marketing Expense": 280000.0,
        "General And Administrative Expense": 6546000.0,
        "Insurance And Claims": 179000.0,
        "Salaries And Wages": 6367000.0,
        "Total Revenue": 16345000.0,
        "Operating Revenue": 16345000.0,
        "Occupancy And Equipment": 867000.0,
        "Professional Expense And Contract Services Expense": 515000.0,
        "Other Non Interest Expense": 3281000.0
    },
    "2025-12-31": {
        "Tax Effect Of Unusual Items": NaN,
        "Tax Rate For Calcs": NaN,
        "Net Income From Continuing Operation Net Minority Interest": NaN,
        "Reconciled Depreciation": NaN,
        "Net Interest Income": NaN,
        "Interest Expense": NaN,
        "Interest Income": NaN,
        "Normalized Income": NaN,
        "Net Income From Continuing And Discontinued Operation": NaN,
        "Diluted Average Shares": 4711001.0,
        "Basic Average Shares": 4711001.0,
        "Diluted EPS": 0.84,
        "Basic EPS": 0.84,
        "Diluted NI Availto Com Stockholders": NaN,
        "Net Income Common Stockholders": NaN,
        "Net Income": NaN,
        "Net Income Including Noncontrolling Interests": NaN,
        "Net Income Continuous Operations": NaN,
        "Tax Provision": NaN,
        "Pretax Income": NaN,
        "Gain On Sale Of Security": NaN,
        "Depreciation Amortization Depletion Income Statement": NaN,
        "Depreciation And Amortization In Income Statement": NaN,
        "Amortization": NaN,
        "Amortization Of Intangibles Income Statement": NaN,
        "Selling General And Administration": NaN,
        "Selling And Marketing Expense": NaN,
        "General And Administrative Expense": NaN,
        "Insurance And Claims": NaN,
        "Salaries And Wages": NaN,
        "Total Revenue": NaN,
        "Operating Revenue": NaN,
        "Occupancy And Equipment": NaN,
        "Professional Expense And Contract Services Expense": NaN,
        "Other Non Interest Expense": NaN
    }
}