{
    "2023-06-30": {
        "Tax Effect Of Unusual Items": 0.0,
        "Tax Rate For Calcs": 0.236,
        "Net Income From Continuing Operation Net Minority Interest": 8404000.0,
        "Reconciled Depreciation": 276000.0,
        "Net Interest Income": 19407000.0,
        "Interest Expense": 696000.0,
        "Interest Income": 20103000.0,
        "Normalized Income": 8404000.0,
        "Net Income From Continuing And Discontinued Operation": 8404000.0,
        "Diluted Average Shares": 8227218.0,
        "Basic Average Shares": 8195270.0,
        "Diluted EPS": 1.02,
        "Basic EPS": 1.03,
        "Diluted NI Availto Com Stockholders": 8404000.0,
        "Net Income Common Stockholders": 8404000.0,
        "Net Income": 8404000.0,
        "Net Income Including Noncontrolling Interests": 8404000.0,
        "Net Income Continuous Operations": 8404000.0,
        "Tax Provision": 2596000.0,
        "Pretax Income": 11000000.0,
        "Gain On Sale Of Security": 0.0,
        "Selling General And Administration": 6336000.0,
        "General And Administrative Expense": 6336000.0,
        "Salaries And Wages": 6336000.0,
        "Total Revenue": 21062000.0,
        "Operating Revenue": 21062000.0,
        "Occupancy And Equipment": 1131000.0,
        "Other Non Interest Expense": 2595000.0
    },
    "2023-03-31": {
        "Tax Effect Of Unusual Items": 0.0,
        "Tax Rate For Calcs": 0.225,
        "Net Income From Continuing Operation Net Minority Interest": 9225000.0,
        "Reconciled Depreciation": 281000.0,
        "Net Interest Income": 19543000.0,
        "Interest Expense": 453000.0,
        "Interest Income": 19996000.0,
        "Normalized Income": 9225000.0,
        "Net Income From Continuing And Discontinued Operation": 9225000.0,
        "Diluted Average Shares": 8227000.0,
        "Basic Average Shares": 8183000.0,
        "Diluted EPS": 1.12,
        "Basic EPS": 1.13,
        "Diluted NI Availto Com Stockholders": 9225000.0,
        "Net Income Common Stockholders": 9225000.0,
        "Net Income": 9225000.0,
        "Net Income Including Noncontrolling Interests": 9225000.0,
        "Net Income Continuous Operations": 9225000.0,
        "Tax Provision": 2676000.0,
        "Pretax Income": 11901000.0,
        "Gain On Sale Of Security": 143000.0,
        "Selling General And Administration": 6439000.0,
        "General And Administrative Expense": 6439000.0,
        "Salaries And Wages": 6439000.0,
        "Total Revenue": 21198000.0,
        "Operating Revenue": 21198000.0,
        "Occupancy And Equipment": 1187000.0,
        "Other Non Interest Expense": 2131000.0
    },
    "2022-12-31": {
        "Tax Effect Of Unusual Items": 0.0,
        "Tax Rate For Calcs": 0.240298,
        "Net Income From Continuing Operation Net Minority Interest": 9475000.0,
        "Reconciled Depreciation": 163000.0,
        "Net Interest Income": 19113000.0,
        "Interest Expense": 342000.0,
        "Interest Income": 19455000.0,
        "Normalized Income": 9475000.0,
        "Net Income From Continuing And Discontinued Operation": 9475000.0,
        "Diluted Average Shares": 8213891.0,
        "Basic Average Shares": 8175871.0,
        "Diluted EPS": 1.15,
        "Basic EPS": 1.16,
        "Diluted NI Availto Com Stockholders": 9475000.0,
        "Net Income Common Stockholders": 9475000.0,
        "Net Income": 9475000.0,
        "Net Income Including Noncontrolling Interests": 9475000.0,
        "Net Income Continuous Operations": 9475000.0,
        "Tax Provision": 2997000.0,
        "Pretax Income": 12472000.0,
        "Gain On Sale Of Security": 0.0,
        "Selling General And Administration": 5961000.0,
        "General And Administrative Expense": 5961000.0,
        "Salaries And Wages": 5961000.0,
        "Total Revenue": 20534000.0,
        "Operating Revenue": 20534000.0
    },
    "2022-09-30": {
        "Tax Effect Of Unusual Items": 0.0,
        "Tax Rate For Calcs": 0.228413,
        "Net Income From Continuing Operation Net Minority Interest": 6800000.0,
        "Reconciled Depreciation": 321000.0,
        "Net Interest Income": 16772000.0,
        "Interest Expense": 291000.0,
        "Interest Income": 16772000.0,
        "Normalized Income": 6800000.0,
        "Net Income From Continuing And Discontinued Operation": 6800000.0,
        "Diluted Average Shares": 8206342.0,
        "Basic Average Shares": 8172836.0,
        "Diluted EPS": 0.83,
        "Basic EPS": 0.83,
        "Diluted NI Availto Com Stockholders": 6800000.0,
        "Net Income Common Stockholders": 6800000.0,
        "Net Income": 6800000.0,
        "Net Income Including Noncontrolling Interests": 6800000.0,
        "Net Income Continuous Operations": 6800000.0,
        "Tax Provision": 2013000.0,
        "Pretax Income": 8813000.0,
        "Gain On Sale Of Security": 0.0,
        "Selling General And Administration": 5750000.0,
        "General And Administrative Expense": 5750000.0,
        "Salaries And Wages": 5750000.0,
        "Total Revenue": 18383000.0,
        "Operating Revenue": 18383000.0
    },
    "2022-06-30": {
        "Tax Effect Of Unusual Items": 0.0,
        "Tax Rate For Calcs": 0.211335,
        "Net Income From Continuing Operation Net Minority Interest": 4258000.0,
        "Reconciled Depreciation": 334000.0,
        "Net Interest Income": 13233000.0,
        "Interest Expense": 244000.0,
        "Interest Income": 13233000.0,
        "Normalized Income": 4258000.0,
        "Net Income From Continuing And Discontinued Operation": 4258000.0,
        "Diluted Average Shares": 8201000.0,
        "Basic Average Shares": 8170000.0,
        "Diluted EPS": 0.52,
        "Basic EPS": 0.52,
        "Diluted NI Availto Com Stockholders": 4258000.0,
        "Net Income Common Stockholders": 4258000.0,
        "Net Income": 4258000.0,
        "Net Income Including Noncontrolling Interests": 4258000.0,
        "Net Income Continuous Operations": 4258000.0,
        "Tax Provision": 1141000.0,
        "Pretax Income": 5399000.0,
        "Gain On Sale Of Security": 0.0,
        "Selling General And Administration": 5658000.0,
        "General And Administrative Expense": 5658000.0,
        "Other Gand A": 859000.0,
        "Salaries And Wages": 5658000.0,
        "Total Revenue": 14604000.0,
        "Operating Revenue": 14604000.0
    },
    "2022-03-31": {
        "Diluted EPS": 0.29,
        "Total Revenue": 12,
        "Gross Profit": 12,
        "Operating Income": 3,
        "EBIT": NaN,
        "Net Income": 2
    },
    "2021-12-31": {
        "Diluted EPS": 0.44,
        "Total Revenue": 13,
        "Gross Profit": 13,
        "Operating Income": 4,
        "EBIT": NaN,
        "Net Income": 3
    },
    "2021-09-30": {
        "Diluted EPS": 0.56,
        "Total Revenue": 15,
        "Gross Profit": 15,
        "Operating Income": 6,
        "EBIT": NaN,
        "Net Income": 5
    },
    "2021-06-30": {
        "Diluted EPS": 0.48,
        "Total Revenue": 14,
        "Gross Profit": 13,
        "Operating Income": 5,
        "EBIT": NaN,
        "Net Income": 4
    },
    "2021-03-31": {
        "Diluted EPS": 0.53,
        "Total Revenue": 14,
        "Gross Profit": 13,
        "Operating Income": 6,
        "EBIT": NaN,
        "Net Income": 4
    },
    "2020-12-31": {
        "Diluted EPS": 0.57,
        "Total Revenue": 14,
        "Gross Profit": 13,
        "Operating Income": 6,
        "EBIT": NaN,
        "Net Income": 5
    },
    "2020-09-30": {
        "Diluted EPS": 0.46,
        "Total Revenue": 13,
        "Gross Profit": 13,
        "Operating Income": 5,
        "EBIT": NaN,
        "Net Income": 4
    },
    "2020-06-30": {
        "Diluted EPS": 0.32,
        "Total Revenue": 12,
        "Gross Profit": 12,
        "Operating Income": 3,
        "EBIT": NaN,
        "Net Income": 3
    },
    "2020-03-31": {
        "Diluted EPS": 0.33,
        "Total Revenue": 12,
        "Gross Profit": 12,
        "Operating Income": 4,
        "EBIT": NaN,
        "Net Income": 3
    },
    "2019-12-31": {
        "Diluted EPS": 0.39,
        "Total Revenue": 12,
        "Gross Profit": 12,
        "Operating Income": 4,
        "EBIT": NaN,
        "Net Income": 3
    },
    "2019-09-30": {
        "Diluted EPS": 0.4,
        "Total Revenue": 12,
        "Gross Profit": 12,
        "Operating Income": 4,
        "EBIT": NaN,
        "Net Income": 3
    },
    "2019-06-30": {
        "Diluted EPS": 0.37,
        "Total Revenue": 12,
        "Gross Profit": 11,
        "Operating Income": 4,
        "EBIT": NaN,
        "Net Income": 3
    },
    "2019-03-31": {
        "Diluted EPS": 0.38,
        "Total Revenue": 12,
        "Gross Profit": 11,
        "Operating Income": 4,
        "EBIT": NaN,
        "Net Income": 3
    },
    "2018-12-31": {
        "Diluted EPS": 0.36,
        "Total Revenue": 12,
        "Gross Profit": 11,
        "Operating Income": 4,
        "EBIT": NaN,
        "Net Income": 3
    },
    "2018-09-30": {
        "Diluted EPS": 0.39,
        "Total Revenue": 12,
        "Gross Profit": 11,
        "Operating Income": 4,
        "EBIT": NaN,
        "Net Income": 3
    },
    "2018-06-30": {
        "Diluted EPS": 0.32,
        "Total Revenue": 11,
        "Gross Profit": 10,
        "Operating Income": 3,
        "EBIT": NaN,
        "Net Income": 3
    },
    "2018-03-31": {
        "Diluted EPS": 0.35,
        "Total Revenue": 11,
        "Gross Profit": 10,
        "Operating Income": 4,
        "EBIT": NaN,
        "Net Income": 3
    },
    "2017-12-31": {
        "Diluted EPS": 0.2,
        "Total Revenue": 11,
        "Gross Profit": 10,
        "Operating Income": 4,
        "EBIT": NaN,
        "Net Income": 2
    },
    "2017-09-30": {
        "Diluted EPS": 0.31,
        "Total Revenue": 10,
        "Gross Profit": 10,
        "Operating Income": 4,
        "EBIT": NaN,
        "Net Income": 2
    },
    "2017-06-30": {
        "Diluted EPS": 0.35,
        "Total Revenue": 11,
        "Gross Profit": 10,
        "Operating Income": 4,
        "EBIT": NaN,
        "Net Income": 3
    },
    "2017-03-31": {
        "Diluted EPS": 0.27,
        "Total Revenue": 10,
        "Gross Profit": 10,
        "Operating Income": 3,
        "EBIT": NaN,
        "Net Income": 2
    },
    "2016-12-31": {
        "Diluted EPS": 0.28,
        "Total Revenue": 10,
        "Gross Profit": 9,
        "Operating Income": 3,
        "EBIT": NaN,
        "Net Income": 2
    },
    "2016-09-30": {
        "Diluted EPS": 0.24,
        "Total Revenue": 9,
        "Gross Profit": 9,
        "Operating Income": 3,
        "EBIT": NaN,
        "Net Income": 2
    },
    "2016-06-30": {
        "Diluted EPS": 0.24,
        "Total Revenue": 9,
        "Gross Profit": 9,
        "Operating Income": 3,
        "EBIT": NaN,
        "Net Income": 2
    },
    "2016-03-31": {
        "Diluted EPS": 0.19,
        "Total Revenue": 9,
        "Gross Profit": 9,
        "Operating Income": 2,
        "EBIT": NaN,
        "Net Income": 2
    },
    "2015-12-31": {
        "Diluted EPS": 0.06,
        "Total Revenue": 8,
        "Gross Profit": 8,
        "Operating Income": 1,
        "EBIT": NaN,
        "Net Income": 0
    },
    "2015-09-30": {
        "Diluted EPS": 0.17,
        "Total Revenue": 7,
        "Gross Profit": 7,
        "Operating Income": 2,
        "EBIT": NaN,
        "Net Income": 1
    },
    "2015-06-30": {
        "Diluted EPS": 0.19,
        "Total Revenue": 8,
        "Gross Profit": 7,
        "Operating Income": 2,
        "EBIT": NaN,
        "Net Income": 2
    },
    "2015-03-31": {
        "Diluted EPS": 0.19,
        "Total Revenue": 7,
        "Gross Profit": 7,
        "Operating Income": 2,
        "EBIT": NaN,
        "Net Income": 2
    },
    "2014-12-31": {
        "Diluted EPS": 0.2,
        "Total Revenue": 8,
        "Gross Profit": 8,
        "Operating Income": 2,
        "EBIT": NaN,
        "Net Income": 2
    },
    "2014-09-30": {
        "Diluted EPS": 0.19,
        "Total Revenue": 7,
        "Gross Profit": 7,
        "Operating Income": 2,
        "EBIT": NaN,
        "Net Income": 2
    },
    "2014-06-30": {
        "Diluted EPS": 0.32,
        "Total Revenue": 7,
        "Gross Profit": 7,
        "Operating Income": 4,
        "EBIT": NaN,
        "Net Income": 3
    },
    "2014-03-31": {
        "Diluted EPS": 0.18,
        "Total Revenue": 7,
        "Gross Profit": 7,
        "Operating Income": 2,
        "EBIT": NaN,
        "Net Income": 1
    },
    "2013-12-31": {
        "Diluted EPS": 0.21,
        "Total Revenue": 7,
        "Gross Profit": 7,
        "Operating Income": 3,
        "EBIT": NaN,
        "Net Income": 2
    },
    "2013-09-30": {
        "Diluted EPS": 0.19,
        "Total Revenue": 7,
        "Gross Profit": 7,
        "Operating Income": 2,
        "EBIT": NaN,
        "Net Income": 2
    },
    "2013-06-30": {
        "Diluted EPS": 0.18,
        "Total Revenue": 7,
        "Gross Profit": 7,
        "Operating Income": 2,
        "EBIT": NaN,
        "Net Income": 1
    },
    "2013-03-31": {
        "Diluted EPS": 0.16,
        "Total Revenue": 7,
        "Gross Profit": 7,
        "Operating Income": 2,
        "EBIT": NaN,
        "Net Income": 1
    },
    "2012-12-31": {
        "Diluted EPS": 0.18,
        "Total Revenue": 7,
        "Gross Profit": 7,
        "Operating Income": 2,
        "EBIT": NaN,
        "Net Income": 1
    },
    "2012-09-30": {
        "Diluted EPS": 0.18,
        "Total Revenue": 7,
        "Gross Profit": 7,
        "Operating Income": 2,
        "EBIT": NaN,
        "Net Income": 1
    },
    "2012-06-30": {
        "Diluted EPS": 0.16,
        "Total Revenue": 7,
        "Gross Profit": 7,
        "Operating Income": 2,
        "EBIT": NaN,
        "Net Income": 1
    },
    "2012-03-31": {
        "Diluted EPS": 0.17,
        "Total Revenue": 7,
        "Gross Profit": 7,
        "Operating Income": 2,
        "EBIT": NaN,
        "Net Income": 1
    },
    "2011-12-31": {
        "Diluted EPS": 0.18,
        "Total Revenue": 7,
        "Gross Profit": 7,
        "Operating Income": 2,
        "EBIT": NaN,
        "Net Income": 1
    },
    "2011-09-30": {
        "Diluted EPS": 0.15,
        "Total Revenue": 7,
        "Gross Profit": 7,
        "Operating Income": 3,
        "EBIT": NaN,
        "Net Income": 1
    },
    "2011-06-30": {
        "Diluted EPS": 0.16,
        "Total Revenue": 7,
        "Gross Profit": 7,
        "Operating Income": 2,
        "EBIT": NaN,
        "Net Income": 1
    },
    "2011-03-31": {
        "Diluted EPS": 0.12,
        "Total Revenue": 7,
        "Gross Profit": 7,
        "Operating Income": 2,
        "EBIT": NaN,
        "Net Income": 1
    },
    "2010-12-31": {
        "Diluted EPS": 0.16,
        "Total Revenue": 8,
        "Gross Profit": 7,
        "Operating Income": 2,
        "EBIT": NaN,
        "Net Income": 1
    },
    "2010-09-30": {
        "Diluted EPS": 0.12,
        "Total Revenue": 8,
        "Gross Profit": 7,
        "Operating Income": 2,
        "EBIT": NaN,
        "Net Income": 1
    },
    "2010-06-30": {
        "Diluted EPS": 0.11,
        "Total Revenue": 8,
        "Gross Profit": 7,
        "Operating Income": 2,
        "EBIT": NaN,
        "Net Income": 1
    },
    "2010-03-31": {
        "Diluted EPS": 0.1,
        "Total Revenue": 8,
        "Gross Profit": 7,
        "Operating Income": 1,
        "EBIT": NaN,
        "Net Income": 1
    },
    "2009-12-31": {
        "Diluted EPS": 0.06,
        "Total Revenue": 8,
        "Gross Profit": 7,
        "Operating Income": 1,
        "EBIT": NaN,
        "Net Income": 1
    },
    "2009-09-30": {
        "Diluted EPS": 0.09,
        "Total Revenue": 8,
        "Gross Profit": 7,
        "Operating Income": 1,
        "EBIT": NaN,
        "Net Income": 1
    },
    "2009-06-30": {
        "Diluted EPS": -0.03,
        "Total Revenue": 8,
        "Gross Profit": 7,
        "Operating Income": 0,
        "EBIT": NaN,
        "Net Income": 0
    },
    "2009-03-31": {
        "Diluted EPS": 0.03,
        "Total Revenue": 8,
        "Gross Profit": 6,
        "Operating Income": 0,
        "EBIT": NaN,
        "Net Income": 0
    },
    "2023-09-30": {
        "Tax Effect Of Unusual Items": NaN,
        "Tax Rate For Calcs": NaN,
        "Net Income From Continuing Operation Net Minority Interest": NaN,
        "Reconciled Depreciation": NaN,
        "Net Interest Income": NaN,
        "Interest Expense": NaN,
        "Interest Income": NaN,
        "Normalized Income": NaN,
        "Net Income From Continuing And Discontinued Operation": NaN,
        "Diluted Average Shares": 8232338.0,
        "Basic Average Shares": 8197083.0,
        "Diluted EPS": 0.89,
        "Basic EPS": 0.9,
        "Diluted NI Availto Com Stockholders": NaN,
        "Net Income Common Stockholders": NaN,
        "Net Income": NaN,
        "Net Income Including Noncontrolling Interests": NaN,
        "Net Income Continuous Operations": NaN,
        "Tax Provision": NaN,
        "Pretax Income": NaN,
        "Gain On Sale Of Security": NaN,
        "Selling General And Administration": NaN,
        "General And Administrative Expense": NaN,
        "Salaries And Wages": NaN,
        "Total Revenue": NaN,
        "Operating Revenue": NaN,
        "Occupancy And Equipment": NaN,
        "Other Non Interest Expense": NaN
    },
    "2023-12-31": {
        "Tax Effect Of Unusual Items": 0.0,
        "Tax Rate For Calcs": 0.246047,
        "Net Income From Continuing Operation Net Minority Interest": 5865000.0,
        "Reconciled Depreciation": 268000.0,
        "Net Interest Income": 17914000.0,
        "Interest Expense": 2305000.0,
        "Interest Income": 20218000.0,
        "Normalized Income": 5865000.0,
        "Net Income From Continuing And Discontinued Operation": 5865000.0,
        "Diluted Average Shares": 8236897.0,
        "Basic Average Shares": 8200177.0,
        "Diluted EPS": 0.71,
        "Basic EPS": 0.72,
        "Diluted NI Availto Com Stockholders": 5865000.0,
        "Net Income Common Stockholders": 5865000.0,
        "Net Income": 5865000.0,
        "Net Income Including Noncontrolling Interests": 5865000.0,
        "Net Income Continuous Operations": 5865000.0,
        "Tax Provision": 1914000.0,
        "Pretax Income": 7779000.0,
        "Gain On Sale Of Security": 0.0,
        "Selling General And Administration": 6829000.0,
        "General And Administrative Expense": 6829000.0,
        "Salaries And Wages": 6829000.0,
        "Total Revenue": 19669000.0,
        "Operating Revenue": 19669000.0,
        "Occupancy And Equipment": 1074000.0,
        "Other Non Interest Expense": 2857000.0
    },
    "2024-03-31": {
        "Tax Effect Of Unusual Items": 0.0,
        "Tax Rate For Calcs": 0.207993,
        "Net Income From Continuing Operation Net Minority Interest": 5727000.0,
        "Reconciled Depreciation": 274000.0,
        "Net Interest Income": 17241000.0,
        "Interest Expense": 2751000.0,
        "Interest Income": 19992000.0,
        "Normalized Income": 5727000.0,
        "Net Income From Continuing And Discontinued Operation": 5727000.0,
        "Diluted Average Shares": 8244648.0,
        "Basic Average Shares": 8209617.0,
        "Diluted EPS": 0.69,
        "Basic EPS": 0.7,
        "Diluted NI Availto Com Stockholders": 5727000.0,
        "Net Income Common Stockholders": 5727000.0,
        "Net Income": 5727000.0,
        "Net Income Including Noncontrolling Interests": 5727000.0,
        "Net Income Continuous Operations": 5727000.0,
        "Tax Provision": 1504000.0,
        "Pretax Income": 7231000.0,
        "Gain On Sale Of Security": 80000.0,
        "Selling General And Administration": 7322000.0,
        "General And Administrative Expense": 7322000.0,
        "Salaries And Wages": 7322000.0,
        "Total Revenue": 18760000.0,
        "Operating Revenue": 18760000.0,
        "Occupancy And Equipment": 1164000.0,
        "Other Non Interest Expense": 3043000.0
    },
    "2024-06-30": {
        "Tax Effect Of Unusual Items": 0.0,
        "Tax Rate For Calcs": 0.208042,
        "Net Income From Continuing Operation Net Minority Interest": 5889000.0,
        "Reconciled Depreciation": 275000.0,
        "Net Interest Income": 17292000.0,
        "Interest Expense": 2953000.0,
        "Interest Income": 20245000.0,
        "Normalized Income": 5889000.0,
        "Net Income From Continuing And Discontinued Operation": 5889000.0,
        "Diluted Average Shares": NaN,
        "Basic Average Shares": NaN,
        "Diluted EPS": NaN,
        "Basic EPS": NaN,
        "Diluted NI Availto Com Stockholders": 5889000.0,
        "Net Income Common Stockholders": 5889000.0,
        "Net Income": 5889000.0,
        "Net Income Including Noncontrolling Interests": 5889000.0,
        "Net Income Continuous Operations": 5889000.0,
        "Tax Provision": 1547000.0,
        "Pretax Income": 7436000.0,
        "Gain On Sale Of Security": 34000.0,
        "Selling General And Administration": 7201000.0,
        "General And Administrative Expense": 7201000.0,
        "Salaries And Wages": 7201000.0,
        "Total Revenue": 19052000.0,
        "Operating Revenue": 19052000.0,
        "Occupancy And Equipment": 1131000.0,
        "Other Non Interest Expense": 3284000.0
    },
    "2024-09-30": {
        "Tax Effect Of Unusual Items": 0.0,
        "Tax Rate For Calcs": 0.252,
        "Net Income From Continuing Operation Net Minority Interest": 7324000.0,
        "Reconciled Depreciation": 265000.0,
        "Net Interest Income": 17655000.0,
        "Interest Expense": 3491000.0,
        "Interest Income": 21146000.0,
        "Normalized Income": 7324000.0,
        "Net Income From Continuing And Discontinued Operation": 7324000.0,
        "Diluted Average Shares": 8264000.0,
        "Basic Average Shares": 8221000.0,
        "Diluted EPS": 0.89,
        "Basic EPS": 0.89,
        "Diluted NI Availto Com Stockholders": 7324000.0,
        "Net Income Common Stockholders": 7324000.0,
        "Net Income": 7324000.0,
        "Net Income Including Noncontrolling Interests": 7324000.0,
        "Net Income Continuous Operations": 7324000.0,
        "Tax Provision": 2473000.0,
        "Pretax Income": 9797000.0,
        "Gain On Sale Of Security": 0.0,
        "Selling General And Administration": 7177000.0,
        "General And Administrative Expense": 7177000.0,
        "Salaries And Wages": 7177000.0,
        "Total Revenue": 19501000.0,
        "Operating Revenue": 19501000.0,
        "Occupancy And Equipment": 1137000.0,
        "Other Non Interest Expense": 3010000.0
    },
    "2024-12-31": {
        "Tax Effect Of Unusual Items": 0.0,
        "Tax Rate For Calcs": 0.222567,
        "Net Income From Continuing Operation Net Minority Interest": 6008000.0,
        "Reconciled Depreciation": 280000.0,
        "Net Interest Income": 17846000.0,
        "Interest Expense": 3666000.0,
        "Interest Income": 21512000.0,
        "Normalized Income": 6008000.0,
        "Net Income From Continuing And Discontinued Operation": 6008000.0,
        "Diluted Average Shares": 8278427.0,
        "Basic Average Shares": 8224504.0,
        "Diluted EPS": 0.73,
        "Basic EPS": 0.73,
        "Diluted NI Availto Com Stockholders": 6008000.0,
        "Net Income Common Stockholders": 6008000.0,
        "Net Income": 6008000.0,
        "Net Income Including Noncontrolling Interests": 6008000.0,
        "Net Income Continuous Operations": 6008000.0,
        "Tax Provision": 1720000.0,
        "Pretax Income": 7728000.0,
        "Gain On Sale Of Security": 0.0,
        "Selling General And Administration": 6940000.0,
        "General And Administrative Expense": 6940000.0,
        "Salaries And Wages": 6940000.0,
        "Total Revenue": 19276000.0,
        "Operating Revenue": 19276000.0,
        "Occupancy And Equipment": 1178000.0,
        "Other Non Interest Expense": 3430000.0
    },
    "2025-03-31": {
        "Tax Effect Of Unusual Items": 0.0,
        "Tax Rate For Calcs": 0.221,
        "Net Income From Continuing Operation Net Minority Interest": 5297000.0,
        "Reconciled Depreciation": 272000.0,
        "Net Interest Income": 17807000.0,
        "Interest Expense": 3309000.0,
        "Interest Income": 21116000.0,
        "Normalized Income": 5297000.0,
        "Net Income From Continuing And Discontinued Operation": 5297000.0,
        "Diluted Average Shares": 8278301.0,
        "Basic Average Shares": 8231844.0,
        "Diluted EPS": 0.64,
        "Basic EPS": 0.64,
        "Diluted NI Availto Com Stockholders": 5297000.0,
        "Net Income Common Stockholders": 5297000.0,
        "Net Income": 5297000.0,
        "Net Income Including Noncontrolling Interests": 5297000.0,
        "Net Income Continuous Operations": 5297000.0,
        "Tax Provision": 1499000.0,
        "Pretax Income": 6796000.0,
        "Gain On Sale Of Security": 0.0,
        "Selling General And Administration": 7750000.0,
        "General And Administrative Expense": 7750000.0,
        "Salaries And Wages": 7750000.0,
        "Total Revenue": 19420000.0,
        "Operating Revenue": 19420000.0,
        "Occupancy And Equipment": 1127000.0,
        "Other Non Interest Expense": 3747000.0
    },
    "2025-06-30": {
        "Tax Effect Of Unusual Items": 0.0,
        "Tax Rate For Calcs": 0.220533,
        "Net Income From Continuing Operation Net Minority Interest": 5588000.0,
        "Reconciled Depreciation": 269000.0,
        "Net Interest Income": 18154000.0,
        "Interest Expense": 3267000.0,
        "Interest Income": 21421000.0,
        "Normalized Income": 5588000.0,
        "Net Income From Continuing And Discontinued Operation": 5588000.0,
        "Diluted Average Shares": 8285299.0,
        "Basic Average Shares": 8245147.0,
        "Diluted EPS": 0.67,
        "Basic EPS": 0.68,
        "Diluted NI Availto Com Stockholders": 5588000.0,
        "Net Income Common Stockholders": 5588000.0,
        "Net Income": 5588000.0,
        "Net Income Including Noncontrolling Interests": 5588000.0,
        "Net Income Continuous Operations": 5588000.0,
        "Tax Provision": 1581000.0,
        "Pretax Income": 7169000.0,
        "Gain On Sale Of Security": 2000.0,
        "Selling General And Administration": 7693000.0,
        "General And Administrative Expense": 7693000.0,
        "Salaries And Wages": 7693000.0,
        "Total Revenue": 19857000.0,
        "Operating Revenue": 19857000.0,
        "Occupancy And Equipment": 1122000.0,
        "Other Non Interest Expense": 3873000.0
    },
    "2025-09-30": {
        "Tax Effect Of Unusual Items": NaN,
        "Tax Rate For Calcs": NaN,
        "Net Income From Continuing Operation Net Minority Interest": NaN,
        "Reconciled Depreciation": NaN,
        "Net Interest Income": NaN,
        "Interest Expense": NaN,
        "Interest Income": NaN,
        "Normalized Income": NaN,
        "Net Income From Continuing And Discontinued Operation": NaN,
        "Diluted Average Shares": 8299039.0,
        "Basic Average Shares": 8246666.0,
        "Diluted EPS": 0.81,
        "Basic EPS": 0.81,
        "Diluted NI Availto Com Stockholders": NaN,
        "Net Income Common Stockholders": NaN,
        "Net Income": NaN,
        "Net Income Including Noncontrolling Interests": NaN,
        "Net Income Continuous Operations": NaN,
        "Tax Provision": NaN,
        "Pretax Income": NaN,
        "Gain On Sale Of Security": NaN,
        "Selling General And Administration": NaN,
        "General And Administrative Expense": NaN,
        "Salaries And Wages": NaN,
        "Total Revenue": NaN,
        "Operating Revenue": NaN,
        "Occupancy And Equipment": NaN,
        "Other Non Interest Expense": NaN
    }
}