{
    "2023-03-31": {
        "Tax Effect Of Unusual Items": NaN,
        "Tax Rate For Calcs": NaN,
        "Normalized EBITDA": NaN,
        "Total Unusual Items": NaN,
        "Total Unusual Items Excluding Goodwill": NaN,
        "Net Income From Continuing Operation Net Minority Interest": NaN,
        "Reconciled Depreciation": NaN,
        "Reconciled Cost Of Revenue": NaN,
        "EBITDA": NaN,
        "EBIT": NaN,
        "Net Interest Income": NaN,
        "Interest Expense": NaN,
        "Interest Income": NaN,
        "Normalized Income": NaN,
        "Net Income From Continuing And Discontinued Operation": NaN,
        "Total Expenses": NaN,
        "Diluted Average Shares": NaN,
        "Basic Average Shares": NaN,
        "Diluted EPS": NaN,
        "Basic EPS": NaN,
        "Diluted NI Availto Com Stockholders": NaN,
        "Average Dilution Earnings": NaN,
        "Net Income Common Stockholders": NaN,
        "Net Income": NaN,
        "Minority Interests": NaN,
        "Net Income Including Noncontrolling Interests": NaN,
        "Net Income Continuous Operations": NaN,
        "Tax Provision": NaN,
        "Pretax Income": NaN,
        "Other Income Expense": NaN,
        "Other Non Operating Income Expenses": NaN,
        "Special Income Charges": -994000.0,
        "Restructuring And Mergern Acquisition": 994000.0,
        "Gain On Sale Of Security": NaN,
        "Net Non Operating Interest Income Expense": NaN,
        "Interest Expense Non Operating": NaN,
        "Interest Income Non Operating": NaN,
        "Operating Income": NaN,
        "Operating Expense": NaN,
        "Depreciation Amortization Depletion Income Statement": NaN,
        "Depreciation And Amortization In Income Statement": NaN,
        "Amortization": NaN,
        "Amortization Of Intangibles Income Statement": NaN,
        "Selling General And Administration": NaN,
        "General And Administrative Expense": NaN,
        "Other Gand A": NaN,
        "Gross Profit": NaN,
        "Cost Of Revenue": NaN,
        "Total Revenue": NaN,
        "Operating Revenue": NaN
    },
    "2022-12-31": {
        "Tax Effect Of Unusual Items": NaN,
        "Tax Rate For Calcs": NaN,
        "Normalized EBITDA": NaN,
        "Total Unusual Items": NaN,
        "Total Unusual Items Excluding Goodwill": NaN,
        "Net Income From Continuing Operation Net Minority Interest": NaN,
        "Reconciled Depreciation": NaN,
        "Reconciled Cost Of Revenue": NaN,
        "EBITDA": NaN,
        "EBIT": NaN,
        "Net Interest Income": NaN,
        "Interest Expense": NaN,
        "Interest Income": NaN,
        "Normalized Income": NaN,
        "Net Income From Continuing And Discontinued Operation": NaN,
        "Total Expenses": NaN,
        "Diluted Average Shares": NaN,
        "Basic Average Shares": NaN,
        "Diluted EPS": NaN,
        "Basic EPS": NaN,
        "Diluted NI Availto Com Stockholders": NaN,
        "Average Dilution Earnings": NaN,
        "Net Income Common Stockholders": NaN,
        "Otherunder Preferred Stock Dividend": 0.0,
        "Net Income": NaN,
        "Minority Interests": NaN,
        "Net Income Including Noncontrolling Interests": NaN,
        "Net Income Continuous Operations": NaN,
        "Tax Provision": NaN,
        "Pretax Income": NaN,
        "Other Income Expense": NaN,
        "Other Non Operating Income Expenses": NaN,
        "Special Income Charges": 0.0,
        "Restructuring And Mergern Acquisition": NaN,
        "Gain On Sale Of Security": NaN,
        "Net Non Operating Interest Income Expense": NaN,
        "Interest Expense Non Operating": NaN,
        "Interest Income Non Operating": NaN,
        "Operating Income": NaN,
        "Operating Expense": NaN,
        "Depreciation Amortization Depletion Income Statement": NaN,
        "Depreciation And Amortization In Income Statement": NaN,
        "Amortization": NaN,
        "Amortization Of Intangibles Income Statement": NaN,
        "Selling General And Administration": NaN,
        "General And Administrative Expense": NaN,
        "Other Gand A": NaN,
        "Gross Profit": NaN,
        "Cost Of Revenue": NaN,
        "Total Revenue": NaN,
        "Operating Revenue": NaN
    },
    "2022-09-30": {
        "Tax Effect Of Unusual Items": NaN,
        "Tax Rate For Calcs": NaN,
        "Normalized EBITDA": NaN,
        "Total Unusual Items": NaN,
        "Total Unusual Items Excluding Goodwill": NaN,
        "Net Income From Continuing Operation Net Minority Interest": NaN,
        "Reconciled Depreciation": NaN,
        "Reconciled Cost Of Revenue": NaN,
        "EBITDA": NaN,
        "EBIT": NaN,
        "Net Interest Income": NaN,
        "Interest Expense": NaN,
        "Interest Income": NaN,
        "Normalized Income": NaN,
        "Net Income From Continuing And Discontinued Operation": NaN,
        "Total Expenses": NaN,
        "Diluted Average Shares": 1411812068.0,
        "Basic Average Shares": 441487112.0,
        "Diluted EPS": -0.004632,
        "Basic EPS": 0.004666,
        "Diluted NI Availto Com Stockholders": NaN,
        "Average Dilution Earnings": NaN,
        "Net Income Common Stockholders": NaN,
        "Otherunder Preferred Stock Dividend": 0.0,
        "Net Income": NaN,
        "Minority Interests": NaN,
        "Net Income Including Noncontrolling Interests": NaN,
        "Net Income Continuous Operations": NaN,
        "Tax Provision": NaN,
        "Pretax Income": NaN,
        "Other Income Expense": NaN,
        "Other Non Operating Income Expenses": NaN,
        "Special Income Charges": -1760000.0,
        "Restructuring And Mergern Acquisition": 1760000.0,
        "Gain On Sale Of Security": NaN,
        "Net Non Operating Interest Income Expense": NaN,
        "Interest Expense Non Operating": NaN,
        "Interest Income Non Operating": NaN,
        "Operating Income": NaN,
        "Operating Expense": NaN,
        "Depreciation Amortization Depletion Income Statement": NaN,
        "Depreciation And Amortization In Income Statement": NaN,
        "Amortization": NaN,
        "Amortization Of Intangibles Income Statement": NaN,
        "Selling General And Administration": NaN,
        "General And Administrative Expense": NaN,
        "Other Gand A": NaN,
        "Gross Profit": NaN,
        "Cost Of Revenue": NaN,
        "Total Revenue": NaN,
        "Operating Revenue": NaN
    },
    "2022-06-30": {
        "Tax Effect Of Unusual Items": 8156800.0,
        "Tax Rate For Calcs": 0.4,
        "Normalized EBITDA": 56350000.0,
        "Total Unusual Items": 20392000.0,
        "Total Unusual Items Excluding Goodwill": 20392000.0,
        "Net Income From Continuing Operation Net Minority Interest": -1126000.0,
        "Reconciled Depreciation": 65126000.0,
        "Reconciled Cost Of Revenue": 217877000.0,
        "EBITDA": 76742000.0,
        "EBIT": 11616000.0,
        "Net Interest Income": -15051000.0,
        "Interest Expense": 15051000.0,
        "Normalized Income": -13361200.0,
        "Net Income From Continuing And Discontinued Operation": -1126000.0,
        "Total Expenses": 337392000.0,
        "Diluted Average Shares": 1407843503.0,
        "Basic Average Shares": 422631967.0,
        "Diluted EPS": -0.004567,
        "Basic EPS": -0.002664,
        "Diluted NI Availto Com Stockholders": -6430000.0,
        "Average Dilution Earnings": -5304000.0,
        "Net Income Common Stockholders": -1126000.0,
        "Otherunder Preferred Stock Dividend": 0.0,
        "Net Income": -1126000.0,
        "Minority Interests": 7940000.0,
        "Net Income Including Noncontrolling Interests": -9066000.0,
        "Net Income Continuous Operations": -9066000.0,
        "Tax Provision": 5631000.0,
        "Pretax Income": -3435000.0,
        "Other Income Expense": 21762000.0,
        "Other Non Operating Income Expenses": 1370000.0,
        "Special Income Charges": -208000.0,
        "Restructuring And Mergern Acquisition": 208000.0,
        "Gain On Sale Of Security": 20600000.0,
        "Net Non Operating Interest Income Expense": -15051000.0,
        "Interest Expense Non Operating": 15051000.0,
        "Operating Income": -10146000.0,
        "Operating Expense": 119274000.0,
        "Depreciation Amortization Depletion Income Statement": 64885000.0,
        "Depreciation And Amortization In Income Statement": 64885000.0,
        "Amortization": 64885000.0,
        "Amortization Of Intangibles Income Statement": 64885000.0,
        "Selling General And Administration": 54389000.0,
        "General And Administrative Expense": 54389000.0,
        "Other Gand A": 54389000.0,
        "Gross Profit": 109128000.0,
        "Cost Of Revenue": 218118000.0,
        "Total Revenue": 327246000.0,
        "Operating Revenue": 327246000.0
    },
    "2022-03-31": {
        "Diluted EPS": -0.03,
        "Total Revenue": 276,
        "Gross Profit": 276,
        "Operating Income": -23,
        "EBIT": 40,
        "Net Income": -12
    },
    "2021-12-31": {
        "Diluted EPS": 0.05,
        "Total Revenue": 289,
        "Gross Profit": 289,
        "Operating Income": 66,
        "EBIT": 115,
        "Net Income": 0
    },
    "2021-09-30": {
        "Diluted EPS": -0.16,
        "Total Revenue": 248,
        "Gross Profit": 248,
        "Operating Income": 76,
        "EBIT": 124,
        "Net Income": -53
    },
    "2021-06-30": {
        "Diluted EPS": -1.23,
        "Total Revenue": 179,
        "Gross Profit": 179,
        "Operating Income": NaN,
        "EBIT": NaN,
        "Net Income": -362
    },
    "2021-03-31": {
        "Diluted EPS": 0.0,
        "Total Revenue": 108,
        "Gross Profit": 108,
        "Operating Income": 45,
        "EBIT": 46,
        "Net Income": 39
    },
    "2020-12-31": {
        "Diluted EPS": 0.0,
        "Total Revenue": NaN,
        "Gross Profit": NaN,
        "Operating Income": NaN,
        "EBIT": NaN,
        "Net Income": NaN
    },
    "2020-09-30": {
        "Diluted EPS": 0.0,
        "Total Revenue": 54,
        "Gross Profit": 54,
        "Operating Income": -4,
        "EBIT": -3,
        "Net Income": -9
    },
    "2020-06-30": {
        "Diluted EPS": 0.0,
        "Total Revenue": 40,
        "Gross Profit": 40,
        "Operating Income": -7,
        "EBIT": -7,
        "Net Income": -12
    },
    "2019-12-31": {
        "Diluted EPS": 0.0,
        "Total Revenue": NaN,
        "Gross Profit": NaN,
        "Operating Income": NaN,
        "EBIT": NaN,
        "Net Income": NaN
    },
    "2023-06-30": {
        "Tax Effect Of Unusual Items": NaN,
        "Tax Rate For Calcs": NaN,
        "Normalized EBITDA": NaN,
        "Total Unusual Items": NaN,
        "Total Unusual Items Excluding Goodwill": NaN,
        "Net Income From Continuing Operation Net Minority Interest": NaN,
        "Reconciled Depreciation": NaN,
        "Reconciled Cost Of Revenue": NaN,
        "EBITDA": NaN,
        "EBIT": NaN,
        "Net Interest Income": NaN,
        "Interest Expense": NaN,
        "Interest Income": NaN,
        "Normalized Income": NaN,
        "Net Income From Continuing And Discontinued Operation": NaN,
        "Total Expenses": NaN,
        "Diluted Average Shares": 1430966523.0,
        "Basic Average Shares": 459396686.0,
        "Diluted EPS": 0.02,
        "Basic EPS": 0.03,
        "Diluted NI Availto Com Stockholders": NaN,
        "Average Dilution Earnings": NaN,
        "Net Income Common Stockholders": NaN,
        "Net Income": NaN,
        "Minority Interests": NaN,
        "Net Income Including Noncontrolling Interests": NaN,
        "Net Income Continuous Operations": NaN,
        "Tax Provision": NaN,
        "Pretax Income": NaN,
        "Other Income Expense": NaN,
        "Other Non Operating Income Expenses": NaN,
        "Special Income Charges": -1844000.0,
        "Restructuring And Mergern Acquisition": 1844000.0,
        "Gain On Sale Of Security": NaN,
        "Net Non Operating Interest Income Expense": NaN,
        "Interest Expense Non Operating": NaN,
        "Interest Income Non Operating": NaN,
        "Operating Income": NaN,
        "Operating Expense": NaN,
        "Depreciation Amortization Depletion Income Statement": NaN,
        "Depreciation And Amortization In Income Statement": NaN,
        "Amortization": NaN,
        "Amortization Of Intangibles Income Statement": NaN,
        "Selling General And Administration": NaN,
        "General And Administrative Expense": NaN,
        "Other Gand A": NaN,
        "Gross Profit": NaN,
        "Cost Of Revenue": NaN,
        "Total Revenue": NaN,
        "Operating Revenue": NaN
    },
    "2023-09-30": {
        "Tax Effect Of Unusual Items": NaN,
        "Tax Rate For Calcs": NaN,
        "Normalized EBITDA": NaN,
        "Total Unusual Items": NaN,
        "Total Unusual Items Excluding Goodwill": NaN,
        "Net Income From Continuing Operation Net Minority Interest": NaN,
        "Reconciled Depreciation": NaN,
        "Reconciled Cost Of Revenue": NaN,
        "EBITDA": NaN,
        "EBIT": NaN,
        "Net Interest Income": NaN,
        "Interest Expense": NaN,
        "Interest Income": NaN,
        "Normalized Income": NaN,
        "Net Income From Continuing And Discontinued Operation": NaN,
        "Total Expenses": NaN,
        "Diluted Average Shares": 482573913.0,
        "Basic Average Shares": 466376329.0,
        "Diluted EPS": 0.03,
        "Basic EPS": 0.03,
        "Diluted NI Availto Com Stockholders": NaN,
        "Average Dilution Earnings": NaN,
        "Net Income Common Stockholders": NaN,
        "Net Income": NaN,
        "Minority Interests": NaN,
        "Net Income Including Noncontrolling Interests": NaN,
        "Net Income Continuous Operations": NaN,
        "Tax Provision": NaN,
        "Pretax Income": NaN,
        "Other Income Expense": NaN,
        "Other Non Operating Income Expenses": NaN,
        "Gain On Sale Of Security": NaN,
        "Net Non Operating Interest Income Expense": NaN,
        "Interest Expense Non Operating": NaN,
        "Interest Income Non Operating": NaN,
        "Operating Income": NaN,
        "Operating Expense": NaN,
        "Depreciation Amortization Depletion Income Statement": NaN,
        "Depreciation And Amortization In Income Statement": NaN,
        "Amortization": NaN,
        "Amortization Of Intangibles Income Statement": NaN,
        "Selling General And Administration": NaN,
        "General And Administrative Expense": NaN,
        "Other Gand A": NaN,
        "Gross Profit": NaN,
        "Cost Of Revenue": NaN,
        "Total Revenue": NaN,
        "Operating Revenue": NaN
    },
    "2023-12-31": {
        "Tax Effect Of Unusual Items": -321794.036012,
        "Tax Rate For Calcs": 0.036937,
        "Normalized EBITDA": 187216000.0,
        "Total Unusual Items": -8712000.0,
        "Total Unusual Items Excluding Goodwill": -8712000.0,
        "Net Income From Continuing Operation Net Minority Interest": 18058000.0,
        "Reconciled Depreciation": 59629000.0,
        "Reconciled Cost Of Revenue": 247947000.0,
        "EBITDA": 178504000.0,
        "EBIT": 118875000.0,
        "Net Interest Income": -12393000.0,
        "Interest Expense": 34569000.0,
        "Interest Income": NaN,
        "Normalized Income": 26448205.963988,
        "Net Income From Continuing And Discontinued Operation": 18058000.0,
        "Total Expenses": 377284000.0,
        "Diluted Average Shares": NaN,
        "Basic Average Shares": NaN,
        "Diluted EPS": NaN,
        "Basic EPS": NaN,
        "Diluted NI Availto Com Stockholders": -50769000.0,
        "Average Dilution Earnings": NaN,
        "Net Income Common Stockholders": 18058000.0,
        "Net Income": 18058000.0,
        "Minority Interests": -63134000.0,
        "Net Income Including Noncontrolling Interests": 81192000.0,
        "Net Income Continuous Operations": 81192000.0,
        "Tax Provision": 3114000.0,
        "Pretax Income": 84306000.0,
        "Other Income Expense": -20052000.0,
        "Other Non Operating Income Expenses": -11340000.0,
        "Gain On Sale Of Security": -8712000.0,
        "Net Non Operating Interest Income Expense": -12393000.0,
        "Interest Expense Non Operating": 34569000.0,
        "Interest Income Non Operating": NaN,
        "Operating Income": 116751000.0,
        "Operating Expense": 126517000.0,
        "Depreciation Amortization Depletion Income Statement": 56809000.0,
        "Depreciation And Amortization In Income Statement": 56809000.0,
        "Amortization": 56809000.0,
        "Amortization Of Intangibles Income Statement": 56809000.0,
        "Selling General And Administration": 69708000.0,
        "General And Administrative Expense": 69708000.0,
        "Other Gand A": 69708000.0,
        "Gross Profit": 243268000.0,
        "Cost Of Revenue": 250767000.0,
        "Total Revenue": 494035000.0,
        "Operating Revenue": 494035000.0
    },
    "2024-03-31": {
        "Tax Effect Of Unusual Items": -1348659.0,
        "Tax Rate For Calcs": 0.117,
        "Normalized EBITDA": 219799000.0,
        "Total Unusual Items": -11527000.0,
        "Total Unusual Items Excluding Goodwill": -11527000.0,
        "Net Income From Continuing Operation Net Minority Interest": 25091000.0,
        "Reconciled Depreciation": 59004000.0,
        "Reconciled Cost Of Revenue": 221982000.0,
        "EBITDA": 208272000.0,
        "EBIT": 149268000.0,
        "Net Interest Income": -17729000.0,
        "Interest Expense": 22484000.0,
        "Interest Income": 4755000.0,
        "Normalized Income": 35269341.0,
        "Net Income From Continuing And Discontinued Operation": 25091000.0,
        "Total Expenses": 357734000.0,
        "Diluted Average Shares": 498738547.0,
        "Basic Average Shares": 488435221.0,
        "Diluted EPS": 0.04,
        "Basic EPS": 0.05,
        "Diluted NI Availto Com Stockholders": 19938000.0,
        "Average Dilution Earnings": -5153000.0,
        "Net Income Common Stockholders": 25091000.0,
        "Net Income": 25091000.0,
        "Minority Interests": -86922000.0,
        "Net Income Including Noncontrolling Interests": 112013000.0,
        "Net Income Continuous Operations": 112013000.0,
        "Tax Provision": 14771000.0,
        "Pretax Income": 126784000.0,
        "Other Income Expense": -11093000.0,
        "Other Non Operating Income Expenses": 434000.0,
        "Gain On Sale Of Security": -11527000.0,
        "Net Non Operating Interest Income Expense": -17729000.0,
        "Interest Expense Non Operating": 22484000.0,
        "Interest Income Non Operating": 4755000.0,
        "Operating Income": 155606000.0,
        "Operating Expense": 132943000.0,
        "Depreciation Amortization Depletion Income Statement": 56195000.0,
        "Depreciation And Amortization In Income Statement": 56195000.0,
        "Amortization": 56195000.0,
        "Amortization Of Intangibles Income Statement": 56195000.0,
        "Selling General And Administration": 76748000.0,
        "General And Administrative Expense": 76748000.0,
        "Other Gand A": 76748000.0,
        "Gross Profit": 288549000.0,
        "Cost Of Revenue": 224791000.0,
        "Total Revenue": 513340000.0,
        "Operating Revenue": 513340000.0
    },
    "2024-06-30": {
        "Tax Effect Of Unusual Items": 658184.0,
        "Tax Rate For Calcs": 0.116,
        "Normalized EBITDA": 243982000.0,
        "Total Unusual Items": 5674000.0,
        "Total Unusual Items Excluding Goodwill": 5674000.0,
        "Net Income From Continuing Operation Net Minority Interest": 33945000.0,
        "Reconciled Depreciation": 60690000.0,
        "Reconciled Cost Of Revenue": 223147000.0,
        "EBITDA": 249656000.0,
        "EBIT": 188966000.0,
        "Net Interest Income": -18928000.0,
        "Interest Expense": 32715000.0,
        "Interest Income": 13787000.0,
        "Normalized Income": 28929184.0,
        "Net Income From Continuing And Discontinued Operation": 33945000.0,
        "Total Expenses": 377295000.0,
        "Diluted Average Shares": 539392803.0,
        "Basic Average Shares": 530100825.0,
        "Diluted EPS": 0.06,
        "Basic EPS": 0.06,
        "Diluted NI Availto Com Stockholders": 33945000.0,
        "Average Dilution Earnings": 0.0,
        "Net Income Common Stockholders": 33945000.0,
        "Net Income": 33945000.0,
        "Minority Interests": -104109000.0,
        "Net Income Including Noncontrolling Interests": 138054000.0,
        "Net Income Continuous Operations": 138054000.0,
        "Tax Provision": 18197000.0,
        "Pretax Income": 156251000.0,
        "Other Income Expense": 2626000.0,
        "Other Non Operating Income Expenses": -3048000.0,
        "Gain On Sale Of Security": 5674000.0,
        "Net Non Operating Interest Income Expense": -18928000.0,
        "Interest Expense Non Operating": 32715000.0,
        "Interest Income Non Operating": 13787000.0,
        "Operating Income": 172553000.0,
        "Operating Expense": 150192000.0,
        "Depreciation Amortization Depletion Income Statement": 56734000.0,
        "Depreciation And Amortization In Income Statement": 56734000.0,
        "Amortization": 56734000.0,
        "Amortization Of Intangibles Income Statement": 56734000.0,
        "Selling General And Administration": 93458000.0,
        "General And Administrative Expense": 93458000.0,
        "Other Gand A": 93458000.0,
        "Gross Profit": 322745000.0,
        "Cost Of Revenue": 227103000.0,
        "Total Revenue": 549848000.0,
        "Operating Revenue": 549848000.0
    },
    "2024-09-30": {
        "Tax Effect Of Unusual Items": -290928.0,
        "Tax Rate For Calcs": 0.114,
        "Normalized EBITDA": 222390000.0,
        "Total Unusual Items": -2552000.0,
        "Total Unusual Items Excluding Goodwill": -2552000.0,
        "Net Income From Continuing Operation Net Minority Interest": 29805000.0,
        "Reconciled Depreciation": 73616000.0,
        "Reconciled Cost Of Revenue": 266165000.0,
        "EBITDA": 219838000.0,
        "EBIT": 146222000.0,
        "Net Interest Income": -21889000.0,
        "Interest Expense": 34102000.0,
        "Interest Income": 12213000.0,
        "Normalized Income": 32066072.0,
        "Net Income From Continuing And Discontinued Operation": 29805000.0,
        "Total Expenses": 461110000.0,
        "Diluted Average Shares": 1491724950.0,
        "Basic Average Shares": 575249883.0,
        "Diluted EPS": 0.04,
        "Basic EPS": 0.05,
        "Diluted NI Availto Com Stockholders": 66413000.0,
        "Average Dilution Earnings": 36608000.0,
        "Net Income Common Stockholders": 29805000.0,
        "Net Income": 29805000.0,
        "Minority Interests": -69519000.0,
        "Net Income Including Noncontrolling Interests": 99324000.0,
        "Net Income Continuous Operations": 99324000.0,
        "Tax Provision": 12796000.0,
        "Pretax Income": 112120000.0,
        "Other Income Expense": -5759000.0,
        "Other Non Operating Income Expenses": -3207000.0,
        "Gain On Sale Of Security": -2552000.0,
        "Net Non Operating Interest Income Expense": -21889000.0,
        "Interest Expense Non Operating": 34102000.0,
        "Interest Income Non Operating": 12213000.0,
        "Operating Income": 139768000.0,
        "Operating Expense": 190003000.0,
        "Depreciation Amortization Depletion Income Statement": 68674000.0,
        "Depreciation And Amortization In Income Statement": 68674000.0,
        "Amortization": 68674000.0,
        "Amortization Of Intangibles Income Statement": 68674000.0,
        "Selling General And Administration": 121329000.0,
        "General And Administrative Expense": 121329000.0,
        "Other Gand A": 121329000.0,
        "Gross Profit": 329771000.0,
        "Cost Of Revenue": 271107000.0,
        "Total Revenue": 600878000.0,
        "Operating Revenue": 600878000.0
    },
    "2024-12-31": {
        "Tax Effect Of Unusual Items": -1148235.87542,
        "Tax Rate For Calcs": 0.040744,
        "Normalized EBITDA": 216454000.0,
        "Total Unusual Items": -28182000.0,
        "Total Unusual Items Excluding Goodwill": -28182000.0,
        "Net Income From Continuing Operation Net Minority Interest": 20743000.0,
        "Reconciled Depreciation": 81606000.0,
        "Reconciled Cost Of Revenue": 289529000.0,
        "EBITDA": 188272000.0,
        "EBIT": 106666000.0,
        "Net Interest Income": -21176000.0,
        "Interest Expense": 32593000.0,
        "Interest Income": 11417000.0,
        "Normalized Income": 47776764.12458,
        "Net Income From Continuing And Discontinued Operation": 20743000.0,
        "Total Expenses": 492531000.0,
        "Diluted Average Shares": NaN,
        "Basic Average Shares": NaN,
        "Diluted EPS": NaN,
        "Basic EPS": NaN,
        "Diluted NI Availto Com Stockholders": 27155000.0,
        "Average Dilution Earnings": 6412000.0,
        "Net Income Common Stockholders": 20743000.0,
        "Net Income": 20743000.0,
        "Minority Interests": -50312000.0,
        "Net Income Including Noncontrolling Interests": 71055000.0,
        "Net Income Continuous Operations": 71055000.0,
        "Tax Provision": 3018000.0,
        "Pretax Income": 74073000.0,
        "Other Income Expense": -43581000.0,
        "Other Non Operating Income Expenses": -15399000.0,
        "Gain On Sale Of Security": -28182000.0,
        "Net Non Operating Interest Income Expense": -21176000.0,
        "Interest Expense Non Operating": 32593000.0,
        "Interest Income Non Operating": 11417000.0,
        "Operating Income": 138830000.0,
        "Operating Expense": 198049000.0,
        "Depreciation Amortization Depletion Income Statement": 76653000.0,
        "Depreciation And Amortization In Income Statement": 76653000.0,
        "Amortization": 76653000.0,
        "Amortization Of Intangibles Income Statement": 76653000.0,
        "Selling General And Administration": 121396000.0,
        "General And Administrative Expense": 121396000.0,
        "Other Gand A": 121396000.0,
        "Gross Profit": 336879000.0,
        "Cost Of Revenue": 294482000.0,
        "Total Revenue": 631361000.0,
        "Operating Revenue": 631361000.0
    },
    "2025-03-31": {
        "Tax Effect Of Unusual Items": -700700.0,
        "Tax Rate For Calcs": 0.091,
        "Normalized EBITDA": 181596000.0,
        "Total Unusual Items": -7700000.0,
        "Total Unusual Items Excluding Goodwill": -7700000.0,
        "Net Income From Continuing Operation Net Minority Interest": 7430000.0,
        "Reconciled Depreciation": 95030000.0,
        "Reconciled Cost Of Revenue": 320383000.0,
        "EBITDA": 173896000.0,
        "EBIT": 78866000.0,
        "Net Interest Income": -27294000.0,
        "Interest Expense": 38524000.0,
        "Interest Income": 11230000.0,
        "Normalized Income": 14429300.0,
        "Net Income From Continuing And Discontinued Operation": 7430000.0,
        "Total Expenses": 606192000.0,
        "Diluted Average Shares": 638492523.0,
        "Basic Average Shares": 625854106.0,
        "Diluted EPS": 0.0,
        "Basic EPS": 0.01,
        "Diluted NI Availto Com Stockholders": 1734000.0,
        "Average Dilution Earnings": -5696000.0,
        "Net Income Common Stockholders": 7430000.0,
        "Net Income": 7430000.0,
        "Minority Interests": -29240000.0,
        "Net Income Including Noncontrolling Interests": 36670000.0,
        "Net Income Continuous Operations": 36670000.0,
        "Tax Provision": 3672000.0,
        "Pretax Income": 40342000.0,
        "Other Income Expense": -9658000.0,
        "Other Non Operating Income Expenses": -1958000.0,
        "Gain On Sale Of Security": -7700000.0,
        "Net Non Operating Interest Income Expense": -27294000.0,
        "Interest Expense Non Operating": 38524000.0,
        "Interest Income Non Operating": 11230000.0,
        "Operating Income": 77294000.0,
        "Operating Expense": 280252000.0,
        "Depreciation Amortization Depletion Income Statement": 89473000.0,
        "Depreciation And Amortization In Income Statement": 89473000.0,
        "Amortization": 89473000.0,
        "Amortization Of Intangibles Income Statement": 89473000.0,
        "Selling General And Administration": 190779000.0,
        "General And Administrative Expense": 190779000.0,
        "Other Gand A": 190779000.0,
        "Gross Profit": 357546000.0,
        "Cost Of Revenue": 325940000.0,
        "Total Revenue": 683486000.0,
        "Operating Revenue": 683486000.0
    }
}