{
    "2023-03-31": {
        "Tax Effect Of Unusual Items": NaN,
        "Tax Rate For Calcs": NaN,
        "Normalized EBITDA": NaN,
        "Total Unusual Items": NaN,
        "Total Unusual Items Excluding Goodwill": NaN,
        "Net Income From Continuing Operation Net Minority Interest": NaN,
        "Reconciled Depreciation": NaN,
        "Reconciled Cost Of Revenue": NaN,
        "EBITDA": NaN,
        "EBIT": NaN,
        "Net Interest Income": NaN,
        "Interest Expense": 2812000.0,
        "Interest Income": NaN,
        "Normalized Income": NaN,
        "Net Income From Continuing And Discontinued Operation": NaN,
        "Total Expenses": NaN,
        "Total Operating Income As Reported": NaN,
        "Diluted Average Shares": NaN,
        "Basic Average Shares": NaN,
        "Diluted EPS": NaN,
        "Basic EPS": NaN,
        "Diluted NI Availto Com Stockholders": NaN,
        "Net Income Common Stockholders": NaN,
        "Otherunder Preferred Stock Dividend": NaN,
        "Net Income": NaN,
        "Net Income Including Noncontrolling Interests": NaN,
        "Net Income Continuous Operations": NaN,
        "Tax Provision": NaN,
        "Pretax Income": NaN,
        "Other Income Expense": NaN,
        "Other Non Operating Income Expenses": NaN,
        "Gain On Sale Of Security": NaN,
        "Net Non Operating Interest Income Expense": NaN,
        "Interest Expense Non Operating": 2812000.0,
        "Interest Income Non Operating": NaN,
        "Operating Income": NaN,
        "Operating Expense": NaN,
        "Research And Development": NaN,
        "Selling General And Administration": NaN,
        "Selling And Marketing Expense": NaN,
        "General And Administrative Expense": NaN,
        "Other Gand A": NaN,
        "Gross Profit": NaN,
        "Cost Of Revenue": NaN,
        "Total Revenue": NaN,
        "Operating Revenue": NaN
    },
    "2022-12-31": {
        "Tax Effect Of Unusual Items": NaN,
        "Tax Rate For Calcs": NaN,
        "Normalized EBITDA": NaN,
        "Total Unusual Items": NaN,
        "Total Unusual Items Excluding Goodwill": NaN,
        "Net Income From Continuing Operation Net Minority Interest": NaN,
        "Reconciled Depreciation": NaN,
        "Reconciled Cost Of Revenue": NaN,
        "EBITDA": NaN,
        "EBIT": NaN,
        "Net Interest Income": NaN,
        "Interest Expense": NaN,
        "Interest Income": NaN,
        "Normalized Income": NaN,
        "Net Income From Continuing And Discontinued Operation": NaN,
        "Total Expenses": NaN,
        "Total Operating Income As Reported": NaN,
        "Diluted Average Shares": NaN,
        "Basic Average Shares": NaN,
        "Diluted EPS": NaN,
        "Basic EPS": NaN,
        "Diluted NI Availto Com Stockholders": NaN,
        "Net Income Common Stockholders": NaN,
        "Otherunder Preferred Stock Dividend": NaN,
        "Net Income": NaN,
        "Net Income Including Noncontrolling Interests": NaN,
        "Net Income Continuous Operations": NaN,
        "Tax Provision": NaN,
        "Pretax Income": NaN,
        "Other Income Expense": NaN,
        "Other Non Operating Income Expenses": NaN,
        "Special Income Charges": 0.0,
        "Gain On Sale Of Security": NaN,
        "Net Non Operating Interest Income Expense": NaN,
        "Interest Expense Non Operating": NaN,
        "Interest Income Non Operating": NaN,
        "Operating Income": NaN,
        "Operating Expense": NaN,
        "Research And Development": NaN,
        "Selling General And Administration": NaN,
        "Selling And Marketing Expense": NaN,
        "General And Administrative Expense": NaN,
        "Other Gand A": NaN,
        "Gross Profit": NaN,
        "Cost Of Revenue": NaN,
        "Total Revenue": NaN,
        "Operating Revenue": NaN
    },
    "2022-09-30": {
        "Tax Effect Of Unusual Items": NaN,
        "Tax Rate For Calcs": NaN,
        "Normalized EBITDA": NaN,
        "Total Unusual Items": NaN,
        "Total Unusual Items Excluding Goodwill": NaN,
        "Net Income From Continuing Operation Net Minority Interest": NaN,
        "Reconciled Depreciation": NaN,
        "Reconciled Cost Of Revenue": NaN,
        "EBITDA": NaN,
        "EBIT": NaN,
        "Net Interest Income": NaN,
        "Interest Expense": NaN,
        "Normalized Income": NaN,
        "Net Income From Continuing And Discontinued Operation": NaN,
        "Total Expenses": NaN,
        "Total Operating Income As Reported": NaN,
        "Diluted Average Shares": NaN,
        "Basic Average Shares": NaN,
        "Diluted EPS": NaN,
        "Basic EPS": NaN,
        "Diluted NI Availto Com Stockholders": NaN,
        "Net Income Common Stockholders": NaN,
        "Otherunder Preferred Stock Dividend": NaN,
        "Net Income": NaN,
        "Net Income Including Noncontrolling Interests": NaN,
        "Net Income Continuous Operations": NaN,
        "Tax Provision": NaN,
        "Pretax Income": NaN,
        "Other Income Expense": NaN,
        "Other Non Operating Income Expenses": NaN,
        "Special Income Charges": 0.0,
        "Gain On Sale Of Security": NaN,
        "Net Non Operating Interest Income Expense": NaN,
        "Interest Expense Non Operating": NaN,
        "Operating Income": NaN,
        "Operating Expense": NaN,
        "Research And Development": NaN,
        "Selling General And Administration": NaN,
        "Selling And Marketing Expense": NaN,
        "General And Administrative Expense": NaN,
        "Other Gand A": NaN,
        "Gross Profit": NaN,
        "Cost Of Revenue": NaN,
        "Total Revenue": NaN,
        "Operating Revenue": NaN
    },
    "2022-06-30": {
        "Tax Effect Of Unusual Items": 0.0,
        "Tax Rate For Calcs": 0.0,
        "Normalized EBITDA": -20300000.0,
        "Total Unusual Items": 8800000.0,
        "Total Unusual Items Excluding Goodwill": 8800000.0,
        "Net Income From Continuing Operation Net Minority Interest": -11700000.0,
        "Reconciled Depreciation": 359000.0,
        "Reconciled Cost Of Revenue": 11700000.0,
        "EBITDA": -11500000.0,
        "EBIT": -11500000.0,
        "Net Interest Income": -200000.0,
        "Interest Expense": 200000.0,
        "Normalized Income": -20500000.0,
        "Net Income From Continuing And Discontinued Operation": -11700000.0,
        "Total Expenses": 38700000.0,
        "Total Operating Income As Reported": -20400000.0,
        "Diluted Average Shares": 7915156.0,
        "Basic Average Shares": 7915156.0,
        "Diluted EPS": -1.479996,
        "Basic EPS": -1.479996,
        "Diluted NI Availto Com Stockholders": -11700000.0,
        "Net Income Common Stockholders": -11700000.0,
        "Otherunder Preferred Stock Dividend": NaN,
        "Net Income": -11700000.0,
        "Net Income Including Noncontrolling Interests": -11700000.0,
        "Net Income Continuous Operations": -11700000.0,
        "Tax Provision": 0.0,
        "Pretax Income": -11700000.0,
        "Other Income Expense": 8900000.0,
        "Other Non Operating Income Expenses": 100000.0,
        "Special Income Charges": 0.0,
        "Gain On Sale Of Security": 8800000.0,
        "Net Non Operating Interest Income Expense": -200000.0,
        "Interest Expense Non Operating": 200000.0,
        "Operating Income": -20400000.0,
        "Operating Expense": 27000000.0,
        "Research And Development": 7800000.0,
        "Selling General And Administration": 19200000.0,
        "Selling And Marketing Expense": 9700000.0,
        "General And Administrative Expense": 9500000.0,
        "Other Gand A": 9500000.0,
        "Gross Profit": 6600000.0,
        "Cost Of Revenue": 11700000.0,
        "Total Revenue": 18300000.0,
        "Operating Revenue": 18300000.0
    },
    "2022-03-31": {
        "Diluted EPS": -3.64,
        "Total Revenue": 22,
        "Gross Profit": 9,
        "Operating Income": -22,
        "EBIT": -21,
        "Net Income": -29
    },
    "2021-12-31": {
        "Diluted EPS": -2.52,
        "Total Revenue": -3,
        "Gross Profit": -6,
        "Operating Income": -33,
        "EBIT": -33,
        "Net Income": -24
    },
    "2021-09-30": {
        "Diluted EPS": -5.04,
        "Total Revenue": 32,
        "Gross Profit": 15,
        "Operating Income": -14,
        "EBIT": -13,
        "Net Income": -34
    },
    "2021-06-30": {
        "Diluted EPS": -3.36,
        "Total Revenue": 25,
        "Gross Profit": 14,
        "Operating Income": -6,
        "EBIT": -6,
        "Net Income": -5
    },
    "2021-03-31": {
        "Diluted EPS": -4.9,
        "Total Revenue": 22,
        "Gross Profit": 13,
        "Operating Income": -3,
        "EBIT": -3,
        "Net Income": -8
    },
    "2020-12-31": {
        "Diluted EPS": 0.0,
        "Total Revenue": NaN,
        "Gross Profit": NaN,
        "Operating Income": NaN,
        "EBIT": NaN,
        "Net Income": NaN
    },
    "2020-09-30": {
        "Diluted EPS": -0.98,
        "Total Revenue": 21,
        "Gross Profit": 10,
        "Operating Income": -1,
        "EBIT": -1,
        "Net Income": -2
    },
    "2020-06-30": {
        "Diluted EPS": 0.0,
        "Total Revenue": NaN,
        "Gross Profit": NaN,
        "Operating Income": 0,
        "EBIT": 0,
        "Net Income": 0
    },
    "2023-06-30": {
        "Tax Effect Of Unusual Items": NaN,
        "Tax Rate For Calcs": NaN,
        "Normalized EBITDA": NaN,
        "Total Unusual Items": NaN,
        "Total Unusual Items Excluding Goodwill": NaN,
        "Net Income From Continuing Operation Net Minority Interest": NaN,
        "Reconciled Depreciation": NaN,
        "Reconciled Cost Of Revenue": NaN,
        "EBITDA": NaN,
        "EBIT": NaN,
        "Net Interest Income": NaN,
        "Interest Expense": 52000.0,
        "Interest Income": NaN,
        "Normalized Income": NaN,
        "Net Income From Continuing And Discontinued Operation": NaN,
        "Total Expenses": NaN,
        "Total Operating Income As Reported": NaN,
        "Diluted Average Shares": NaN,
        "Basic Average Shares": NaN,
        "Diluted EPS": NaN,
        "Basic EPS": NaN,
        "Diluted NI Availto Com Stockholders": NaN,
        "Net Income Common Stockholders": NaN,
        "Otherunder Preferred Stock Dividend": NaN,
        "Net Income": NaN,
        "Net Income Including Noncontrolling Interests": NaN,
        "Net Income Continuous Operations": NaN,
        "Tax Provision": NaN,
        "Pretax Income": NaN,
        "Other Income Expense": NaN,
        "Other Non Operating Income Expenses": NaN,
        "Gain On Sale Of Security": NaN,
        "Net Non Operating Interest Income Expense": NaN,
        "Interest Expense Non Operating": 52000.0,
        "Interest Income Non Operating": NaN,
        "Operating Income": NaN,
        "Operating Expense": NaN,
        "Research And Development": NaN,
        "Selling General And Administration": NaN,
        "Selling And Marketing Expense": NaN,
        "General And Administrative Expense": NaN,
        "Other Gand A": NaN,
        "Gross Profit": NaN,
        "Cost Of Revenue": NaN,
        "Total Revenue": NaN,
        "Operating Revenue": NaN
    },
    "2023-09-30": {
        "Tax Effect Of Unusual Items": NaN,
        "Tax Rate For Calcs": NaN,
        "Normalized EBITDA": NaN,
        "Total Unusual Items": NaN,
        "Total Unusual Items Excluding Goodwill": NaN,
        "Net Income From Continuing Operation Net Minority Interest": NaN,
        "Reconciled Depreciation": NaN,
        "Reconciled Cost Of Revenue": NaN,
        "EBITDA": NaN,
        "EBIT": NaN,
        "Net Interest Income": NaN,
        "Interest Expense": 134000.0,
        "Interest Income": NaN,
        "Normalized Income": NaN,
        "Net Income From Continuing And Discontinued Operation": NaN,
        "Total Expenses": NaN,
        "Total Operating Income As Reported": NaN,
        "Diluted Average Shares": 8310965.0,
        "Basic Average Shares": 8310965.0,
        "Diluted EPS": -0.84,
        "Basic EPS": -0.84,
        "Diluted NI Availto Com Stockholders": NaN,
        "Net Income Common Stockholders": NaN,
        "Otherunder Preferred Stock Dividend": NaN,
        "Preferred Stock Dividends": NaN,
        "Net Income": NaN,
        "Net Income Including Noncontrolling Interests": NaN,
        "Net Income Continuous Operations": NaN,
        "Tax Provision": NaN,
        "Pretax Income": NaN,
        "Other Income Expense": NaN,
        "Other Non Operating Income Expenses": NaN,
        "Gain On Sale Of Security": NaN,
        "Net Non Operating Interest Income Expense": NaN,
        "Interest Expense Non Operating": 134000.0,
        "Interest Income Non Operating": NaN,
        "Operating Income": NaN,
        "Operating Expense": NaN,
        "Research And Development": NaN,
        "Selling General And Administration": NaN,
        "Selling And Marketing Expense": NaN,
        "General And Administrative Expense": NaN,
        "Other Gand A": NaN,
        "Gross Profit": NaN,
        "Cost Of Revenue": NaN,
        "Total Revenue": NaN,
        "Operating Revenue": NaN
    },
    "2023-12-31": {
        "Tax Effect Of Unusual Items": NaN,
        "Tax Rate For Calcs": NaN,
        "Normalized EBITDA": NaN,
        "Total Unusual Items": NaN,
        "Total Unusual Items Excluding Goodwill": NaN,
        "Net Income From Continuing Operation Net Minority Interest": NaN,
        "Reconciled Depreciation": NaN,
        "Reconciled Cost Of Revenue": NaN,
        "EBITDA": NaN,
        "EBIT": NaN,
        "Net Interest Income": NaN,
        "Interest Expense": 193000.0,
        "Interest Income": NaN,
        "Normalized Income": NaN,
        "Net Income From Continuing And Discontinued Operation": NaN,
        "Total Expenses": NaN,
        "Total Operating Income As Reported": NaN,
        "Diluted Average Shares": NaN,
        "Basic Average Shares": NaN,
        "Diluted EPS": NaN,
        "Basic EPS": NaN,
        "Diluted NI Availto Com Stockholders": NaN,
        "Average Dilution Earnings": NaN,
        "Net Income Common Stockholders": NaN,
        "Otherunder Preferred Stock Dividend": NaN,
        "Preferred Stock Dividends": NaN,
        "Net Income": NaN,
        "Net Income Including Noncontrolling Interests": NaN,
        "Net Income Continuous Operations": NaN,
        "Tax Provision": NaN,
        "Pretax Income": NaN,
        "Other Income Expense": NaN,
        "Other Non Operating Income Expenses": NaN,
        "Gain On Sale Of Security": NaN,
        "Net Non Operating Interest Income Expense": NaN,
        "Total Other Finance Cost": NaN,
        "Interest Expense Non Operating": 193000.0,
        "Interest Income Non Operating": NaN,
        "Operating Income": NaN,
        "Operating Expense": NaN,
        "Research And Development": NaN,
        "Selling General And Administration": NaN,
        "Selling And Marketing Expense": NaN,
        "General And Administrative Expense": NaN,
        "Other Gand A": NaN,
        "Gross Profit": NaN,
        "Cost Of Revenue": NaN,
        "Total Revenue": NaN,
        "Operating Revenue": NaN
    },
    "2024-03-31": {
        "Tax Effect Of Unusual Items": NaN,
        "Tax Rate For Calcs": NaN,
        "Normalized EBITDA": NaN,
        "Total Unusual Items": NaN,
        "Total Unusual Items Excluding Goodwill": NaN,
        "Net Income From Continuing Operation Net Minority Interest": NaN,
        "Reconciled Depreciation": NaN,
        "Reconciled Cost Of Revenue": NaN,
        "EBITDA": NaN,
        "EBIT": NaN,
        "Net Interest Income": NaN,
        "Interest Expense": 161000.0,
        "Interest Income": NaN,
        "Normalized Income": NaN,
        "Net Income From Continuing And Discontinued Operation": NaN,
        "Total Expenses": NaN,
        "Total Operating Income As Reported": NaN,
        "Diluted Average Shares": NaN,
        "Basic Average Shares": NaN,
        "Diluted EPS": NaN,
        "Basic EPS": NaN,
        "Diluted NI Availto Com Stockholders": NaN,
        "Average Dilution Earnings": -6148000.0,
        "Net Income Common Stockholders": NaN,
        "Otherunder Preferred Stock Dividend": NaN,
        "Preferred Stock Dividends": NaN,
        "Net Income": NaN,
        "Net Income Including Noncontrolling Interests": NaN,
        "Net Income Continuous Operations": NaN,
        "Tax Provision": NaN,
        "Pretax Income": NaN,
        "Other Income Expense": NaN,
        "Other Non Operating Income Expenses": NaN,
        "Gain On Sale Of Security": NaN,
        "Net Non Operating Interest Income Expense": NaN,
        "Total Other Finance Cost": NaN,
        "Interest Expense Non Operating": 161000.0,
        "Interest Income Non Operating": NaN,
        "Operating Income": NaN,
        "Operating Expense": NaN,
        "Research And Development": NaN,
        "Selling General And Administration": NaN,
        "Selling And Marketing Expense": NaN,
        "General And Administrative Expense": NaN,
        "Other Gand A": NaN,
        "Gross Profit": NaN,
        "Cost Of Revenue": NaN,
        "Total Revenue": NaN,
        "Operating Revenue": NaN
    },
    "2024-06-30": {
        "Tax Effect Of Unusual Items": 215880.0,
        "Tax Rate For Calcs": 0.21,
        "Normalized EBITDA": -2803000.0,
        "Total Unusual Items": 1028000.0,
        "Total Unusual Items Excluding Goodwill": 1028000.0,
        "Net Income From Continuing Operation Net Minority Interest": -1147000.0,
        "Reconciled Depreciation": 469000.0,
        "Reconciled Cost Of Revenue": 10447000.0,
        "EBITDA": -1775000.0,
        "EBIT": -2244000.0,
        "Net Interest Income": 20000.0,
        "Interest Expense": NaN,
        "Interest Income": 20000.0,
        "Normalized Income": -1959120.0,
        "Net Income From Continuing And Discontinued Operation": -1147000.0,
        "Total Expenses": 22943000.0,
        "Total Operating Income As Reported": -2244000.0,
        "Diluted Average Shares": 8867399.0,
        "Basic Average Shares": 8867399.0,
        "Diluted EPS": -0.3,
        "Basic EPS": -0.3,
        "Diluted NI Availto Com Stockholders": -2682000.0,
        "Average Dilution Earnings": NaN,
        "Net Income Common Stockholders": -2682000.0,
        "Otherunder Preferred Stock Dividend": 0.0,
        "Preferred Stock Dividends": 1535000.0,
        "Net Income": -1147000.0,
        "Net Income Including Noncontrolling Interests": -1147000.0,
        "Net Income Continuous Operations": -1147000.0,
        "Tax Provision": 22000.0,
        "Pretax Income": -1125000.0,
        "Other Income Expense": 1099000.0,
        "Other Non Operating Income Expenses": 71000.0,
        "Gain On Sale Of Security": 1028000.0,
        "Net Non Operating Interest Income Expense": 20000.0,
        "Total Other Finance Cost": -20000.0,
        "Interest Expense Non Operating": NaN,
        "Interest Income Non Operating": 20000.0,
        "Operating Income": -2244000.0,
        "Operating Expense": 12496000.0,
        "Research And Development": 2354000.0,
        "Selling General And Administration": 10142000.0,
        "Selling And Marketing Expense": 3852000.0,
        "General And Administrative Expense": 6290000.0,
        "Other Gand A": 6290000.0,
        "Gross Profit": 10252000.0,
        "Cost Of Revenue": 10447000.0,
        "Total Revenue": 20699000.0,
        "Operating Revenue": 20699000.0
    },
    "2024-09-30": {
        "Tax Effect Of Unusual Items": 0.0,
        "Tax Rate For Calcs": 0.0,
        "Normalized EBITDA": -4560000.0,
        "Total Unusual Items": -673000.0,
        "Total Unusual Items Excluding Goodwill": -673000.0,
        "Net Income From Continuing Operation Net Minority Interest": -5611000.0,
        "Reconciled Depreciation": 266000.0,
        "Reconciled Cost Of Revenue": 10576000.0,
        "EBITDA": -5233000.0,
        "EBIT": -5499000.0,
        "Net Interest Income": -112000.0,
        "Interest Expense": 112000.0,
        "Interest Income": NaN,
        "Normalized Income": -4938000.0,
        "Net Income From Continuing And Discontinued Operation": -5611000.0,
        "Total Expenses": 26944000.0,
        "Total Operating Income As Reported": -4822000.0,
        "Diluted Average Shares": 11042602.0,
        "Basic Average Shares": 11042602.0,
        "Diluted EPS": -0.61,
        "Basic EPS": -0.61,
        "Diluted NI Availto Com Stockholders": -6756000.0,
        "Average Dilution Earnings": NaN,
        "Net Income Common Stockholders": -6756000.0,
        "Otherunder Preferred Stock Dividend": -70000.0,
        "Preferred Stock Dividends": 1215000.0,
        "Net Income": -5611000.0,
        "Net Income Including Noncontrolling Interests": -5611000.0,
        "Net Income Continuous Operations": -5611000.0,
        "Tax Provision": 0.0,
        "Pretax Income": -5611000.0,
        "Other Income Expense": -677000.0,
        "Other Non Operating Income Expenses": -4000.0,
        "Gain On Sale Of Security": -673000.0,
        "Net Non Operating Interest Income Expense": -112000.0,
        "Total Other Finance Cost": NaN,
        "Interest Expense Non Operating": 112000.0,
        "Interest Income Non Operating": NaN,
        "Operating Income": -4822000.0,
        "Operating Expense": 16368000.0,
        "Research And Development": 2559000.0,
        "Selling General And Administration": 13809000.0,
        "Selling And Marketing Expense": 4022000.0,
        "General And Administrative Expense": 9787000.0,
        "Other Gand A": 9787000.0,
        "Gross Profit": 11546000.0,
        "Cost Of Revenue": 10576000.0,
        "Total Revenue": 22122000.0,
        "Operating Revenue": 22122000.0
    },
    "2024-12-31": {
        "Tax Effect Of Unusual Items": -50610.0,
        "Tax Rate For Calcs": 0.21,
        "Normalized EBITDA": -7221000.0,
        "Total Unusual Items": -241000.0,
        "Total Unusual Items Excluding Goodwill": -241000.0,
        "Net Income From Continuing Operation Net Minority Interest": -9052000.0,
        "Reconciled Depreciation": 181000.0,
        "Reconciled Cost Of Revenue": 9522000.0,
        "EBITDA": -7462000.0,
        "EBIT": -7643000.0,
        "Net Interest Income": -1377000.0,
        "Interest Expense": 1377000.0,
        "Interest Income": NaN,
        "Normalized Income": -8861610.0,
        "Net Income From Continuing And Discontinued Operation": -9052000.0,
        "Total Expenses": 27893000.0,
        "Total Operating Income As Reported": -7408000.0,
        "Diluted Average Shares": 15108332.0,
        "Basic Average Shares": 15108332.0,
        "Diluted EPS": -0.63,
        "Basic EPS": -0.63,
        "Diluted NI Availto Com Stockholders": -9682000.0,
        "Average Dilution Earnings": NaN,
        "Net Income Common Stockholders": -9682000.0,
        "Otherunder Preferred Stock Dividend": -218000.0,
        "Preferred Stock Dividends": 848000.0,
        "Net Income": -9052000.0,
        "Net Income Including Noncontrolling Interests": -9052000.0,
        "Net Income Continuous Operations": -9052000.0,
        "Tax Provision": 32000.0,
        "Pretax Income": -9020000.0,
        "Other Income Expense": -235000.0,
        "Other Non Operating Income Expenses": 6000.0,
        "Gain On Sale Of Security": -241000.0,
        "Net Non Operating Interest Income Expense": -1377000.0,
        "Total Other Finance Cost": NaN,
        "Interest Expense Non Operating": 1377000.0,
        "Interest Income Non Operating": NaN,
        "Operating Income": -7408000.0,
        "Operating Expense": 18371000.0,
        "Research And Development": 2541000.0,
        "Selling General And Administration": 15830000.0,
        "Selling And Marketing Expense": 3990000.0,
        "General And Administrative Expense": 11840000.0,
        "Other Gand A": 11840000.0,
        "Gross Profit": 10963000.0,
        "Cost Of Revenue": 9522000.0,
        "Total Revenue": 20485000.0,
        "Operating Revenue": 20485000.0
    },
    "2025-03-31": {
        "Tax Effect Of Unusual Items": 26422.127099,
        "Tax Rate For Calcs": 0.003951,
        "Normalized EBITDA": -2511000.0,
        "Total Unusual Items": 6687000.0,
        "Total Unusual Items Excluding Goodwill": 6687000.0,
        "Net Income From Continuing Operation Net Minority Interest": 3025000.0,
        "Reconciled Depreciation": 148000.0,
        "Reconciled Cost Of Revenue": 9778000.0,
        "EBITDA": 4176000.0,
        "EBIT": 4028000.0,
        "Net Interest Income": -991000.0,
        "Interest Expense": 991000.0,
        "Interest Income": NaN,
        "Normalized Income": -3635577.872901,
        "Net Income From Continuing And Discontinued Operation": 3025000.0,
        "Total Expenses": 23775000.0,
        "Total Operating Income As Reported": -2671000.0,
        "Diluted Average Shares": 15383287.0,
        "Basic Average Shares": 15383287.0,
        "Diluted EPS": 0.11,
        "Basic EPS": 0.11,
        "Diluted NI Availto Com Stockholders": 1748000.0,
        "Average Dilution Earnings": 0.0,
        "Net Income Common Stockholders": 1748000.0,
        "Otherunder Preferred Stock Dividend": 430000.0,
        "Preferred Stock Dividends": 847000.0,
        "Net Income": 3025000.0,
        "Net Income Including Noncontrolling Interests": 3025000.0,
        "Net Income Continuous Operations": 3025000.0,
        "Tax Provision": 12000.0,
        "Pretax Income": 3037000.0,
        "Other Income Expense": 6699000.0,
        "Other Non Operating Income Expenses": 12000.0,
        "Gain On Sale Of Security": 6687000.0,
        "Net Non Operating Interest Income Expense": -991000.0,
        "Total Other Finance Cost": NaN,
        "Interest Expense Non Operating": 991000.0,
        "Interest Income Non Operating": NaN,
        "Operating Income": -2671000.0,
        "Operating Expense": 13997000.0,
        "Research And Development": 2903000.0,
        "Selling General And Administration": 11094000.0,
        "Selling And Marketing Expense": 4002000.0,
        "General And Administrative Expense": 7092000.0,
        "Other Gand A": 7092000.0,
        "Gross Profit": 11326000.0,
        "Cost Of Revenue": 9778000.0,
        "Total Revenue": 21104000.0,
        "Operating Revenue": 21104000.0
    },
    "2025-06-30": {
        "Tax Effect Of Unusual Items": -7298130.0,
        "Tax Rate For Calcs": 0.21,
        "Normalized EBITDA": 32956000.0,
        "Total Unusual Items": -34753000.0,
        "Total Unusual Items Excluding Goodwill": -34753000.0,
        "Net Income From Continuing Operation Net Minority Interest": -37647000.0,
        "Reconciled Depreciation": 122000.0,
        "Reconciled Cost Of Revenue": 12683000.0,
        "EBITDA": -1797000.0,
        "EBIT": -1919000.0,
        "Net Interest Income": -979000.0,
        "Interest Expense": NaN,
        "Interest Income": NaN,
        "Normalized Income": -10192130.0,
        "Net Income From Continuing And Discontinued Operation": -37647000.0,
        "Total Expenses": 27982000.0,
        "Total Operating Income As Reported": -1919000.0,
        "Diluted Average Shares": 15716376.0,
        "Basic Average Shares": 15716376.0,
        "Diluted EPS": -2.37,
        "Basic EPS": -2.37,
        "Diluted NI Availto Com Stockholders": -37187000.0,
        "Average Dilution Earnings": NaN,
        "Net Income Common Stockholders": -37187000.0,
        "Otherunder Preferred Stock Dividend": -1309000.0,
        "Preferred Stock Dividends": 849000.0,
        "Net Income": -37647000.0,
        "Net Income Including Noncontrolling Interests": -37647000.0,
        "Net Income Continuous Operations": -37647000.0,
        "Tax Provision": 33000.0,
        "Pretax Income": -37614000.0,
        "Other Income Expense": -34716000.0,
        "Other Non Operating Income Expenses": 37000.0,
        "Gain On Sale Of Security": -34753000.0,
        "Net Non Operating Interest Income Expense": -979000.0,
        "Total Other Finance Cost": 979000.0,
        "Interest Expense Non Operating": NaN,
        "Interest Income Non Operating": NaN,
        "Operating Income": -1919000.0,
        "Operating Expense": 15299000.0,
        "Research And Development": 3753000.0,
        "Selling General And Administration": 11546000.0,
        "Selling And Marketing Expense": 4318000.0,
        "General And Administrative Expense": 7228000.0,
        "Other Gand A": 7228000.0,
        "Gross Profit": 13380000.0,
        "Cost Of Revenue": 12683000.0,
        "Total Revenue": 26063000.0,
        "Operating Revenue": 26063000.0
    }
}