{
    "2023-04-30": {
        "Tax Effect Of Unusual Items": 0.0,
        "Tax Rate For Calcs": 0.249,
        "Normalized EBITDA": 95473000.0,
        "Net Income From Continuing Operation Net Minority Interest": 58538000.0,
        "Reconciled Depreciation": 15172000.0,
        "Reconciled Cost Of Revenue": 144968000.0,
        "EBITDA": 95473000.0,
        "EBIT": 80301000.0,
        "Net Interest Income": -2342000.0,
        "Interest Expense": 2342000.0,
        "Normalized Income": 58538000.0,
        "Net Income From Continuing And Discontinued Operation": 58538000.0,
        "Total Expenses": 339796000.0,
        "Total Operating Income As Reported": 80301000.0,
        "Diluted Average Shares": 16071000.0,
        "Basic Average Shares": 15629000.0,
        "Diluted EPS": 3.64,
        "Basic EPS": 3.75,
        "Diluted NI Availto Com Stockholders": 58538000.0,
        "Net Income Common Stockholders": 58538000.0,
        "Net Income": 58538000.0,
        "Net Income Including Noncontrolling Interests": 58538000.0,
        "Net Income Continuous Operations": 58538000.0,
        "Tax Provision": 19421000.0,
        "Pretax Income": 77959000.0,
        "Net Non Operating Interest Income Expense": -2342000.0,
        "Interest Expense Non Operating": 2342000.0,
        "Operating Income": 80301000.0,
        "Operating Expense": 194828000.0,
        "Other Operating Expenses": -8321000.0,
        "Selling General And Administration": 203149000.0,
        "Gross Profit": 275129000.0,
        "Cost Of Revenue": 144968000.0,
        "Total Revenue": 420097000.0,
        "Operating Revenue": 420097000.0
    },
    "2023-01-31": {
        "Tax Effect Of Unusual Items": 0.0,
        "Tax Rate For Calcs": 0.162665,
        "Normalized EBITDA": 54267000.0,
        "Net Income From Continuing Operation Net Minority Interest": 32049000.0,
        "Reconciled Depreciation": 14157000.0,
        "Reconciled Cost Of Revenue": 149849000.0,
        "EBITDA": 54267000.0,
        "EBIT": 40110000.0,
        "Net Interest Income": -1835000.0,
        "Interest Expense": 1835000.0,
        "Normalized Income": 32049000.0,
        "Net Income From Continuing And Discontinued Operation": 32049000.0,
        "Total Expenses": 342374000.0,
        "Total Operating Income As Reported": 40110000.0,
        "Diluted Average Shares": 16037000.0,
        "Basic Average Shares": 15632000.0,
        "Diluted EPS": 2.0,
        "Basic EPS": 2.05,
        "Diluted NI Availto Com Stockholders": 32049000.0,
        "Net Income Common Stockholders": 32049000.0,
        "Net Income": 32049000.0,
        "Net Income Including Noncontrolling Interests": 32049000.0,
        "Net Income Continuous Operations": 32049000.0,
        "Tax Provision": 6226000.0,
        "Pretax Income": 38275000.0,
        "Net Non Operating Interest Income Expense": -1835000.0,
        "Interest Expense Non Operating": 1835000.0,
        "Operating Income": 40110000.0,
        "Operating Expense": 192525000.0,
        "Other Operating Expenses": -3905000.0,
        "Selling General And Administration": 196430000.0,
        "Gross Profit": 232635000.0,
        "Cost Of Revenue": 149849000.0,
        "Total Revenue": 382484000.0,
        "Operating Revenue": 382484000.0
    },
    "2022-10-31": {
        "Tax Effect Of Unusual Items": 0.0,
        "Tax Rate For Calcs": 0.261,
        "Normalized EBITDA": 39951000.0,
        "Net Income From Continuing Operation Net Minority Interest": 19666000.0,
        "Reconciled Depreciation": 12636000.0,
        "Reconciled Cost Of Revenue": 115339000.0,
        "EBITDA": 39951000.0,
        "EBIT": 27315000.0,
        "Net Interest Income": -698000.0,
        "Interest Expense": 698000.0,
        "Normalized Income": 19666000.0,
        "Net Income From Continuing And Discontinued Operation": 19666000.0,
        "Total Expenses": 285718000.0,
        "Total Operating Income As Reported": 27315000.0,
        "Diluted Average Shares": 16139000.0,
        "Basic Average Shares": 15740000.0,
        "Diluted EPS": 1.22,
        "Basic EPS": 1.25,
        "Diluted NI Availto Com Stockholders": 19666000.0,
        "Net Income Common Stockholders": 19666000.0,
        "Net Income": 19666000.0,
        "Net Income Including Noncontrolling Interests": 19666000.0,
        "Net Income Continuous Operations": 19666000.0,
        "Tax Provision": 6951000.0,
        "Pretax Income": 26617000.0,
        "Net Non Operating Interest Income Expense": -698000.0,
        "Interest Expense Non Operating": 698000.0,
        "Operating Income": 27315000.0,
        "Operating Expense": 170379000.0,
        "Other Operating Expenses": -4648000.0,
        "Selling General And Administration": 175027000.0,
        "Gross Profit": 197694000.0,
        "Cost Of Revenue": 115339000.0,
        "Total Revenue": 313033000.0,
        "Operating Revenue": 313033000.0
    },
    "2022-07-31": {
        "Tax Effect Of Unusual Items": 0.0,
        "Tax Rate For Calcs": 0.246,
        "Normalized EBITDA": 85993000.0,
        "Net Income From Continuing Operation Net Minority Interest": 56612000.0,
        "Reconciled Depreciation": 10622000.0,
        "Reconciled Cost Of Revenue": 131281000.0,
        "EBITDA": 85993000.0,
        "EBIT": 75371000.0,
        "Net Interest Income": -274000.0,
        "Interest Expense": 274000.0,
        "Normalized Income": 56612000.0,
        "Net Income From Continuing And Discontinued Operation": 56612000.0,
        "Total Expenses": 288059000.0,
        "Total Operating Income As Reported": 75371000.0,
        "Diluted Average Shares": 16238000.0,
        "Basic Average Shares": 15919000.0,
        "Diluted EPS": 3.49,
        "Basic EPS": 3.56,
        "Diluted NI Availto Com Stockholders": 56612000.0,
        "Net Income Common Stockholders": 56612000.0,
        "Net Income": 56612000.0,
        "Net Income Including Noncontrolling Interests": 56612000.0,
        "Net Income Continuous Operations": 56612000.0,
        "Tax Provision": 18485000.0,
        "Pretax Income": 75097000.0,
        "Net Non Operating Interest Income Expense": -274000.0,
        "Interest Expense Non Operating": 274000.0,
        "Operating Income": 75371000.0,
        "Operating Expense": 156778000.0,
        "Other Operating Expenses": -6357000.0,
        "Selling General And Administration": 163135000.0,
        "Gross Profit": 232149000.0,
        "Cost Of Revenue": 131281000.0,
        "Total Revenue": 363430000.0,
        "Operating Revenue": 363430000.0
    },
    "2022-04-30": {
        "Diluted EPS": 3.45,
        "Total Revenue": 353,
        "Gross Profit": 226,
        "Operating Income": 76,
        "EBIT": 86,
        "Net Income": 57
    },
    "2022-01-31": {
        "Diluted EPS": 1.49,
        "Total Revenue": 300,
        "Gross Profit": 177,
        "Operating Income": 32,
        "EBIT": 43,
        "Net Income": 25
    },
    "2021-10-31": {
        "Diluted EPS": 1.54,
        "Total Revenue": 248,
        "Gross Profit": 153,
        "Operating Income": 31,
        "EBIT": 41,
        "Net Income": 26
    },
    "2021-07-31": {
        "Diluted EPS": 3.05,
        "Total Revenue": 329,
        "Gross Profit": 210,
        "Operating Income": 68,
        "EBIT": 78,
        "Net Income": 51
    },
    "2021-04-30": {
        "Diluted EPS": 1.7,
        "Total Revenue": 266,
        "Gross Profit": 167,
        "Operating Income": 35,
        "EBIT": 45,
        "Net Income": 28
    },
    "2021-01-31": {
        "Diluted EPS": -0.74,
        "Total Revenue": 221,
        "Gross Profit": 120,
        "Operating Income": -17,
        "EBIT": -11,
        "Net Income": -12
    },
    "2020-10-31": {
        "Diluted EPS": -0.64,
        "Total Revenue": 175,
        "Gross Profit": 96,
        "Operating Income": -14,
        "EBIT": -3,
        "Net Income": -11
    },
    "2020-07-31": {
        "Diluted EPS": -0.37,
        "Total Revenue": 192,
        "Gross Profit": 105,
        "Operating Income": -8,
        "EBIT": 5,
        "Net Income": -6
    },
    "2020-04-30": {
        "Diluted EPS": -4.02,
        "Total Revenue": 160,
        "Gross Profit": 94,
        "Operating Income": -85,
        "EBIT": -14,
        "Net Income": -67
    },
    "2020-01-31": {
        "Diluted EPS": 0.9,
        "Total Revenue": 298,
        "Gross Profit": 166,
        "Operating Income": 21,
        "EBIT": 30,
        "Net Income": 15
    },
    "2019-10-31": {
        "Diluted EPS": 0.1,
        "Total Revenue": 241,
        "Gross Profit": 133,
        "Operating Income": 3,
        "EBIT": 13,
        "Net Income": 2
    },
    "2019-07-31": {
        "Diluted EPS": 1.76,
        "Total Revenue": 302,
        "Gross Profit": 180,
        "Operating Income": 40,
        "EBIT": 50,
        "Net Income": 30
    },
    "2019-04-30": {
        "Diluted EPS": 1.29,
        "Total Revenue": 282,
        "Gross Profit": 166,
        "Operating Income": 30,
        "EBIT": 40,
        "Net Income": 22
    },
    "2019-01-31": {
        "Diluted EPS": 0.99,
        "Total Revenue": 299,
        "Gross Profit": 164,
        "Operating Income": 22,
        "EBIT": 31,
        "Net Income": 17
    },
    "2018-10-31": {
        "Diluted EPS": 0.11,
        "Total Revenue": 234,
        "Gross Profit": 129,
        "Operating Income": 4,
        "EBIT": 14,
        "Net Income": 2
    },
    "2018-07-31": {
        "Diluted EPS": 1.61,
        "Total Revenue": 303,
        "Gross Profit": 179,
        "Operating Income": 37,
        "EBIT": 48,
        "Net Income": 27
    },
    "2018-04-30": {
        "Diluted EPS": 1.23,
        "Total Revenue": 273,
        "Gross Profit": 164,
        "Operating Income": 28,
        "EBIT": 39,
        "Net Income": 21
    },
    "2018-01-31": {
        "Diluted EPS": 1.44,
        "Total Revenue": 293,
        "Gross Profit": 162,
        "Operating Income": 19,
        "EBIT": 30,
        "Net Income": 24
    },
    "2017-10-31": {
        "Diluted EPS": 0.06,
        "Total Revenue": 236,
        "Gross Profit": 125,
        "Operating Income": 1,
        "EBIT": 12,
        "Net Income": 1
    },
    "2017-07-31": {
        "Diluted EPS": 1.36,
        "Total Revenue": 285,
        "Gross Profit": 166,
        "Operating Income": 36,
        "EBIT": 47,
        "Net Income": 23
    },
    "2017-04-30": {
        "Diluted EPS": 1.03,
        "Total Revenue": 272,
        "Gross Profit": 159,
        "Operating Income": 30,
        "EBIT": 40,
        "Net Income": 17
    },
    "2017-01-31": {
        "Diluted EPS": 0.6,
        "Total Revenue": 261,
        "Gross Profit": 146,
        "Operating Income": 20,
        "EBIT": 31,
        "Net Income": 10
    },
    "2016-10-31": {
        "Diluted EPS": -0.1,
        "Total Revenue": 222,
        "Gross Profit": 118,
        "Operating Income": 0,
        "EBIT": 10,
        "Net Income": -2
    },
    "2016-07-31": {
        "Diluted EPS": 1.44,
        "Total Revenue": 283,
        "Gross Profit": 165,
        "Operating Income": 39,
        "EBIT": 50,
        "Net Income": 24
    },
    "2016-04-30": {
        "Diluted EPS": 1.21,
        "Total Revenue": 256,
        "Gross Profit": 151,
        "Operating Income": 32,
        "EBIT": 42,
        "Net Income": 20
    },
    "2016-01-31": {
        "Diluted EPS": 1.06,
        "Total Revenue": 260,
        "Gross Profit": 143,
        "Operating Income": 28,
        "EBIT": 38,
        "Net Income": 17
    },
    "2015-10-31": {
        "Diluted EPS": -0.13,
        "Total Revenue": 199,
        "Gross Profit": 108,
        "Operating Income": -1,
        "EBIT": 8,
        "Net Income": -2
    },
    "2015-07-31": {
        "Diluted EPS": -0.12,
        "Total Revenue": 251,
        "Gross Profit": 151,
        "Operating Income": 35,
        "EBIT": 43,
        "Net Income": -2
    },
    "2015-04-30": {
        "Diluted EPS": 1.04,
        "Total Revenue": 260,
        "Gross Profit": 154,
        "Operating Income": 35,
        "EBIT": 45,
        "Net Income": 17
    },
    "2015-01-31": {
        "Diluted EPS": 0.95,
        "Total Revenue": 249,
        "Gross Profit": 137,
        "Operating Income": 26,
        "EBIT": 36,
        "Net Income": 16
    },
    "2014-10-31": {
        "Diluted EPS": 0.0,
        "Total Revenue": 201,
        "Gross Profit": 104,
        "Operating Income": 4,
        "EBIT": 14,
        "Net Income": 0
    },
    "2014-07-31": {
        "Diluted EPS": 0.92,
        "Total Revenue": 228,
        "Gross Profit": 136,
        "Operating Income": 30,
        "EBIT": 39,
        "Net Income": 15
    },
    "2014-04-30": {
        "Diluted EPS": 0.91,
        "Total Revenue": 243,
        "Gross Profit": 140,
        "Operating Income": 33,
        "EBIT": 42,
        "Net Income": 15
    },
    "2014-01-31": {
        "Diluted EPS": 0.92,
        "Total Revenue": 183,
        "Gross Profit": 106,
        "Operating Income": 38,
        "EBIT": 47,
        "Net Income": 15
    },
    "2013-10-31": {
        "Diluted EPS": 0.05,
        "Total Revenue": 198,
        "Gross Profit": 105,
        "Operating Income": 5,
        "EBIT": 14,
        "Net Income": 1
    },
    "2013-07-31": {
        "Diluted EPS": 0.96,
        "Total Revenue": 235,
        "Gross Profit": 137,
        "Operating Income": 28,
        "EBIT": 36,
        "Net Income": 16
    },
    "2013-04-30": {
        "Diluted EPS": 0.82,
        "Total Revenue": 234,
        "Gross Profit": 134,
        "Operating Income": 26,
        "EBIT": 33,
        "Net Income": 14
    },
    "2013-01-31": {
        "Diluted EPS": 0.32,
        "Total Revenue": 236,
        "Gross Profit": 125,
        "Operating Income": 10,
        "EBIT": 18,
        "Net Income": 5
    },
    "2012-10-31": {
        "Diluted EPS": 0.18,
        "Total Revenue": 181,
        "Gross Profit": 97,
        "Operating Income": 6,
        "EBIT": 12,
        "Net Income": 3
    },
    "2012-07-31": {
        "Diluted EPS": 0.3,
        "Total Revenue": 207,
        "Gross Profit": 118,
        "Operating Income": 20,
        "EBIT": 26,
        "Net Income": 5
    },
    "2012-04-30": {
        "Diluted EPS": 1.09,
        "Total Revenue": 231,
        "Gross Profit": 129,
        "Operating Income": 33,
        "EBIT": 39,
        "Net Income": 18
    },
    "2012-01-31": {
        "Diluted EPS": 0.42,
        "Total Revenue": 200,
        "Gross Profit": 104,
        "Operating Income": 14,
        "EBIT": 25,
        "Net Income": 7
    },
    "2011-10-31": {
        "Diluted EPS": 0.1,
        "Total Revenue": 170,
        "Gross Profit": 89,
        "Operating Income": 7,
        "EBIT": 13,
        "Net Income": 2
    },
    "2011-07-31": {
        "Diluted EPS": 0.16,
        "Total Revenue": 181,
        "Gross Profit": 103,
        "Operating Income": 18,
        "EBIT": 23,
        "Net Income": 3
    },
    "2011-04-30": {
        "Diluted EPS": 1.1,
        "Total Revenue": 208,
        "Gross Profit": 118,
        "Operating Income": 31,
        "EBIT": 36,
        "Net Income": 18
    },
    "2011-01-31": {
        "Diluted EPS": 3.22,
        "Total Revenue": 158,
        "Gross Profit": 85,
        "Operating Income": 8,
        "EBIT": 14,
        "Net Income": 53
    },
    "2010-10-31": {
        "Diluted EPS": 0.33,
        "Total Revenue": 140,
        "Gross Profit": 74,
        "Operating Income": 6,
        "EBIT": 12,
        "Net Income": 6
    },
    "2010-07-31": {
        "Diluted EPS": 0.44,
        "Total Revenue": 143,
        "Gross Profit": 79,
        "Operating Income": 11,
        "EBIT": 16,
        "Net Income": 7
    },
    "2010-04-30": {
        "Diluted EPS": 0.76,
        "Total Revenue": 164,
        "Gross Profit": 90,
        "Operating Income": 15,
        "EBIT": 20,
        "Net Income": 12
    },
    "2010-01-31": {
        "Diluted EPS": 0.23,
        "Total Revenue": 33,
        "Gross Profit": 55,
        "Operating Income": -5,
        "EBIT": 2,
        "Net Income": 4
    },
    "2009-10-31": {
        "Diluted EPS": 0.26,
        "Total Revenue": 142,
        "Gross Profit": 68,
        "Operating Income": 4,
        "EBIT": 10,
        "Net Income": 4
    },
    "2009-07-31": {
        "Diluted EPS": -0.01,
        "Total Revenue": 193,
        "Gross Profit": 77,
        "Operating Income": 6,
        "EBIT": 13,
        "Net Income": 0
    },
    "2009-04-30": {
        "Diluted EPS": 0.42,
        "Total Revenue": 217,
        "Gross Profit": 90,
        "Operating Income": 13,
        "EBIT": 19,
        "Net Income": 7
    },
    "2009-01-31": {
        "Diluted EPS": 0.24,
        "Total Revenue": 143,
        "Gross Profit": 77,
        "Operating Income": 6,
        "EBIT": 317,
        "Net Income": 4
    },
    "2023-07-31": {
        "Tax Effect Of Unusual Items": 0.0,
        "Tax Rate For Calcs": 0.225,
        "Normalized EBITDA": 82961000.0,
        "Net Income From Continuing Operation Net Minority Interest": 51453000.0,
        "Reconciled Depreciation": 15287000.0,
        "Reconciled Cost Of Revenue": 151590000.0,
        "EBITDA": 82961000.0,
        "EBIT": 67674000.0,
        "Net Interest Income": -1297000.0,
        "Interest Expense": 1297000.0,
        "Normalized Income": 51453000.0,
        "Net Income From Continuing And Discontinued Operation": 51453000.0,
        "Total Expenses": 352645000.0,
        "Total Operating Income As Reported": 67674000.0,
        "Diluted Average Shares": 15979000.0,
        "Basic Average Shares": 15550000.0,
        "Diluted EPS": 3.22,
        "Basic EPS": 3.31,
        "Diluted NI Availto Com Stockholders": 51453000.0,
        "Net Income Common Stockholders": 51453000.0,
        "Net Income": 51453000.0,
        "Net Income Including Noncontrolling Interests": 51453000.0,
        "Net Income Continuous Operations": 51453000.0,
        "Tax Provision": 14924000.0,
        "Pretax Income": 66377000.0,
        "Net Non Operating Interest Income Expense": -1297000.0,
        "Interest Expense Non Operating": 1297000.0,
        "Operating Income": 67674000.0,
        "Operating Expense": 201055000.0,
        "Other Operating Expenses": -4176000.0,
        "Selling General And Administration": 205231000.0,
        "Gross Profit": 268729000.0,
        "Cost Of Revenue": 151590000.0,
        "Total Revenue": 420319000.0,
        "Operating Revenue": 420319000.0
    },
    "2023-10-31": {
        "Tax Effect Of Unusual Items": 0.0,
        "Tax Rate For Calcs": 0.186,
        "Normalized EBITDA": 30480000.0,
        "Net Income From Continuing Operation Net Minority Interest": 10782000.0,
        "Reconciled Depreciation": 16020000.0,
        "Reconciled Cost Of Revenue": 121211000.0,
        "EBITDA": 30480000.0,
        "EBIT": 14460000.0,
        "Net Interest Income": -1217000.0,
        "Interest Expense": 1217000.0,
        "Normalized Income": 10782000.0,
        "Net Income From Continuing And Discontinued Operation": 10782000.0,
        "Total Expenses": 312170000.0,
        "Total Operating Income As Reported": 14460000.0,
        "Diluted Average Shares": 15787000.0,
        "Basic Average Shares": 15587000.0,
        "Diluted EPS": 0.68,
        "Basic EPS": 0.69,
        "Diluted NI Availto Com Stockholders": 10782000.0,
        "Net Income Common Stockholders": 10782000.0,
        "Net Income": 10782000.0,
        "Net Income Including Noncontrolling Interests": 10782000.0,
        "Net Income Continuous Operations": 10782000.0,
        "Tax Provision": 2461000.0,
        "Pretax Income": 13243000.0,
        "Net Non Operating Interest Income Expense": -1217000.0,
        "Interest Expense Non Operating": 1217000.0,
        "Operating Income": 14460000.0,
        "Operating Expense": 190959000.0,
        "Other Operating Expenses": -3863000.0,
        "Selling General And Administration": 194822000.0,
        "Gross Profit": 205419000.0,
        "Cost Of Revenue": 121211000.0,
        "Total Revenue": 326630000.0,
        "Operating Revenue": 326630000.0
    },
    "2024-01-31": {
        "Tax Effect Of Unusual Items": 0.0,
        "Tax Rate For Calcs": 0.273051,
        "Normalized EBITDA": -63866000.0,
        "Net Income From Continuing Operation Net Minority Interest": -60070000.0,
        "Reconciled Depreciation": 17587000.0,
        "Reconciled Cost Of Revenue": 158121000.0,
        "EBITDA": -63866000.0,
        "EBIT": -81453000.0,
        "Net Interest Income": -1180000.0,
        "Interest Expense": 1180000.0,
        "Normalized Income": -60070000.0,
        "Net Income From Continuing And Discontinued Operation": -60070000.0,
        "Total Expenses": 372271000.0,
        "Total Operating Income As Reported": -81453000.0,
        "Diluted Average Shares": 15592000.0,
        "Basic Average Shares": 15592000.0,
        "Diluted EPS": -3.85,
        "Basic EPS": -3.85,
        "Diluted NI Availto Com Stockholders": -60070000.0,
        "Net Income Common Stockholders": -60070000.0,
        "Net Income": -60070000.0,
        "Net Income Including Noncontrolling Interests": -60070000.0,
        "Net Income Continuous Operations": -60070000.0,
        "Tax Provision": -22563000.0,
        "Pretax Income": -82633000.0,
        "Net Non Operating Interest Income Expense": -1180000.0,
        "Interest Expense Non Operating": 1180000.0,
        "Operating Income": 32158000.0,
        "Operating Expense": 214150000.0,
        "Other Operating Expenses": -3353000.0,
        "Selling General And Administration": 217503000.0,
        "Gross Profit": 246308000.0,
        "Cost Of Revenue": 158121000.0,
        "Total Revenue": 404429000.0,
        "Operating Revenue": 404340000.0
    },
    "2024-04-30": {
        "Tax Effect Of Unusual Items": 0.0,
        "Tax Rate For Calcs": 0.256,
        "Normalized EBITDA": 68992000.0,
        "Net Income From Continuing Operation Net Minority Interest": 38373000.0,
        "Reconciled Depreciation": 16541000.0,
        "Reconciled Cost Of Revenue": 139823000.0,
        "EBITDA": 68992000.0,
        "EBIT": 52451000.0,
        "Net Interest Income": -874000.0,
        "Interest Expense": 874000.0,
        "Normalized Income": 38373000.0,
        "Net Income From Continuing And Discontinued Operation": 38373000.0,
        "Total Expenses": 345733000.0,
        "Total Operating Income As Reported": 52451000.0,
        "Diluted Average Shares": 15844000.0,
        "Basic Average Shares": 15597000.0,
        "Diluted EPS": 2.42,
        "Basic EPS": 2.46,
        "Diluted NI Availto Com Stockholders": 38373000.0,
        "Net Income Common Stockholders": 38373000.0,
        "Net Income": 38373000.0,
        "Net Income Including Noncontrolling Interests": 38373000.0,
        "Net Income Continuous Operations": 38373000.0,
        "Tax Provision": 13204000.0,
        "Pretax Income": 51577000.0,
        "Net Non Operating Interest Income Expense": -874000.0,
        "Interest Expense Non Operating": 874000.0,
        "Operating Income": 52451000.0,
        "Operating Expense": 205910000.0,
        "Other Operating Expenses": -7193000.0,
        "Selling General And Administration": 213103000.0,
        "Gross Profit": 258361000.0,
        "Cost Of Revenue": 139823000.0,
        "Total Revenue": 398184000.0,
        "Operating Revenue": 398184000.0
    },
    "2024-07-31": {
        "Tax Effect Of Unusual Items": 0.0,
        "Tax Rate For Calcs": 0.225,
        "Normalized EBITDA": 69060000.0,
        "Net Income From Continuing Operation Net Minority Interest": 40642000.0,
        "Reconciled Depreciation": 16550000.0,
        "Reconciled Cost Of Revenue": 154875000.0,
        "EBITDA": 69060000.0,
        "EBIT": 52510000.0,
        "Net Interest Income": -89000.0,
        "Interest Expense": 89000.0,
        "Normalized Income": 40642000.0,
        "Net Income From Continuing And Discontinued Operation": 40642000.0,
        "Total Expenses": 367376000.0,
        "Total Operating Income As Reported": 52510000.0,
        "Diluted Average Shares": 15830000.0,
        "Basic Average Shares": 15662000.0,
        "Diluted EPS": 2.57,
        "Basic EPS": 2.59,
        "Diluted NI Availto Com Stockholders": 40642000.0,
        "Net Income Common Stockholders": 40642000.0,
        "Net Income": 40642000.0,
        "Net Income Including Noncontrolling Interests": 40642000.0,
        "Net Income Continuous Operations": 40642000.0,
        "Tax Provision": 11779000.0,
        "Pretax Income": 52421000.0,
        "Net Non Operating Interest Income Expense": -89000.0,
        "Interest Expense Non Operating": 89000.0,
        "Operating Income": 52510000.0,
        "Operating Expense": 212501000.0,
        "Other Operating Expenses": -4350000.0,
        "Selling General And Administration": 216851000.0,
        "Gross Profit": 265011000.0,
        "Cost Of Revenue": 154875000.0,
        "Total Revenue": 419886000.0,
        "Operating Revenue": 419886000.0
    },
    "2024-10-31": {
        "Tax Effect Of Unusual Items": 0.0,
        "Tax Rate For Calcs": 0.21,
        "Normalized EBITDA": 10965000.0,
        "Net Income From Continuing Operation Net Minority Interest": -3937000.0,
        "Reconciled Depreciation": 17205000.0,
        "Reconciled Cost Of Revenue": 113511000.0,
        "EBITDA": 10965000.0,
        "EBIT": -6240000.0,
        "Net Interest Income": -610000.0,
        "Interest Expense": 610000.0,
        "Normalized Income": -3937000.0,
        "Net Income From Continuing And Discontinued Operation": -3937000.0,
        "Total Expenses": 314265000.0,
        "Total Operating Income As Reported": -6240000.0,
        "Diluted Average Shares": 15697000.0,
        "Basic Average Shares": 15697000.0,
        "Diluted EPS": -0.25,
        "Basic EPS": -0.25,
        "Diluted NI Availto Com Stockholders": -3937000.0,
        "Net Income Common Stockholders": -3937000.0,
        "Net Income": -3937000.0,
        "Net Income Including Noncontrolling Interests": -3937000.0,
        "Net Income Continuous Operations": -3937000.0,
        "Tax Provision": -2913000.0,
        "Pretax Income": -6850000.0,
        "Net Non Operating Interest Income Expense": -610000.0,
        "Interest Expense Non Operating": 610000.0,
        "Operating Income": -6240000.0,
        "Operating Expense": 200754000.0,
        "Other Operating Expenses": -3967000.0,
        "Selling General And Administration": 204721000.0,
        "Gross Profit": 194514000.0,
        "Cost Of Revenue": 113511000.0,
        "Total Revenue": 308025000.0,
        "Operating Revenue": 308025000.0
    }
}