{
    "2023-03-31": {
        "Tax Effect Of Unusual Items": NaN,
        "Tax Rate For Calcs": NaN,
        "Total Unusual Items": NaN,
        "Total Unusual Items Excluding Goodwill": NaN,
        "Net Income From Continuing Operation Net Minority Interest": NaN,
        "Reconciled Depreciation": NaN,
        "Net Interest Income": NaN,
        "Interest Expense": NaN,
        "Interest Income": NaN,
        "Normalized Income": NaN,
        "Net Income From Continuing And Discontinued Operation": NaN,
        "Diluted Average Shares": NaN,
        "Basic Average Shares": NaN,
        "Diluted EPS": NaN,
        "Basic EPS": NaN,
        "Diluted NI Availto Com Stockholders": NaN,
        "Net Income Common Stockholders": NaN,
        "Preferred Stock Dividends": NaN,
        "Net Income": NaN,
        "Minority Interests": NaN,
        "Net Income Including Noncontrolling Interests": NaN,
        "Net Income Continuous Operations": NaN,
        "Tax Provision": NaN,
        "Pretax Income": NaN,
        "Special Income Charges": -941000.0,
        "Write Off": 941000.0,
        "Securities Amortization": NaN,
        "Gain On Sale Of Security": NaN,
        "Depreciation Amortization Depletion Income Statement": 1189000.0,
        "Depreciation And Amortization In Income Statement": 1189000.0,
        "Amortization": 1189000.0,
        "Amortization Of Intangibles Income Statement": 1189000.0,
        "Selling General And Administration": NaN,
        "Selling And Marketing Expense": NaN,
        "General And Administrative Expense": NaN,
        "Insurance And Claims": NaN,
        "Salaries And Wages": NaN,
        "Total Revenue": NaN,
        "Operating Revenue": NaN,
        "Occupancy And Equipment": NaN,
        "Professional Expense And Contract Services Expense": NaN,
        "Other Non Interest Expense": NaN
    },
    "2022-12-31": {
        "Tax Effect Of Unusual Items": NaN,
        "Tax Rate For Calcs": NaN,
        "Total Unusual Items": NaN,
        "Total Unusual Items Excluding Goodwill": NaN,
        "Net Income From Continuing Operation Net Minority Interest": NaN,
        "Reconciled Depreciation": NaN,
        "Net Interest Income": NaN,
        "Interest Expense": NaN,
        "Interest Income": NaN,
        "Normalized Income": NaN,
        "Net Income From Continuing And Discontinued Operation": NaN,
        "Diluted Average Shares": NaN,
        "Basic Average Shares": NaN,
        "Diluted EPS": NaN,
        "Basic EPS": NaN,
        "Diluted NI Availto Com Stockholders": NaN,
        "Net Income Common Stockholders": NaN,
        "Preferred Stock Dividends": NaN,
        "Net Income": NaN,
        "Minority Interests": NaN,
        "Net Income Including Noncontrolling Interests": NaN,
        "Net Income Continuous Operations": NaN,
        "Tax Provision": NaN,
        "Pretax Income": NaN,
        "Special Income Charges": -710000.0,
        "Write Off": 710000.0,
        "Securities Amortization": NaN,
        "Gain On Sale Of Security": NaN,
        "Depreciation Amortization Depletion Income Statement": 1189000.0,
        "Depreciation And Amortization In Income Statement": 1189000.0,
        "Amortization": 1189000.0,
        "Amortization Of Intangibles Income Statement": 1189000.0,
        "Selling General And Administration": NaN,
        "Selling And Marketing Expense": NaN,
        "General And Administrative Expense": NaN,
        "Insurance And Claims": NaN,
        "Salaries And Wages": NaN,
        "Total Revenue": NaN,
        "Operating Revenue": NaN,
        "Occupancy And Equipment": NaN,
        "Professional Expense And Contract Services Expense": NaN,
        "Other Non Interest Expense": NaN
    },
    "2022-09-30": {
        "Tax Effect Of Unusual Items": NaN,
        "Tax Rate For Calcs": NaN,
        "Total Unusual Items": NaN,
        "Total Unusual Items Excluding Goodwill": NaN,
        "Net Income From Continuing Operation Net Minority Interest": NaN,
        "Reconciled Depreciation": NaN,
        "Net Interest Income": NaN,
        "Interest Expense": NaN,
        "Interest Income": NaN,
        "Normalized Income": NaN,
        "Net Income From Continuing And Discontinued Operation": NaN,
        "Diluted Average Shares": 118856000.0,
        "Basic Average Shares": 118480000.0,
        "Diluted EPS": 1.08,
        "Basic EPS": 1.08,
        "Diluted NI Availto Com Stockholders": NaN,
        "Net Income Common Stockholders": NaN,
        "Preferred Stock Dividends": NaN,
        "Net Income": NaN,
        "Minority Interests": NaN,
        "Net Income Including Noncontrolling Interests": NaN,
        "Net Income Continuous Operations": NaN,
        "Tax Provision": NaN,
        "Pretax Income": NaN,
        "Special Income Charges": -87000.0,
        "Write Off": 87000.0,
        "Securities Amortization": NaN,
        "Gain On Sale Of Security": NaN,
        "Depreciation Amortization Depletion Income Statement": 1298000.0,
        "Depreciation And Amortization In Income Statement": 1298000.0,
        "Amortization": 1298000.0,
        "Amortization Of Intangibles Income Statement": 1298000.0,
        "Selling General And Administration": NaN,
        "Selling And Marketing Expense": NaN,
        "General And Administrative Expense": NaN,
        "Other Gand A": 11962000.0,
        "Insurance And Claims": NaN,
        "Salaries And Wages": NaN,
        "Total Revenue": NaN,
        "Operating Revenue": NaN
    },
    "2022-06-30": {
        "Tax Effect Of Unusual Items": 175616.0,
        "Tax Rate For Calcs": 0.224,
        "Total Unusual Items": 784000.0,
        "Total Unusual Items Excluding Goodwill": 784000.0,
        "Net Income From Continuing Operation Net Minority Interest": 136405000.0,
        "Reconciled Depreciation": 11108000.0,
        "Net Interest Income": 265793000.0,
        "Interest Expense": 15695000.0,
        "Interest Income": 281488000.0,
        "Normalized Income": 135796616.0,
        "Net Income From Continuing And Discontinued Operation": 136405000.0,
        "Diluted Average Shares": 120827000.0,
        "Basic Average Shares": 120445000.0,
        "Diluted EPS": 1.1,
        "Basic EPS": 1.1,
        "Diluted NI Availto Com Stockholders": 132358000.0,
        "Net Income Common Stockholders": 132358000.0,
        "Preferred Stock Dividends": 4047000.0,
        "Net Income": 136405000.0,
        "Minority Interests": -8000.0,
        "Net Income Including Noncontrolling Interests": 136413000.0,
        "Net Income Continuous Operations": 136413000.0,
        "Tax Provision": 39375000.0,
        "Pretax Income": 175788000.0,
        "Special Income Charges": 0.0,
        "Write Off": 0.0,
        "Securities Amortization": 4628000.0,
        "Gain On Sale Of Security": 531000.0,
        "Depreciation Amortization Depletion Income Statement": 1516000.0,
        "Depreciation And Amortization In Income Statement": 1516000.0,
        "Amortization": 1516000.0,
        "Amortization Of Intangibles Income Statement": 1516000.0,
        "Selling General And Administration": 57615000.0,
        "Selling And Marketing Expense": 1103000.0,
        "General And Administrative Expense": 56512000.0,
        "Other Gand A": 11837000.0,
        "Insurance And Claims": 2100000.0,
        "Salaries And Wages": 54412000.0,
        "Total Revenue": 290272000.0,
        "Operating Revenue": 290272000.0
    },
    "2023-06-30": {
        "Tax Effect Of Unusual Items": NaN,
        "Tax Rate For Calcs": NaN,
        "Total Unusual Items": NaN,
        "Total Unusual Items Excluding Goodwill": NaN,
        "Net Income From Continuing Operation Net Minority Interest": NaN,
        "Reconciled Depreciation": NaN,
        "Net Interest Income": NaN,
        "Interest Expense": NaN,
        "Interest Income": NaN,
        "Normalized Income": NaN,
        "Net Income From Continuing And Discontinued Operation": NaN,
        "Diluted Average Shares": 114284000.0,
        "Basic Average Shares": 114054000.0,
        "Diluted EPS": 1.47,
        "Basic EPS": 1.47,
        "Diluted NI Availto Com Stockholders": NaN,
        "Net Income Common Stockholders": NaN,
        "Preferred Stock Dividends": NaN,
        "Net Income": NaN,
        "Minority Interests": NaN,
        "Net Income Including Noncontrolling Interests": NaN,
        "Net Income Continuous Operations": NaN,
        "Tax Provision": NaN,
        "Pretax Income": NaN,
        "Special Income Charges": -24000.0,
        "Write Off": 24000.0,
        "Securities Amortization": NaN,
        "Gain On Sale Of Security": NaN,
        "Depreciation Amortization Depletion Income Statement": 1189000.0,
        "Depreciation And Amortization In Income Statement": 1189000.0,
        "Amortization": 1189000.0,
        "Amortization Of Intangibles Income Statement": 1189000.0,
        "Selling General And Administration": NaN,
        "Selling And Marketing Expense": NaN,
        "General And Administrative Expense": NaN,
        "Insurance And Claims": NaN,
        "Salaries And Wages": NaN,
        "Total Revenue": NaN,
        "Operating Revenue": NaN,
        "Occupancy And Equipment": NaN,
        "Professional Expense And Contract Services Expense": NaN,
        "Other Non Interest Expense": NaN
    },
    "2022-03-31": {
        "Diluted EPS": 1.02,
        "Total Revenue": 294,
        "Gross Profit": 281,
        "Operating Income": 169,
        "EBIT": NaN,
        "Net Income": 128
    },
    "2021-12-31": {
        "Diluted EPS": 1.17,
        "Total Revenue": 310,
        "Gross Profit": 296,
        "Operating Income": 194,
        "EBIT": NaN,
        "Net Income": 150
    },
    "2021-09-30": {
        "Diluted EPS": 1.0,
        "Total Revenue": 289,
        "Gross Profit": 274,
        "Operating Income": 171,
        "EBIT": NaN,
        "Net Income": 130
    },
    "2021-06-30": {
        "Diluted EPS": 1.16,
        "Total Revenue": 292,
        "Gross Profit": 268,
        "Operating Income": 196,
        "EBIT": NaN,
        "Net Income": 151
    },
    "2021-03-31": {
        "Diluted EPS": 1.14,
        "Total Revenue": 296,
        "Gross Profit": 267,
        "Operating Income": 192,
        "EBIT": NaN,
        "Net Income": 148
    },
    "2020-12-31": {
        "Diluted EPS": 0.94,
        "Total Revenue": 302,
        "Gross Profit": 266,
        "Operating Income": 156,
        "EBIT": NaN,
        "Net Income": 121
    },
    "2020-09-30": {
        "Diluted EPS": 0.84,
        "Total Revenue": 295,
        "Gross Profit": 251,
        "Operating Income": 138,
        "EBIT": NaN,
        "Net Income": 109
    },
    "2020-06-30": {
        "Diluted EPS": 0.39,
        "Total Revenue": 289,
        "Gross Profit": 238,
        "Operating Income": 65,
        "EBIT": NaN,
        "Net Income": 50
    },
    "2020-03-31": {
        "Diluted EPS": 0.09,
        "Total Revenue": 300,
        "Gross Profit": 237,
        "Operating Income": 16,
        "EBIT": NaN,
        "Net Income": 12
    },
    "2019-12-31": {
        "Diluted EPS": 0.77,
        "Total Revenue": 311,
        "Gross Profit": 245,
        "Operating Income": 136,
        "EBIT": NaN,
        "Net Income": 101
    },
    "2019-09-30": {
        "Diluted EPS": 0.81,
        "Total Revenue": 316,
        "Gross Profit": 245,
        "Operating Income": 136,
        "EBIT": NaN,
        "Net Income": 104
    },
    "2019-06-30": {
        "Diluted EPS": 0.86,
        "Total Revenue": 323,
        "Gross Profit": 251,
        "Operating Income": 145,
        "EBIT": NaN,
        "Net Income": 111
    },
    "2019-03-31": {
        "Diluted EPS": 0.86,
        "Total Revenue": 319,
        "Gross Profit": 250,
        "Operating Income": 147,
        "EBIT": NaN,
        "Net Income": 111
    },
    "2018-12-31": {
        "Diluted EPS": 0.89,
        "Total Revenue": 320,
        "Gross Profit": 256,
        "Operating Income": 154,
        "EBIT": NaN,
        "Net Income": 115
    },
    "2018-09-30": {
        "Diluted EPS": 0.58,
        "Total Revenue": 302,
        "Gross Profit": 245,
        "Operating Income": 100,
        "EBIT": NaN,
        "Net Income": 74
    },
    "2018-06-30": {
        "Diluted EPS": 0.89,
        "Total Revenue": 301,
        "Gross Profit": 252,
        "Operating Income": 153,
        "EBIT": NaN,
        "Net Income": 115
    },
    "2018-03-31": {
        "Diluted EPS": 0.88,
        "Total Revenue": 286,
        "Gross Profit": 246,
        "Operating Income": 147,
        "EBIT": NaN,
        "Net Income": 113
    },
    "2017-12-31": {
        "Diluted EPS": 1.14,
        "Total Revenue": 279,
        "Gross Profit": 245,
        "Operating Income": 150,
        "EBIT": NaN,
        "Net Income": 146
    },
    "2017-09-30": {
        "Diluted EPS": 0.75,
        "Total Revenue": 274,
        "Gross Profit": 242,
        "Operating Income": 150,
        "EBIT": NaN,
        "Net Income": 96
    },
    "2017-06-30": {
        "Diluted EPS": 0.73,
        "Total Revenue": 260,
        "Gross Profit": 234,
        "Operating Income": 144,
        "EBIT": NaN,
        "Net Income": 91
    },
    "2017-03-31": {
        "Diluted EPS": 0.73,
        "Total Revenue": 243,
        "Gross Profit": 220,
        "Operating Income": 137,
        "EBIT": NaN,
        "Net Income": 89
    },
    "2016-12-31": {
        "Diluted EPS": 0.75,
        "Total Revenue": 246,
        "Gross Profit": 225,
        "Operating Income": 137,
        "EBIT": NaN,
        "Net Income": 88
    },
    "2016-09-30": {
        "Diluted EPS": 0.66,
        "Total Revenue": 224,
        "Gross Profit": 204,
        "Operating Income": 119,
        "EBIT": NaN,
        "Net Income": 76
    },
    "2016-06-30": {
        "Diluted EPS": 0.6,
        "Total Revenue": 154,
        "Gross Profit": 142,
        "Operating Income": 86,
        "EBIT": NaN,
        "Net Income": 54
    },
    "2016-03-31": {
        "Diluted EPS": 0.57,
        "Total Revenue": 142,
        "Gross Profit": 132,
        "Operating Income": 83,
        "EBIT": NaN,
        "Net Income": 52
    },
    "2015-12-31": {
        "Diluted EPS": 0.59,
        "Total Revenue": 145,
        "Gross Profit": 137,
        "Operating Income": 80,
        "EBIT": NaN,
        "Net Income": 51
    },
    "2015-09-30": {
        "Diluted EPS": 0.52,
        "Total Revenue": 126,
        "Gross Profit": 119,
        "Operating Income": 70,
        "EBIT": NaN,
        "Net Income": 46
    },
    "2015-06-30": {
        "Diluted EPS": 0.51,
        "Total Revenue": 123,
        "Gross Profit": 117,
        "Operating Income": 69,
        "EBIT": NaN,
        "Net Income": 45
    },
    "2015-03-31": {
        "Diluted EPS": 0.47,
        "Total Revenue": 121,
        "Gross Profit": 115,
        "Operating Income": 58,
        "EBIT": NaN,
        "Net Income": 40
    },
    "2014-12-31": {
        "Diluted EPS": 0.44,
        "Total Revenue": 112,
        "Gross Profit": 107,
        "Operating Income": 52,
        "EBIT": NaN,
        "Net Income": 35
    },
    "2014-09-30": {
        "Diluted EPS": 0.4,
        "Total Revenue": 99,
        "Gross Profit": 94,
        "Operating Income": 48,
        "EBIT": NaN,
        "Net Income": 32
    },
    "2014-06-30": {
        "Diluted EPS": 0.34,
        "Total Revenue": 87,
        "Gross Profit": 82,
        "Operating Income": 39,
        "EBIT": NaN,
        "Net Income": 26
    },
    "2014-03-31": {
        "Diluted EPS": 0.34,
        "Total Revenue": 77,
        "Gross Profit": 73,
        "Operating Income": 34,
        "EBIT": NaN,
        "Net Income": 25
    },
    "2013-12-31": {
        "Diluted EPS": 0.33,
        "Total Revenue": 79,
        "Gross Profit": 74,
        "Operating Income": 36,
        "EBIT": NaN,
        "Net Income": 24
    },
    "2013-09-30": {
        "Diluted EPS": 0.36,
        "Total Revenue": 77,
        "Gross Profit": 73,
        "Operating Income": 37,
        "EBIT": NaN,
        "Net Income": 26
    },
    "2013-06-30": {
        "Diluted EPS": 0.29,
        "Total Revenue": 67,
        "Gross Profit": 62,
        "Operating Income": 30,
        "EBIT": NaN,
        "Net Income": 20
    },
    "2013-03-31": {
        "Diluted EPS": 0.28,
        "Total Revenue": 65,
        "Gross Profit": 60,
        "Operating Income": 29,
        "EBIT": NaN,
        "Net Income": 20
    },
    "2012-12-31": {
        "Diluted EPS": 0.29,
        "Total Revenue": 68,
        "Gross Profit": 63,
        "Operating Income": 30,
        "EBIT": NaN,
        "Net Income": 21
    },
    "2012-09-30": {
        "Diluted EPS": 0.28,
        "Total Revenue": 64,
        "Gross Profit": 59,
        "Operating Income": 27,
        "EBIT": NaN,
        "Net Income": 19
    },
    "2012-06-30": {
        "Diluted EPS": 0.28,
        "Total Revenue": 63,
        "Gross Profit": 58,
        "Operating Income": 28,
        "EBIT": NaN,
        "Net Income": 19
    },
    "2012-03-31": {
        "Diluted EPS": 0.26,
        "Total Revenue": 64,
        "Gross Profit": 58,
        "Operating Income": 26,
        "EBIT": NaN,
        "Net Income": 18
    },
    "2011-12-31": {
        "Diluted EPS": 0.25,
        "Total Revenue": 65,
        "Gross Profit": 59,
        "Operating Income": 25,
        "EBIT": NaN,
        "Net Income": 18
    },
    "2011-09-30": {
        "Diluted EPS": 0.28,
        "Total Revenue": 68,
        "Gross Profit": 60,
        "Operating Income": 27,
        "EBIT": NaN,
        "Net Income": 19
    },
    "2011-06-30": {
        "Diluted EPS": 0.73,
        "Total Revenue": 126,
        "Gross Profit": 118,
        "Operating Income": 79,
        "EBIT": NaN,
        "Net Income": 50
    },
    "2011-03-31": {
        "Diluted EPS": 0.22,
        "Total Revenue": 57,
        "Gross Profit": 49,
        "Operating Income": 21,
        "EBIT": NaN,
        "Net Income": 15
    },
    "2010-12-31": {
        "Diluted EPS": 0.25,
        "Total Revenue": 61,
        "Gross Profit": 53,
        "Operating Income": 23,
        "EBIT": NaN,
        "Net Income": 17
    },
    "2010-09-30": {
        "Diluted EPS": 0.3,
        "Total Revenue": 66,
        "Gross Profit": 58,
        "Operating Income": 30,
        "EBIT": NaN,
        "Net Income": 20
    },
    "2010-06-30": {
        "Diluted EPS": 0.16,
        "Total Revenue": 48,
        "Gross Profit": 39,
        "Operating Income": 14,
        "EBIT": NaN,
        "Net Income": 11
    },
    "2010-03-31": {
        "Diluted EPS": 0.24,
        "Total Revenue": 54,
        "Gross Profit": 45,
        "Operating Income": 23,
        "EBIT": NaN,
        "Net Income": 16
    },
    "2009-12-31": {
        "Diluted EPS": 0.14,
        "Total Revenue": 51,
        "Gross Profit": 42,
        "Operating Income": 17,
        "EBIT": NaN,
        "Net Income": 10
    },
    "2009-09-30": {
        "Diluted EPS": 0.13,
        "Total Revenue": 46,
        "Gross Profit": 35,
        "Operating Income": 12,
        "EBIT": NaN,
        "Net Income": 8
    },
    "2009-06-30": {
        "Diluted EPS": 0.14,
        "Total Revenue": 65,
        "Gross Profit": 53,
        "Operating Income": 14,
        "EBIT": NaN,
        "Net Income": 10
    },
    "2009-03-31": {
        "Diluted EPS": 0.14,
        "Total Revenue": 55,
        "Gross Profit": 40,
        "Operating Income": 13,
        "EBIT": NaN,
        "Net Income": 9
    },
    "2023-09-30": {
        "Tax Effect Of Unusual Items": NaN,
        "Tax Rate For Calcs": NaN,
        "Total Unusual Items": NaN,
        "Total Unusual Items Excluding Goodwill": NaN,
        "Net Income From Continuing Operation Net Minority Interest": NaN,
        "Reconciled Depreciation": NaN,
        "Net Interest Income": NaN,
        "Interest Expense": NaN,
        "Interest Income": NaN,
        "Normalized Income": NaN,
        "Net Income From Continuing And Discontinued Operation": NaN,
        "Diluted Average Shares": 113770000.0,
        "Basic Average Shares": 113380000.0,
        "Diluted EPS": 1.49,
        "Basic EPS": 1.5,
        "Diluted NI Availto Com Stockholders": NaN,
        "Net Income Common Stockholders": NaN,
        "Preferred Stock Dividends": NaN,
        "Net Income": NaN,
        "Minority Interests": NaN,
        "Net Income Including Noncontrolling Interests": NaN,
        "Net Income Continuous Operations": NaN,
        "Tax Provision": NaN,
        "Pretax Income": NaN,
        "Special Income Charges": -141000.0,
        "Write Off": 141000.0,
        "Securities Amortization": NaN,
        "Gain On Sale Of Security": NaN,
        "Depreciation Amortization Depletion Income Statement": 376000.0,
        "Depreciation And Amortization In Income Statement": 376000.0,
        "Amortization": 376000.0,
        "Amortization Of Intangibles Income Statement": 376000.0,
        "Selling General And Administration": NaN,
        "Selling And Marketing Expense": NaN,
        "General And Administrative Expense": NaN,
        "Insurance And Claims": NaN,
        "Salaries And Wages": NaN,
        "Total Revenue": NaN,
        "Operating Revenue": NaN,
        "Occupancy And Equipment": NaN,
        "Professional Expense And Contract Services Expense": NaN,
        "Other Non Interest Expense": NaN
    },
    "2023-12-31": {
        "Tax Effect Of Unusual Items": NaN,
        "Tax Rate For Calcs": NaN,
        "Total Unusual Items": NaN,
        "Total Unusual Items Excluding Goodwill": NaN,
        "Net Income From Continuing Operation Net Minority Interest": NaN,
        "Reconciled Depreciation": NaN,
        "Net Interest Income": NaN,
        "Interest Expense": NaN,
        "Interest Income": NaN,
        "Normalized Income": NaN,
        "Net Income From Continuing And Discontinued Operation": NaN,
        "Diluted Average Shares": NaN,
        "Basic Average Shares": NaN,
        "Diluted EPS": NaN,
        "Basic EPS": NaN,
        "Diluted NI Availto Com Stockholders": NaN,
        "Net Income Common Stockholders": NaN,
        "Preferred Stock Dividends": NaN,
        "Net Income": NaN,
        "Minority Interests": NaN,
        "Net Income Including Noncontrolling Interests": NaN,
        "Net Income Continuous Operations": NaN,
        "Tax Provision": NaN,
        "Pretax Income": NaN,
        "Special Income Charges": NaN,
        "Write Off": NaN,
        "Securities Amortization": 7617000.0,
        "Gain On Sale Of Security": NaN,
        "Depreciation Amortization Depletion Income Statement": NaN,
        "Depreciation And Amortization In Income Statement": NaN,
        "Amortization": NaN,
        "Amortization Of Intangibles Income Statement": NaN,
        "Selling General And Administration": NaN,
        "Selling And Marketing Expense": NaN,
        "General And Administrative Expense": NaN,
        "Insurance And Claims": NaN,
        "Salaries And Wages": NaN,
        "Total Revenue": NaN,
        "Operating Revenue": NaN,
        "Occupancy And Equipment": NaN,
        "Professional Expense And Contract Services Expense": NaN,
        "Other Non Interest Expense": NaN
    },
    "2024-03-31": {
        "Tax Effect Of Unusual Items": 108319.373664,
        "Tax Rate For Calcs": 0.23599,
        "Total Unusual Items": 459000.0,
        "Total Unusual Items Excluding Goodwill": 459000.0,
        "Net Income From Continuing Operation Net Minority Interest": 175537000.0,
        "Reconciled Depreciation": 17705000.0,
        "Net Interest Income": 376934000.0,
        "Interest Expense": 260119000.0,
        "Interest Income": 637053000.0,
        "Normalized Income": 175186319.373664,
        "Net Income From Continuing And Discontinued Operation": 175537000.0,
        "Diluted Average Shares": 113883000.0,
        "Basic Average Shares": 113559000.0,
        "Diluted EPS": 1.51,
        "Basic EPS": 1.51,
        "Diluted NI Availto Com Stockholders": 171490000.0,
        "Net Income Common Stockholders": 171490000.0,
        "Preferred Stock Dividends": 4047000.0,
        "Net Income": 175537000.0,
        "Minority Interests": -18000.0,
        "Net Income Including Noncontrolling Interests": 175555000.0,
        "Net Income Continuous Operations": 175555000.0,
        "Tax Provision": 54226000.0,
        "Pretax Income": 229781000.0,
        "Special Income Charges": NaN,
        "Write Off": NaN,
        "Securities Amortization": 0.0,
        "Gain On Sale Of Security": 410000.0,
        "Depreciation Amortization Depletion Income Statement": NaN,
        "Depreciation And Amortization In Income Statement": NaN,
        "Amortization": NaN,
        "Amortization Of Intangibles Income Statement": NaN,
        "Selling General And Administration": 81711000.0,
        "Selling And Marketing Expense": 3897000.0,
        "General And Administrative Expense": 77814000.0,
        "Insurance And Claims": 8250000.0,
        "Salaries And Wages": 69564000.0,
        "Total Revenue": 406018000.0,
        "Operating Revenue": 406018000.0,
        "Occupancy And Equipment": 17974000.0,
        "Professional Expense And Contract Services Expense": 5970000.0,
        "Other Non Interest Expense": 27659000.0
    },
    "2024-06-30": {
        "Tax Effect Of Unusual Items": 245717.0,
        "Tax Rate For Calcs": 0.229,
        "Total Unusual Items": 1073000.0,
        "Total Unusual Items Excluding Goodwill": 1073000.0,
        "Net Income From Continuing Operation Net Minority Interest": 177543000.0,
        "Reconciled Depreciation": 20055000.0,
        "Net Interest Income": 387994000.0,
        "Interest Expense": 279842000.0,
        "Interest Income": 667836000.0,
        "Normalized Income": 176715717.0,
        "Net Income From Continuing And Discontinued Operation": 177543000.0,
        "Diluted Average Shares": 113995000.0,
        "Basic Average Shares": 113645000.0,
        "Diluted EPS": 1.52,
        "Basic EPS": 1.53,
        "Diluted NI Availto Com Stockholders": 173496000.0,
        "Net Income Common Stockholders": 173496000.0,
        "Preferred Stock Dividends": 4047000.0,
        "Net Income": 177543000.0,
        "Minority Interests": 8000.0,
        "Net Income Including Noncontrolling Interests": 177535000.0,
        "Net Income Continuous Operations": 177535000.0,
        "Tax Provision": 52778000.0,
        "Pretax Income": 230313000.0,
        "Special Income Charges": NaN,
        "Write Off": NaN,
        "Securities Amortization": 0.0,
        "Gain On Sale Of Security": 125000.0,
        "Depreciation Amortization Depletion Income Statement": NaN,
        "Depreciation And Amortization In Income Statement": NaN,
        "Amortization": NaN,
        "Amortization Of Intangibles Income Statement": NaN,
        "Selling General And Administration": 85606000.0,
        "Selling And Marketing Expense": 6888000.0,
        "General And Administrative Expense": 78718000.0,
        "Insurance And Claims": 5309000.0,
        "Salaries And Wages": 73409000.0,
        "Total Revenue": 416776000.0,
        "Operating Revenue": 416776000.0,
        "Occupancy And Equipment": 18421000.0,
        "Professional Expense And Contract Services Expense": 6683000.0,
        "Other Non Interest Expense": 26741000.0
    },
    "2024-09-30": {
        "Tax Effect Of Unusual Items": 303599.0,
        "Tax Rate For Calcs": 0.233,
        "Total Unusual Items": 1303000.0,
        "Total Unusual Items Excluding Goodwill": 1303000.0,
        "Net Income From Continuing Operation Net Minority Interest": 181194000.0,
        "Reconciled Depreciation": 17196000.0,
        "Net Interest Income": 389398000.0,
        "Interest Expense": 292654000.0,
        "Interest Income": 682052000.0,
        "Normalized Income": 180194599.0,
        "Net Income From Continuing And Discontinued Operation": 181194000.0,
        "Diluted Average Shares": 114031000.0,
        "Basic Average Shares": 113653000.0,
        "Diluted EPS": 1.55,
        "Basic EPS": 1.56,
        "Diluted NI Availto Com Stockholders": 177147000.0,
        "Net Income Common Stockholders": 177147000.0,
        "Preferred Stock Dividends": 4047000.0,
        "Net Income": 181194000.0,
        "Minority Interests": -12000.0,
        "Net Income Including Noncontrolling Interests": 181206000.0,
        "Net Income Continuous Operations": 181206000.0,
        "Tax Provision": 54953000.0,
        "Pretax Income": 236159000.0,
        "Special Income Charges": NaN,
        "Write Off": NaN,
        "Securities Amortization": 0.0,
        "Gain On Sale Of Security": 25000.0,
        "Depreciation Amortization Depletion Income Statement": NaN,
        "Depreciation And Amortization In Income Statement": NaN,
        "Amortization": NaN,
        "Amortization Of Intangibles Income Statement": NaN,
        "Selling General And Administration": 87463000.0,
        "Selling And Marketing Expense": 6089000.0,
        "General And Administrative Expense": 81374000.0,
        "Insurance And Claims": 6050000.0,
        "Salaries And Wages": 75324000.0,
        "Total Revenue": 423003000.0,
        "Operating Revenue": 423003000.0,
        "Occupancy And Equipment": 17380000.0,
        "Professional Expense And Contract Services Expense": 5620000.0,
        "Other Non Interest Expense": 29938000.0
    },
    "2024-12-31": {
        "Tax Effect Of Unusual Items": 130820.432528,
        "Tax Rate For Calcs": 0.224777,
        "Total Unusual Items": 582000.0,
        "Total Unusual Items Excluding Goodwill": 582000.0,
        "Net Income From Continuing Operation Net Minority Interest": 182181000.0,
        "Reconciled Depreciation": 34286000.0,
        "Net Interest Income": 379398000.0,
        "Interest Expense": 283237000.0,
        "Interest Income": 662635000.0,
        "Normalized Income": 181729820.432528,
        "Net Income From Continuing And Discontinued Operation": 182181000.0,
        "Diluted Average Shares": NaN,
        "Basic Average Shares": NaN,
        "Diluted EPS": NaN,
        "Basic EPS": NaN,
        "Diluted NI Availto Com Stockholders": 178135000.0,
        "Net Income Common Stockholders": 178135000.0,
        "Preferred Stock Dividends": 4046000.0,
        "Net Income": 182181000.0,
        "Minority Interests": -25000.0,
        "Net Income Including Noncontrolling Interests": 182206000.0,
        "Net Income Continuous Operations": 182206000.0,
        "Tax Provision": 52831000.0,
        "Pretax Income": 235037000.0,
        "Special Income Charges": NaN,
        "Write Off": NaN,
        "Securities Amortization": 0.0,
        "Gain On Sale Of Security": 0.0,
        "Depreciation Amortization Depletion Income Statement": NaN,
        "Depreciation And Amortization In Income Statement": NaN,
        "Amortization": NaN,
        "Amortization Of Intangibles Income Statement": NaN,
        "Selling General And Administration": 87396000.0,
        "Selling And Marketing Expense": 3702000.0,
        "General And Administrative Expense": 83694000.0,
        "Insurance And Claims": 5975000.0,
        "Salaries And Wages": 77719000.0,
        "Total Revenue": 412340000.0,
        "Operating Revenue": 412340000.0,
        "Occupancy And Equipment": 17901000.0,
        "Professional Expense And Contract Services Expense": 6600000.0,
        "Other Non Interest Expense": 28232000.0
    },
    "2025-03-31": {
        "Tax Effect Of Unusual Items": 178256.111997,
        "Tax Rate For Calcs": 0.231802,
        "Total Unusual Items": 769000.0,
        "Total Unusual Items Excluding Goodwill": 769000.0,
        "Net Income From Continuing Operation Net Minority Interest": 171959000.0,
        "Reconciled Depreciation": 19759000.0,
        "Net Interest Income": 374510000.0,
        "Interest Expense": 261228000.0,
        "Interest Income": 635738000.0,
        "Normalized Income": 171368256.111997,
        "Net Income From Continuing And Discontinued Operation": 171959000.0,
        "Diluted Average Shares": 114216000.0,
        "Basic Average Shares": 113808000.0,
        "Diluted EPS": 1.47,
        "Basic EPS": 1.48,
        "Diluted NI Availto Com Stockholders": 167912000.0,
        "Net Income Common Stockholders": 167912000.0,
        "Preferred Stock Dividends": 4047000.0,
        "Net Income": 171959000.0,
        "Minority Interests": -12000.0,
        "Net Income Including Noncontrolling Interests": 171971000.0,
        "Net Income Continuous Operations": 171971000.0,
        "Tax Provision": 51892000.0,
        "Pretax Income": 223863000.0,
        "Special Income Charges": NaN,
        "Write Off": NaN,
        "Securities Amortization": NaN,
        "Gain On Sale Of Security": 0.0,
        "Depreciation Amortization Depletion Income Statement": NaN,
        "Depreciation And Amortization In Income Statement": NaN,
        "Amortization": NaN,
        "Amortization Of Intangibles Income Statement": NaN,
        "Selling General And Administration": 93026000.0,
        "Selling And Marketing Expense": 4051000.0,
        "General And Administrative Expense": 88975000.0,
        "Insurance And Claims": 6775000.0,
        "Salaries And Wages": 82200000.0,
        "Total Revenue": 409234000.0,
        "Operating Revenue": 409234000.0,
        "Occupancy And Equipment": 18445000.0,
        "Professional Expense And Contract Services Expense": 6309000.0,
        "Other Non Interest Expense": 29174000.0
    }
}