{
    "2023-03-31": {
        "Tax Effect Of Unusual Items": NaN,
        "Tax Rate For Calcs": NaN,
        "Normalized EBITDA": NaN,
        "Total Unusual Items": NaN,
        "Total Unusual Items Excluding Goodwill": NaN,
        "Net Income From Continuing Operation Net Minority Interest": NaN,
        "Reconciled Depreciation": NaN,
        "Reconciled Cost Of Revenue": NaN,
        "EBITDA": NaN,
        "EBIT": NaN,
        "Net Interest Income": NaN,
        "Interest Expense": NaN,
        "Normalized Income": NaN,
        "Net Income From Continuing And Discontinued Operation": NaN,
        "Total Expenses": NaN,
        "Total Operating Income As Reported": NaN,
        "Diluted Average Shares": NaN,
        "Basic Average Shares": NaN,
        "Diluted EPS": NaN,
        "Basic EPS": NaN,
        "Diluted NI Availto Com Stockholders": NaN,
        "Average Dilution Earnings": NaN,
        "Net Income Common Stockholders": NaN,
        "Net Income": NaN,
        "Minority Interests": NaN,
        "Net Income Including Noncontrolling Interests": NaN,
        "Net Income Continuous Operations": NaN,
        "Tax Provision": NaN,
        "Pretax Income": NaN,
        "Other Income Expense": NaN,
        "Special Income Charges": NaN,
        "Gain On Sale Of Ppe": NaN,
        "Write Off": NaN,
        "Impairment Of Capital Assets": NaN,
        "Restructuring And Mergern Acquisition": NaN,
        "Earnings From Equity Interest": -400000.0,
        "Gain On Sale Of Security": NaN,
        "Net Non Operating Interest Income Expense": NaN,
        "Total Other Finance Cost": NaN,
        "Interest Expense Non Operating": NaN,
        "Operating Income": NaN,
        "Operating Expense": NaN,
        "Other Operating Expenses": NaN,
        "Selling General And Administration": NaN,
        "General And Administrative Expense": NaN,
        "Other Gand A": NaN,
        "Gross Profit": NaN,
        "Cost Of Revenue": NaN,
        "Total Revenue": NaN,
        "Operating Revenue": NaN
    },
    "2022-12-31": {
        "Tax Effect Of Unusual Items": NaN,
        "Tax Rate For Calcs": NaN,
        "Normalized EBITDA": NaN,
        "Total Unusual Items": NaN,
        "Total Unusual Items Excluding Goodwill": NaN,
        "Net Income From Continuing Operation Net Minority Interest": NaN,
        "Reconciled Depreciation": NaN,
        "Reconciled Cost Of Revenue": NaN,
        "EBITDA": NaN,
        "EBIT": NaN,
        "Net Interest Income": NaN,
        "Interest Expense": NaN,
        "Normalized Income": NaN,
        "Net Income From Continuing And Discontinued Operation": NaN,
        "Total Expenses": NaN,
        "Total Operating Income As Reported": NaN,
        "Diluted Average Shares": NaN,
        "Basic Average Shares": NaN,
        "Diluted EPS": NaN,
        "Basic EPS": NaN,
        "Diluted NI Availto Com Stockholders": NaN,
        "Average Dilution Earnings": NaN,
        "Net Income Common Stockholders": NaN,
        "Net Income": NaN,
        "Minority Interests": NaN,
        "Net Income Including Noncontrolling Interests": NaN,
        "Net Income Continuous Operations": NaN,
        "Tax Provision": NaN,
        "Pretax Income": NaN,
        "Other Income Expense": NaN,
        "Special Income Charges": NaN,
        "Gain On Sale Of Ppe": NaN,
        "Write Off": 0.0,
        "Impairment Of Capital Assets": 0.0,
        "Restructuring And Mergern Acquisition": NaN,
        "Earnings From Equity Interest": NaN,
        "Gain On Sale Of Security": NaN,
        "Net Non Operating Interest Income Expense": NaN,
        "Total Other Finance Cost": NaN,
        "Interest Expense Non Operating": NaN,
        "Operating Income": NaN,
        "Operating Expense": NaN,
        "Other Operating Expenses": NaN,
        "Selling General And Administration": NaN,
        "General And Administrative Expense": NaN,
        "Other Gand A": NaN,
        "Gross Profit": NaN,
        "Cost Of Revenue": NaN,
        "Total Revenue": NaN,
        "Operating Revenue": NaN
    },
    "2022-09-30": {
        "Tax Effect Of Unusual Items": NaN,
        "Tax Rate For Calcs": NaN,
        "Normalized EBITDA": NaN,
        "Total Unusual Items": NaN,
        "Total Unusual Items Excluding Goodwill": NaN,
        "Net Income From Continuing Operation Net Minority Interest": NaN,
        "Reconciled Depreciation": NaN,
        "Reconciled Cost Of Revenue": NaN,
        "EBITDA": NaN,
        "EBIT": NaN,
        "Net Interest Income": NaN,
        "Interest Expense": NaN,
        "Normalized Income": NaN,
        "Net Income From Continuing And Discontinued Operation": NaN,
        "Total Expenses": NaN,
        "Total Operating Income As Reported": NaN,
        "Diluted Average Shares": NaN,
        "Basic Average Shares": NaN,
        "Diluted EPS": NaN,
        "Basic EPS": NaN,
        "Diluted NI Availto Com Stockholders": NaN,
        "Net Income Common Stockholders": NaN,
        "Net Income": NaN,
        "Minority Interests": NaN,
        "Net Income Including Noncontrolling Interests": NaN,
        "Net Income Continuous Operations": NaN,
        "Tax Provision": NaN,
        "Pretax Income": NaN,
        "Other Income Expense": NaN,
        "Special Income Charges": NaN,
        "Gain On Sale Of Ppe": NaN,
        "Impairment Of Capital Assets": 0.0,
        "Restructuring And Mergern Acquisition": NaN,
        "Earnings From Equity Interest": NaN,
        "Gain On Sale Of Security": NaN,
        "Net Non Operating Interest Income Expense": NaN,
        "Total Other Finance Cost": NaN,
        "Interest Expense Non Operating": NaN,
        "Operating Income": NaN,
        "Operating Expense": NaN,
        "Other Operating Expenses": NaN,
        "Selling General And Administration": NaN,
        "General And Administrative Expense": NaN,
        "Other Gand A": NaN,
        "Gross Profit": NaN,
        "Cost Of Revenue": NaN,
        "Total Revenue": NaN,
        "Operating Revenue": NaN
    },
    "2022-06-30": {
        "Tax Effect Of Unusual Items": -43472800.0,
        "Tax Rate For Calcs": 0.4,
        "Normalized EBITDA": 17259000.0,
        "Total Unusual Items": -108682000.0,
        "Total Unusual Items Excluding Goodwill": -108682000.0,
        "Net Income From Continuing Operation Net Minority Interest": -173982000.0,
        "Reconciled Depreciation": 74327000.0,
        "Reconciled Cost Of Revenue": 372121000.0,
        "EBITDA": -91423000.0,
        "EBIT": -165750000.0,
        "Net Interest Income": -1589000.0,
        "Interest Expense": 1014000.0,
        "Normalized Income": -108772800.0,
        "Net Income From Continuing And Discontinued Operation": -173982000.0,
        "Total Expenses": 396962000.0,
        "Total Operating Income As Reported": -153811000.0,
        "Diluted Average Shares": 210514000.0,
        "Basic Average Shares": 210514000.0,
        "Diluted EPS": -0.83,
        "Basic EPS": -0.83,
        "Diluted NI Availto Com Stockholders": -173982000.0,
        "Net Income Common Stockholders": -173982000.0,
        "Net Income": -173982000.0,
        "Minority Interests": -350000.0,
        "Net Income Including Noncontrolling Interests": -173632000.0,
        "Net Income Continuous Operations": -173632000.0,
        "Tax Provision": 6868000.0,
        "Pretax Income": -166764000.0,
        "Other Income Expense": -108682000.0,
        "Special Income Charges": -99586000.0,
        "Gain On Sale Of Ppe": -522000.0,
        "Impairment Of Capital Assets": 99064000.0,
        "Restructuring And Mergern Acquisition": NaN,
        "Earnings From Equity Interest": 0.0,
        "Gain On Sale Of Security": -9096000.0,
        "Net Non Operating Interest Income Expense": -1589000.0,
        "Total Other Finance Cost": 575000.0,
        "Interest Expense Non Operating": 1014000.0,
        "Operating Income": -56493000.0,
        "Operating Expense": 24841000.0,
        "Other Operating Expenses": 4235000.0,
        "Selling General And Administration": 8315000.0,
        "General And Administrative Expense": 8315000.0,
        "Other Gand A": 8315000.0,
        "Gross Profit": -31652000.0,
        "Cost Of Revenue": 372121000.0,
        "Total Revenue": 340469000.0,
        "Operating Revenue": 340469000.0
    },
    "2022-03-31": {
        "Diluted EPS": 0.36,
        "Total Revenue": 440,
        "Gross Profit": 151,
        "Operating Income": 41,
        "EBIT": 126,
        "Net Income": 77
    },
    "2021-12-31": {
        "Diluted EPS": 0.06,
        "Total Revenue": 422,
        "Gross Profit": 149,
        "Operating Income": 51,
        "EBIT": 127,
        "Net Income": 14
    },
    "2021-09-30": {
        "Diluted EPS": 0.1,
        "Total Revenue": 460,
        "Gross Profit": 183,
        "Operating Income": 74,
        "EBIT": 157,
        "Net Income": 20
    },
    "2021-06-30": {
        "Diluted EPS": 0.34,
        "Total Revenue": 382,
        "Gross Profit": 175,
        "Operating Income": 83,
        "EBIT": 152,
        "Net Income": 71
    },
    "2021-03-31": {
        "Diluted EPS": -0.04,
        "Total Revenue": 368,
        "Gross Profit": 168,
        "Operating Income": 71,
        "EBIT": 146,
        "Net Income": -8
    },
    "2020-12-31": {
        "Diluted EPS": 0.81,
        "Total Revenue": 430,
        "Gross Profit": 217,
        "Operating Income": 112,
        "EBIT": 190,
        "Net Income": 169
    },
    "2020-09-30": {
        "Diluted EPS": 0.31,
        "Total Revenue": 300,
        "Gross Profit": 156,
        "Operating Income": 83,
        "EBIT": 137,
        "Net Income": 66
    },
    "2020-06-30": {
        "Diluted EPS": 0.1,
        "Total Revenue": 250,
        "Gross Profit": 49,
        "Operating Income": -20,
        "EBIT": 41,
        "Net Income": 20
    },
    "2020-03-31": {
        "Diluted EPS": -0.37,
        "Total Revenue": 358,
        "Gross Profit": 118,
        "Operating Income": 14,
        "EBIT": 92,
        "Net Income": -77
    },
    "2019-12-31": {
        "Diluted EPS": 0.26,
        "Total Revenue": 404,
        "Gross Profit": 167,
        "Operating Income": 77,
        "EBIT": 145,
        "Net Income": 52
    },
    "2019-09-30": {
        "Diluted EPS": 0.18,
        "Total Revenue": 352,
        "Gross Profit": 141,
        "Operating Income": 40,
        "EBIT": 118,
        "Net Income": 38
    },
    "2019-06-30": {
        "Diluted EPS": 0.09,
        "Total Revenue": 340,
        "Gross Profit": 110,
        "Operating Income": 31,
        "EBIT": 89,
        "Net Income": 18
    },
    "2019-03-31": {
        "Diluted EPS": 0.02,
        "Total Revenue": 254,
        "Gross Profit": 68,
        "Operating Income": 1,
        "EBIT": 50,
        "Net Income": 3
    },
    "2018-12-31": {
        "Diluted EPS": -0.42,
        "Total Revenue": 173,
        "Gross Profit": 37,
        "Operating Income": -26,
        "EBIT": 12,
        "Net Income": -64
    },
    "2018-09-30": {
        "Diluted EPS": -0.06,
        "Total Revenue": 188,
        "Gross Profit": 37,
        "Operating Income": -15,
        "EBIT": 23,
        "Net Income": -9
    },
    "2018-06-30": {
        "Diluted EPS": 0.24,
        "Total Revenue": 216,
        "Gross Profit": 100,
        "Operating Income": 42,
        "EBIT": 80,
        "Net Income": 36
    },
    "2018-03-31": {
        "Diluted EPS": 0.31,
        "Total Revenue": 207,
        "Gross Profit": 95,
        "Operating Income": 47,
        "EBIT": 82,
        "Net Income": 47
    },
    "2017-12-31": {
        "Diluted EPS": 0.32,
        "Total Revenue": 226,
        "Gross Profit": 86,
        "Operating Income": 29,
        "EBIT": 63,
        "Net Income": 49
    },
    "2017-09-30": {
        "Diluted EPS": 0.11,
        "Total Revenue": 191,
        "Gross Profit": 81,
        "Operating Income": 30,
        "EBIT": 59,
        "Net Income": 17
    },
    "2017-06-30": {
        "Diluted EPS": 0.23,
        "Total Revenue": 201,
        "Gross Profit": 79,
        "Operating Income": 36,
        "EBIT": 67,
        "Net Income": 35
    },
    "2017-03-31": {
        "Diluted EPS": 0.13,
        "Total Revenue": 199,
        "Gross Profit": 69,
        "Operating Income": 29,
        "EBIT": 59,
        "Net Income": 19
    },
    "2016-12-31": {
        "Diluted EPS": 0.15,
        "Total Revenue": 191,
        "Gross Profit": 80,
        "Operating Income": 37,
        "EBIT": 60,
        "Net Income": 22
    },
    "2016-09-30": {
        "Diluted EPS": 0.28,
        "Total Revenue": 234,
        "Gross Profit": 131,
        "Operating Income": 75,
        "EBIT": 108,
        "Net Income": 43
    },
    "2016-06-30": {
        "Diluted EPS": 0.22,
        "Total Revenue": 192,
        "Gross Profit": 83,
        "Operating Income": 32,
        "EBIT": 62,
        "Net Income": 34
    },
    "2016-03-31": {
        "Diluted EPS": 0.01,
        "Total Revenue": 158,
        "Gross Profit": 52,
        "Operating Income": 7,
        "EBIT": 37,
        "Net Income": 2
    },
    "2015-12-31": {
        "Diluted EPS": -0.88,
        "Total Revenue": 163,
        "Gross Profit": 35,
        "Operating Income": -22,
        "EBIT": 14,
        "Net Income": -133
    },
    "2015-09-30": {
        "Diluted EPS": -0.44,
        "Total Revenue": 159,
        "Gross Profit": 16,
        "Operating Income": -40,
        "EBIT": -3,
        "Net Income": -67
    },
    "2015-06-30": {
        "Diluted EPS": -0.05,
        "Total Revenue": 174,
        "Gross Profit": 42,
        "Operating Income": -7,
        "EBIT": 30,
        "Net Income": -7
    },
    "2015-03-31": {
        "Diluted EPS": -0.13,
        "Total Revenue": 178,
        "Gross Profit": 49,
        "Operating Income": -12,
        "EBIT": 29,
        "Net Income": -19
    },
    "2014-12-31": {
        "Diluted EPS": -3.48,
        "Total Revenue": 163,
        "Gross Profit": 22,
        "Operating Income": -66,
        "EBIT": -27,
        "Net Income": -527
    },
    "2014-09-30": {
        "Diluted EPS": -0.15,
        "Total Revenue": 178,
        "Gross Profit": 28,
        "Operating Income": -14,
        "EBIT": 20,
        "Net Income": -20
    },
    "2014-06-30": {
        "Diluted EPS": -0.04,
        "Total Revenue": 201,
        "Gross Profit": 55,
        "Operating Income": 9,
        "EBIT": 47,
        "Net Income": -6
    },
    "2014-03-31": {
        "Diluted EPS": 0.05,
        "Total Revenue": 210,
        "Gross Profit": 79,
        "Operating Income": 33,
        "EBIT": 70,
        "Net Income": 7
    },
    "2013-12-31": {
        "Diluted EPS": -1.94,
        "Total Revenue": 192,
        "Gross Profit": 56,
        "Operating Income": 20,
        "EBIT": 52,
        "Net Income": -294
    },
    "2013-09-30": {
        "Diluted EPS": 0.09,
        "Total Revenue": 214,
        "Gross Profit": 84,
        "Operating Income": 35,
        "EBIT": 77,
        "Net Income": 14
    },
    "2013-06-30": {
        "Diluted EPS": -1.23,
        "Total Revenue": 176,
        "Gross Profit": 40,
        "Operating Income": -3,
        "EBIT": 30,
        "Net Income": -187
    },
    "2013-03-31": {
        "Diluted EPS": 0.13,
        "Total Revenue": 243,
        "Gross Profit": 114,
        "Operating Income": 72,
        "EBIT": 102,
        "Net Income": 20
    },
    "2012-12-31": {
        "Diluted EPS": -0.24,
        "Total Revenue": 247,
        "Gross Profit": 123,
        "Operating Income": 76,
        "EBIT": 108,
        "Net Income": -29
    },
    "2012-09-30": {
        "Diluted EPS": 0.15,
        "Total Revenue": 252,
        "Gross Profit": 114,
        "Operating Income": 70,
        "EBIT": 101,
        "Net Income": 23
    },
    "2012-06-30": {
        "Diluted EPS": 0.23,
        "Total Revenue": 201,
        "Gross Profit": 87,
        "Operating Income": 45,
        "EBIT": 70,
        "Net Income": 44
    },
    "2012-03-31": {
        "Diluted EPS": 0.47,
        "Total Revenue": 229,
        "Gross Profit": 131,
        "Operating Income": 98,
        "EBIT": 119,
        "Net Income": 50
    },
    "2011-12-31": {
        "Diluted EPS": 0.9,
        "Total Revenue": 212,
        "Gross Profit": 170,
        "Operating Income": 92,
        "EBIT": 116,
        "Net Income": 95
    },
    "2011-09-30": {
        "Diluted EPS": 0.48,
        "Total Revenue": 221,
        "Gross Profit": 106,
        "Operating Income": 92,
        "EBIT": 112,
        "Net Income": 52
    },
    "2011-06-30": {
        "Diluted EPS": 1.04,
        "Total Revenue": 232,
        "Gross Profit": 119,
        "Operating Income": 107,
        "EBIT": 127,
        "Net Income": 113
    },
    "2011-03-31": {
        "Diluted EPS": 0.86,
        "Total Revenue": 191,
        "Gross Profit": 119,
        "Operating Income": 93,
        "EBIT": 113,
        "Net Income": 93
    },
    "2010-12-31": {
        "Diluted EPS": 0.43,
        "Total Revenue": 191,
        "Gross Profit": 112,
        "Operating Income": 85,
        "EBIT": 106,
        "Net Income": 46
    },
    "2010-09-30": {
        "Diluted EPS": 0.27,
        "Total Revenue": 161,
        "Gross Profit": 84,
        "Operating Income": 47,
        "EBIT": 70,
        "Net Income": 29
    },
    "2010-06-30": {
        "Diluted EPS": 0.17,
        "Total Revenue": 147,
        "Gross Profit": 74,
        "Operating Income": 34,
        "EBIT": 57,
        "Net Income": 18
    },
    "2010-03-31": {
        "Diluted EPS": 0.18,
        "Total Revenue": 132,
        "Gross Profit": 57,
        "Operating Income": 28,
        "EBIT": 48,
        "Net Income": 19
    },
    "2009-12-31": {
        "Diluted EPS": 0.31,
        "Total Revenue": 154,
        "Gross Profit": 82,
        "Operating Income": 50,
        "EBIT": 74,
        "Net Income": 28
    },
    "2009-09-30": {
        "Diluted EPS": 0.2,
        "Total Revenue": 119,
        "Gross Profit": 57,
        "Operating Income": 28,
        "EBIT": 50,
        "Net Income": 17
    },
    "2009-06-30": {
        "Diluted EPS": 0.12,
        "Total Revenue": 111,
        "Gross Profit": 45,
        "Operating Income": 14,
        "EBIT": 36,
        "Net Income": 10
    },
    "2009-03-31": {
        "Diluted EPS": 0.08,
        "Total Revenue": 70,
        "Gross Profit": 25,
        "Operating Income": 7,
        "EBIT": 22,
        "Net Income": 7
    },
    "2023-06-30": {
        "Tax Effect Of Unusual Items": NaN,
        "Tax Rate For Calcs": NaN,
        "Normalized EBITDA": NaN,
        "Total Unusual Items": NaN,
        "Total Unusual Items Excluding Goodwill": NaN,
        "Net Income From Continuing Operation Net Minority Interest": NaN,
        "Reconciled Depreciation": NaN,
        "Reconciled Cost Of Revenue": NaN,
        "EBITDA": NaN,
        "EBIT": NaN,
        "Net Interest Income": NaN,
        "Interest Expense": NaN,
        "Normalized Income": NaN,
        "Net Income From Continuing And Discontinued Operation": NaN,
        "Total Expenses": NaN,
        "Total Operating Income As Reported": NaN,
        "Diluted Average Shares": 364439000.0,
        "Basic Average Shares": 364439000.0,
        "Diluted EPS": -0.09,
        "Basic EPS": -0.09,
        "Diluted NI Availto Com Stockholders": NaN,
        "Average Dilution Earnings": 0.0,
        "Net Income Common Stockholders": NaN,
        "Net Income": NaN,
        "Minority Interests": NaN,
        "Net Income Including Noncontrolling Interests": NaN,
        "Net Income Continuous Operations": NaN,
        "Tax Provision": NaN,
        "Pretax Income": NaN,
        "Other Income Expense": NaN,
        "Special Income Charges": NaN,
        "Gain On Sale Of Ppe": NaN,
        "Write Off": 42400000.0,
        "Impairment Of Capital Assets": NaN,
        "Restructuring And Mergern Acquisition": NaN,
        "Earnings From Equity Interest": 0.0,
        "Gain On Sale Of Security": NaN,
        "Net Non Operating Interest Income Expense": NaN,
        "Total Other Finance Cost": NaN,
        "Interest Expense Non Operating": NaN,
        "Operating Income": NaN,
        "Operating Expense": NaN,
        "Other Operating Expenses": NaN,
        "Selling General And Administration": NaN,
        "General And Administrative Expense": NaN,
        "Other Gand A": NaN,
        "Gross Profit": NaN,
        "Cost Of Revenue": NaN,
        "Total Revenue": NaN,
        "Operating Revenue": NaN
    },
    "2023-09-30": {
        "Tax Effect Of Unusual Items": NaN,
        "Tax Rate For Calcs": NaN,
        "Normalized EBITDA": NaN,
        "Total Unusual Items": NaN,
        "Total Unusual Items Excluding Goodwill": NaN,
        "Net Income From Continuing Operation Net Minority Interest": NaN,
        "Reconciled Depreciation": NaN,
        "Reconciled Cost Of Revenue": NaN,
        "EBITDA": NaN,
        "EBIT": NaN,
        "Net Interest Income": NaN,
        "Interest Expense": NaN,
        "Normalized Income": NaN,
        "Net Income From Continuing And Discontinued Operation": NaN,
        "Total Expenses": NaN,
        "Total Operating Income As Reported": NaN,
        "Diluted Average Shares": 364439000.0,
        "Basic Average Shares": 364439000.0,
        "Diluted EPS": -0.05,
        "Basic EPS": -0.05,
        "Diluted NI Availto Com Stockholders": NaN,
        "Average Dilution Earnings": 0.0,
        "Net Income Common Stockholders": NaN,
        "Net Income": NaN,
        "Minority Interests": NaN,
        "Net Income Including Noncontrolling Interests": NaN,
        "Net Income Continuous Operations": NaN,
        "Tax Provision": NaN,
        "Pretax Income": NaN,
        "Other Income Expense": NaN,
        "Special Income Charges": NaN,
        "Gain On Sale Of Ppe": NaN,
        "Write Off": 0.0,
        "Impairment Of Capital Assets": 0.0,
        "Restructuring And Mergern Acquisition": NaN,
        "Earnings From Equity Interest": 0.0,
        "Gain On Sale Of Security": NaN,
        "Net Non Operating Interest Income Expense": NaN,
        "Total Other Finance Cost": NaN,
        "Interest Expense Non Operating": NaN,
        "Operating Income": NaN,
        "Operating Expense": NaN,
        "Other Operating Expenses": NaN,
        "Selling General And Administration": NaN,
        "General And Administrative Expense": NaN,
        "Other Gand A": NaN,
        "Gross Profit": NaN,
        "Cost Of Revenue": NaN,
        "Total Revenue": NaN,
        "Operating Revenue": NaN
    },
    "2023-12-31": {
        "Tax Effect Of Unusual Items": NaN,
        "Tax Rate For Calcs": NaN,
        "Normalized EBITDA": NaN,
        "Total Unusual Items": NaN,
        "Total Unusual Items Excluding Goodwill": NaN,
        "Net Income From Continuing Operation Net Minority Interest": NaN,
        "Reconciled Depreciation": NaN,
        "Reconciled Cost Of Revenue": NaN,
        "EBITDA": NaN,
        "EBIT": NaN,
        "Net Interest Income": NaN,
        "Interest Expense": NaN,
        "Normalized Income": NaN,
        "Net Income From Continuing And Discontinued Operation": NaN,
        "Total Expenses": NaN,
        "Total Operating Income As Reported": NaN,
        "Diluted Average Shares": NaN,
        "Basic Average Shares": NaN,
        "Diluted EPS": NaN,
        "Basic EPS": NaN,
        "Diluted NI Availto Com Stockholders": NaN,
        "Average Dilution Earnings": NaN,
        "Net Income Common Stockholders": NaN,
        "Net Income": NaN,
        "Minority Interests": NaN,
        "Net Income Including Noncontrolling Interests": NaN,
        "Net Income Continuous Operations": NaN,
        "Tax Provision": NaN,
        "Pretax Income": NaN,
        "Other Income Expense": NaN,
        "Special Income Charges": NaN,
        "Gain On Sale Of Ppe": NaN,
        "Write Off": 36200000.0,
        "Impairment Of Capital Assets": 36200000.0,
        "Restructuring And Mergern Acquisition": 300000.0,
        "Earnings From Equity Interest": 0.0,
        "Gain On Sale Of Security": NaN,
        "Net Non Operating Interest Income Expense": NaN,
        "Total Other Finance Cost": NaN,
        "Interest Expense Non Operating": NaN,
        "Operating Income": NaN,
        "Operating Expense": NaN,
        "Other Operating Expenses": NaN,
        "Selling General And Administration": NaN,
        "General And Administrative Expense": NaN,
        "Other Gand A": NaN,
        "Gross Profit": NaN,
        "Cost Of Revenue": NaN,
        "Total Revenue": NaN,
        "Operating Revenue": NaN
    },
    "2024-03-31": {
        "Tax Effect Of Unusual Items": -1455000.0,
        "Tax Rate For Calcs": 0.15,
        "Normalized EBITDA": 149300000.0,
        "Total Unusual Items": -9700000.0,
        "Total Unusual Items Excluding Goodwill": -9700000.0,
        "Net Income From Continuing Operation Net Minority Interest": -30900000.0,
        "Reconciled Depreciation": 124400000.0,
        "Reconciled Cost Of Revenue": 530400000.0,
        "EBITDA": 139600000.0,
        "EBIT": 15200000.0,
        "Net Interest Income": -12500000.0,
        "Interest Expense": 11600000.0,
        "Normalized Income": -22655000.0,
        "Net Income From Continuing And Discontinued Operation": -30900000.0,
        "Total Expenses": 575600000.0,
        "Total Operating Income As Reported": 34800000.0,
        "Diluted Average Shares": 364486000.0,
        "Basic Average Shares": 364486000.0,
        "Diluted EPS": -0.08,
        "Basic EPS": -0.08,
        "Diluted NI Availto Com Stockholders": -30900000.0,
        "Average Dilution Earnings": NaN,
        "Net Income Common Stockholders": -30900000.0,
        "Net Income": -30900000.0,
        "Minority Interests": -100000.0,
        "Net Income Including Noncontrolling Interests": -30800000.0,
        "Net Income Continuous Operations": -30800000.0,
        "Tax Provision": 34400000.0,
        "Pretax Income": 3600000.0,
        "Other Income Expense": -9700000.0,
        "Special Income Charges": 300000.0,
        "Gain On Sale Of Ppe": 300000.0,
        "Write Off": NaN,
        "Impairment Of Capital Assets": NaN,
        "Restructuring And Mergern Acquisition": 0.0,
        "Earnings From Equity Interest": -100000.0,
        "Gain On Sale Of Security": -10000000.0,
        "Net Non Operating Interest Income Expense": -12500000.0,
        "Total Other Finance Cost": 900000.0,
        "Interest Expense Non Operating": 11600000.0,
        "Operating Income": 25800000.0,
        "Operating Expense": 45200000.0,
        "Other Operating Expenses": 14100000.0,
        "Selling General And Administration": 22400000.0,
        "General And Administrative Expense": 22400000.0,
        "Other Gand A": 22400000.0,
        "Gross Profit": 71000000.0,
        "Cost Of Revenue": 530400000.0,
        "Total Revenue": 601400000.0,
        "Operating Revenue": 601400000.0
    },
    "2024-06-30": {
        "Tax Effect Of Unusual Items": 1095000.0,
        "Tax Rate For Calcs": 0.15,
        "Normalized EBITDA": 204600000.0,
        "Total Unusual Items": 7300000.0,
        "Total Unusual Items Excluding Goodwill": 7300000.0,
        "Net Income From Continuing Operation Net Minority Interest": -21900000.0,
        "Reconciled Depreciation": 128400000.0,
        "Reconciled Cost Of Revenue": 569400000.0,
        "EBITDA": 211900000.0,
        "EBIT": 83500000.0,
        "Net Interest Income": -12800000.0,
        "Interest Expense": 11800000.0,
        "Normalized Income": -28105000.0,
        "Net Income From Continuing And Discontinued Operation": -21900000.0,
        "Total Expenses": 609100000.0,
        "Total Operating Income As Reported": 89400000.0,
        "Diluted Average Shares": 362954000.0,
        "Basic Average Shares": 362954000.0,
        "Diluted EPS": -0.06,
        "Basic EPS": -0.06,
        "Diluted NI Availto Com Stockholders": -21900000.0,
        "Average Dilution Earnings": 0.0,
        "Net Income Common Stockholders": -21900000.0,
        "Net Income": -21900000.0,
        "Minority Interests": -500000.0,
        "Net Income Including Noncontrolling Interests": -21400000.0,
        "Net Income Continuous Operations": -21400000.0,
        "Tax Provision": 93100000.0,
        "Pretax Income": 71700000.0,
        "Other Income Expense": 7300000.0,
        "Special Income Charges": -1200000.0,
        "Gain On Sale Of Ppe": -1200000.0,
        "Write Off": 0.0,
        "Impairment Of Capital Assets": 0.0,
        "Restructuring And Mergern Acquisition": 0.0,
        "Earnings From Equity Interest": NaN,
        "Gain On Sale Of Security": 8500000.0,
        "Net Non Operating Interest Income Expense": -12800000.0,
        "Total Other Finance Cost": 1000000.0,
        "Interest Expense Non Operating": 11800000.0,
        "Operating Income": 77200000.0,
        "Operating Expense": 39700000.0,
        "Other Operating Expenses": 7200000.0,
        "Selling General And Administration": 23700000.0,
        "General And Administrative Expense": 23700000.0,
        "Other Gand A": 23700000.0,
        "Gross Profit": 116900000.0,
        "Cost Of Revenue": 569400000.0,
        "Total Revenue": 686300000.0,
        "Operating Revenue": 686300000.0
    },
    "2024-09-30": {
        "Tax Effect Of Unusual Items": 495000.0,
        "Tax Rate For Calcs": 0.15,
        "Normalized EBITDA": 269200000.0,
        "Total Unusual Items": 3300000.0,
        "Total Unusual Items Excluding Goodwill": 3300000.0,
        "Net Income From Continuing Operation Net Minority Interest": 56700000.0,
        "Reconciled Depreciation": 130200000.0,
        "Reconciled Cost Of Revenue": 540400000.0,
        "EBITDA": 272500000.0,
        "EBIT": 142300000.0,
        "Net Interest Income": -12900000.0,
        "Interest Expense": 11900000.0,
        "Normalized Income": 53895000.0,
        "Net Income From Continuing And Discontinued Operation": 56700000.0,
        "Total Expenses": 576100000.0,
        "Total Operating Income As Reported": 151900000.0,
        "Diluted Average Shares": 363068000.0,
        "Basic Average Shares": 362996000.0,
        "Diluted EPS": 0.16,
        "Basic EPS": 0.16,
        "Diluted NI Availto Com Stockholders": 56700000.0,
        "Average Dilution Earnings": 0.0,
        "Net Income Common Stockholders": 56700000.0,
        "Net Income": 56700000.0,
        "Minority Interests": -400000.0,
        "Net Income Including Noncontrolling Interests": 57100000.0,
        "Net Income Continuous Operations": 57100000.0,
        "Tax Provision": 73300000.0,
        "Pretax Income": 130400000.0,
        "Other Income Expense": 3300000.0,
        "Special Income Charges": -3000000.0,
        "Gain On Sale Of Ppe": -3000000.0,
        "Write Off": 0.0,
        "Impairment Of Capital Assets": 0.0,
        "Restructuring And Mergern Acquisition": 0.0,
        "Earnings From Equity Interest": NaN,
        "Gain On Sale Of Security": 6300000.0,
        "Net Non Operating Interest Income Expense": -12900000.0,
        "Total Other Finance Cost": 1000000.0,
        "Interest Expense Non Operating": 11900000.0,
        "Operating Income": 140000000.0,
        "Operating Expense": 35700000.0,
        "Other Operating Expenses": 10900000.0,
        "Selling General And Administration": 17400000.0,
        "General And Administrative Expense": 17400000.0,
        "Other Gand A": 17400000.0,
        "Gross Profit": 175700000.0,
        "Cost Of Revenue": 540400000.0,
        "Total Revenue": 716100000.0,
        "Operating Revenue": 716100000.0
    },
    "2024-12-31": {
        "Tax Effect Of Unusual Items": -525000.0,
        "Tax Rate For Calcs": 0.15,
        "Normalized EBITDA": 430500000.0,
        "Total Unusual Items": -3500000.0,
        "Total Unusual Items Excluding Goodwill": -3500000.0,
        "Net Income From Continuing Operation Net Minority Interest": 107600000.0,
        "Reconciled Depreciation": 188700000.0,
        "Reconciled Cost Of Revenue": 630200000.0,
        "EBITDA": 427000000.0,
        "EBIT": 238300000.0,
        "Net Interest Income": -15200000.0,
        "Interest Expense": 12300000.0,
        "Normalized Income": 110575000.0,
        "Net Income From Continuing And Discontinued Operation": 107600000.0,
        "Total Expenses": 707800000.0,
        "Total Operating Income As Reported": 254600000.0,
        "Diluted Average Shares": NaN,
        "Basic Average Shares": NaN,
        "Diluted EPS": NaN,
        "Basic EPS": NaN,
        "Diluted NI Availto Com Stockholders": 107600000.0,
        "Average Dilution Earnings": NaN,
        "Net Income Common Stockholders": 107600000.0,
        "Net Income": 107600000.0,
        "Minority Interests": -200000.0,
        "Net Income Including Noncontrolling Interests": 107800000.0,
        "Net Income Continuous Operations": 107800000.0,
        "Tax Provision": 118200000.0,
        "Pretax Income": 226000000.0,
        "Other Income Expense": 133900000.0,
        "Special Income Charges": 2500000.0,
        "Gain On Sale Of Ppe": 2500000.0,
        "Write Off": NaN,
        "Impairment Of Capital Assets": 0.0,
        "Restructuring And Mergern Acquisition": 0.0,
        "Earnings From Equity Interest": NaN,
        "Gain On Sale Of Security": -6000000.0,
        "Net Non Operating Interest Income Expense": -15200000.0,
        "Total Other Finance Cost": 2900000.0,
        "Interest Expense Non Operating": 12300000.0,
        "Operating Income": 107300000.0,
        "Operating Expense": 77600000.0,
        "Other Operating Expenses": 63900000.0,
        "Selling General And Administration": 6300000.0,
        "General And Administrative Expense": 6300000.0,
        "Other Gand A": 6300000.0,
        "Gross Profit": 184900000.0,
        "Cost Of Revenue": 630200000.0,
        "Total Revenue": 815100000.0,
        "Operating Revenue": 815100000.0
    },
    "2025-03-31": {
        "Tax Effect Of Unusual Items": 4316129.032258,
        "Tax Rate For Calcs": 0.208509,
        "Normalized EBITDA": 324300000.0,
        "Total Unusual Items": 20700000.0,
        "Total Unusual Items Excluding Goodwill": 20700000.0,
        "Net Income From Continuing Operation Net Minority Interest": 168700000.0,
        "Reconciled Depreciation": 119400000.0,
        "Reconciled Cost Of Revenue": 522400000.0,
        "EBITDA": 345000000.0,
        "EBIT": 225600000.0,
        "Net Interest Income": -13000000.0,
        "Interest Expense": 11700000.0,
        "Normalized Income": 152316129.032258,
        "Net Income From Continuing And Discontinued Operation": 168700000.0,
        "Total Expenses": 567000000.0,
        "Total Operating Income As Reported": 228200000.0,
        "Diluted Average Shares": 362520000.0,
        "Basic Average Shares": 362408000.0,
        "Diluted EPS": 0.47,
        "Basic EPS": 0.47,
        "Diluted NI Availto Com Stockholders": 168700000.0,
        "Average Dilution Earnings": NaN,
        "Net Income Common Stockholders": 168700000.0,
        "Net Income": 168700000.0,
        "Minority Interests": -600000.0,
        "Net Income Including Noncontrolling Interests": 169300000.0,
        "Net Income Continuous Operations": 169300000.0,
        "Tax Provision": 44600000.0,
        "Pretax Income": 213900000.0,
        "Other Income Expense": 20700000.0,
        "Special Income Charges": -500000.0,
        "Gain On Sale Of Ppe": -500000.0,
        "Write Off": NaN,
        "Impairment Of Capital Assets": NaN,
        "Restructuring And Mergern Acquisition": NaN,
        "Earnings From Equity Interest": NaN,
        "Gain On Sale Of Security": 21200000.0,
        "Net Non Operating Interest Income Expense": -13000000.0,
        "Total Other Finance Cost": 1300000.0,
        "Interest Expense Non Operating": 11700000.0,
        "Operating Income": 206200000.0,
        "Operating Expense": 44600000.0,
        "Other Operating Expenses": 12400000.0,
        "Selling General And Administration": 24500000.0,
        "General And Administrative Expense": 24500000.0,
        "Other Gand A": 24500000.0,
        "Gross Profit": 250800000.0,
        "Cost Of Revenue": 522400000.0,
        "Total Revenue": 773200000.0,
        "Operating Revenue": 773200000.0
    }
}