{
    "2023-03-31": {
        "Tax Effect Of Unusual Items": NaN,
        "Tax Rate For Calcs": NaN,
        "Normalized EBITDA": NaN,
        "Total Unusual Items": NaN,
        "Total Unusual Items Excluding Goodwill": NaN,
        "Net Income From Continuing Operation Net Minority Interest": NaN,
        "Reconciled Depreciation": NaN,
        "Reconciled Cost Of Revenue": NaN,
        "EBITDA": NaN,
        "EBIT": NaN,
        "Net Interest Income": NaN,
        "Interest Expense": NaN,
        "Normalized Income": NaN,
        "Net Income From Continuing And Discontinued Operation": NaN,
        "Total Expenses": NaN,
        "Total Operating Income As Reported": NaN,
        "Diluted Average Shares": NaN,
        "Basic Average Shares": NaN,
        "Diluted EPS": NaN,
        "Basic EPS": NaN,
        "Diluted NI Availto Com Stockholders": NaN,
        "Net Income Common Stockholders": NaN,
        "Net Income": NaN,
        "Net Income Including Noncontrolling Interests": NaN,
        "Net Income Continuous Operations": NaN,
        "Tax Provision": NaN,
        "Pretax Income": NaN,
        "Other Income Expense": NaN,
        "Other Non Operating Income Expenses": NaN,
        "Special Income Charges": NaN,
        "Other Special Charges": NaN,
        "Impairment Of Capital Assets": NaN,
        "Restructuring And Mergern Acquisition": NaN,
        "Net Non Operating Interest Income Expense": NaN,
        "Total Other Finance Cost": 156000.0,
        "Interest Expense Non Operating": NaN,
        "Operating Income": NaN,
        "Operating Expense": NaN,
        "Depreciation Amortization Depletion Income Statement": NaN,
        "Depreciation And Amortization In Income Statement": NaN,
        "Amortization": NaN,
        "Amortization Of Intangibles Income Statement": NaN,
        "Research And Development": NaN,
        "Selling General And Administration": NaN,
        "Gross Profit": NaN,
        "Cost Of Revenue": NaN,
        "Total Revenue": NaN,
        "Operating Revenue": NaN
    },
    "2022-12-31": {
        "Tax Effect Of Unusual Items": 0.0,
        "Tax Rate For Calcs": 0.0,
        "Normalized EBITDA": -71132000.0,
        "Total Unusual Items": -4598000.0,
        "Total Unusual Items Excluding Goodwill": -4598000.0,
        "Net Income From Continuing Operation Net Minority Interest": -84384000.0,
        "Reconciled Depreciation": 4544000.0,
        "Reconciled Cost Of Revenue": 22213000.0,
        "EBITDA": -75730000.0,
        "EBIT": -80274000.0,
        "Net Interest Income": -3648000.0,
        "Interest Expense": 4110000.0,
        "Normalized Income": -79786000.0,
        "Net Income From Continuing And Discontinued Operation": -84384000.0,
        "Total Expenses": 109839000.0,
        "Total Operating Income As Reported": -87084000.0,
        "Diluted Average Shares": 226241000.0,
        "Basic Average Shares": 226241000.0,
        "Diluted EPS": -0.37,
        "Basic EPS": -0.37,
        "Diluted NI Availto Com Stockholders": -84384000.0,
        "Net Income Common Stockholders": -84384000.0,
        "Net Income": -84384000.0,
        "Net Income Including Noncontrolling Interests": -84384000.0,
        "Net Income Continuous Operations": -84384000.0,
        "Tax Provision": 0.0,
        "Pretax Income": -84384000.0,
        "Other Income Expense": 1750000.0,
        "Other Non Operating Income Expenses": 6348000.0,
        "Special Income Charges": -4598000.0,
        "Other Special Charges": NaN,
        "Restructuring And Mergern Acquisition": 4598000.0,
        "Net Non Operating Interest Income Expense": -3648000.0,
        "Total Other Finance Cost": NaN,
        "Interest Expense Non Operating": 4110000.0,
        "Operating Income": -82486000.0,
        "Operating Expense": 87626000.0,
        "Depreciation Amortization Depletion Income Statement": NaN,
        "Depreciation And Amortization In Income Statement": NaN,
        "Amortization": NaN,
        "Amortization Of Intangibles Income Statement": NaN,
        "Research And Development": 42623000.0,
        "Selling General And Administration": 45003000.0,
        "Gross Profit": 5140000.0,
        "Cost Of Revenue": 22213000.0,
        "Total Revenue": 27353000.0,
        "Operating Revenue": 27353000.0
    },
    "2022-09-30": {
        "Tax Effect Of Unusual Items": NaN,
        "Tax Rate For Calcs": NaN,
        "Normalized EBITDA": NaN,
        "Total Unusual Items": NaN,
        "Total Unusual Items Excluding Goodwill": NaN,
        "Net Income From Continuing Operation Net Minority Interest": NaN,
        "Reconciled Depreciation": NaN,
        "Reconciled Cost Of Revenue": NaN,
        "EBITDA": NaN,
        "EBIT": NaN,
        "Net Interest Income": NaN,
        "Interest Expense": NaN,
        "Normalized Income": NaN,
        "Net Income From Continuing And Discontinued Operation": NaN,
        "Total Expenses": NaN,
        "Total Operating Income As Reported": NaN,
        "Diluted Average Shares": NaN,
        "Basic Average Shares": NaN,
        "Diluted EPS": NaN,
        "Basic EPS": NaN,
        "Diluted NI Availto Com Stockholders": NaN,
        "Net Income Common Stockholders": NaN,
        "Net Income": NaN,
        "Net Income Including Noncontrolling Interests": NaN,
        "Net Income Continuous Operations": NaN,
        "Tax Provision": NaN,
        "Pretax Income": NaN,
        "Other Income Expense": NaN,
        "Other Non Operating Income Expenses": NaN,
        "Special Income Charges": NaN,
        "Other Special Charges": NaN,
        "Restructuring And Mergern Acquisition": NaN,
        "Net Non Operating Interest Income Expense": NaN,
        "Total Other Finance Cost": 154000.0,
        "Interest Expense Non Operating": NaN,
        "Operating Income": NaN,
        "Operating Expense": NaN,
        "Depreciation Amortization Depletion Income Statement": 0.0,
        "Depreciation And Amortization In Income Statement": 0.0,
        "Amortization": 0.0,
        "Amortization Of Intangibles Income Statement": 0.0,
        "Research And Development": NaN,
        "Selling General And Administration": NaN,
        "Gross Profit": NaN,
        "Cost Of Revenue": NaN,
        "Total Revenue": NaN,
        "Operating Revenue": NaN
    },
    "2022-06-30": {
        "Tax Effect Of Unusual Items": 0.0,
        "Tax Rate For Calcs": 0.0,
        "Normalized EBITDA": -73151000.0,
        "Total Unusual Items": 5438000.0,
        "Total Unusual Items Excluding Goodwill": 5438000.0,
        "Net Income From Continuing Operation Net Minority Interest": -71394000.0,
        "Reconciled Depreciation": 4267000.0,
        "Reconciled Cost Of Revenue": 19274000.0,
        "EBITDA": -67713000.0,
        "EBIT": -67713000.0,
        "Net Interest Income": -3681000.0,
        "Interest Expense": 3681000.0,
        "Normalized Income": -76832000.0,
        "Net Income From Continuing And Discontinued Operation": -71394000.0,
        "Total Expenses": 108874000.0,
        "Total Operating Income As Reported": -67969000.0,
        "Diluted Average Shares": 224499000.0,
        "Basic Average Shares": 224499000.0,
        "Diluted EPS": -0.32,
        "Basic EPS": -0.32,
        "Diluted NI Availto Com Stockholders": -71394000.0,
        "Net Income Common Stockholders": -71394000.0,
        "Net Income": -71394000.0,
        "Net Income Including Noncontrolling Interests": -71394000.0,
        "Net Income Continuous Operations": -71394000.0,
        "Tax Provision": 0.0,
        "Pretax Income": -71394000.0,
        "Other Income Expense": 5694000.0,
        "Other Non Operating Income Expenses": 256000.0,
        "Special Income Charges": 5438000.0,
        "Other Special Charges": NaN,
        "Restructuring And Mergern Acquisition": -5438000.0,
        "Net Non Operating Interest Income Expense": -3681000.0,
        "Total Other Finance Cost": NaN,
        "Interest Expense Non Operating": 3681000.0,
        "Operating Income": -73407000.0,
        "Operating Expense": 89600000.0,
        "Research And Development": 50348000.0,
        "Selling General And Administration": 39252000.0,
        "Gross Profit": 16193000.0,
        "Cost Of Revenue": 19274000.0,
        "Total Revenue": 35467000.0,
        "Operating Revenue": 35467000.0
    },
    "2023-06-30": {
        "Tax Effect Of Unusual Items": NaN,
        "Tax Rate For Calcs": NaN,
        "Normalized EBITDA": NaN,
        "Total Unusual Items": NaN,
        "Total Unusual Items Excluding Goodwill": NaN,
        "Net Income From Continuing Operation Net Minority Interest": NaN,
        "Reconciled Depreciation": NaN,
        "Reconciled Cost Of Revenue": NaN,
        "EBITDA": NaN,
        "EBIT": NaN,
        "Net Interest Income": NaN,
        "Interest Expense": NaN,
        "Normalized Income": NaN,
        "Net Income From Continuing And Discontinued Operation": NaN,
        "Total Expenses": NaN,
        "Total Operating Income As Reported": NaN,
        "Diluted Average Shares": NaN,
        "Basic Average Shares": NaN,
        "Diluted EPS": NaN,
        "Basic EPS": NaN,
        "Diluted NI Availto Com Stockholders": NaN,
        "Net Income Common Stockholders": NaN,
        "Net Income": NaN,
        "Net Income Including Noncontrolling Interests": NaN,
        "Net Income Continuous Operations": NaN,
        "Tax Provision": NaN,
        "Pretax Income": NaN,
        "Other Income Expense": NaN,
        "Other Non Operating Income Expenses": NaN,
        "Special Income Charges": NaN,
        "Other Special Charges": 2033000.0,
        "Impairment Of Capital Assets": 0.0,
        "Restructuring And Mergern Acquisition": NaN,
        "Net Non Operating Interest Income Expense": NaN,
        "Total Other Finance Cost": 155000.0,
        "Interest Expense Non Operating": NaN,
        "Operating Income": NaN,
        "Operating Expense": NaN,
        "Depreciation Amortization Depletion Income Statement": NaN,
        "Depreciation And Amortization In Income Statement": NaN,
        "Amortization": NaN,
        "Amortization Of Intangibles Income Statement": NaN,
        "Research And Development": NaN,
        "Selling General And Administration": NaN,
        "Gross Profit": NaN,
        "Cost Of Revenue": NaN,
        "Total Revenue": NaN,
        "Operating Revenue": NaN
    },
    "2022-03-31": {
        "Diluted EPS": -0.37,
        "Total Revenue": 33,
        "Gross Profit": 14,
        "Operating Income": -78,
        "EBIT": -72,
        "Net Income": -81
    },
    "2021-12-31": {
        "Diluted EPS": -0.31,
        "Total Revenue": 36,
        "Gross Profit": 17,
        "Operating Income": -65,
        "EBIT": -60,
        "Net Income": -69
    },
    "2021-09-30": {
        "Diluted EPS": 0.08,
        "Total Revenue": 35,
        "Gross Profit": 15,
        "Operating Income": -74,
        "EBIT": -70,
        "Net Income": 17
    },
    "2021-06-30": {
        "Diluted EPS": -0.21,
        "Total Revenue": 31,
        "Gross Profit": 14,
        "Operating Income": -38,
        "EBIT": -34,
        "Net Income": -41
    },
    "2021-03-31": {
        "Diluted EPS": -0.45,
        "Total Revenue": 29,
        "Gross Profit": 13,
        "Operating Income": -34,
        "EBIT": -31,
        "Net Income": -87
    },
    "2020-12-31": {
        "Diluted EPS": 0.45,
        "Total Revenue": 27,
        "Gross Profit": 11,
        "Operating Income": -24,
        "EBIT": -22,
        "Net Income": 75
    },
    "2020-09-30": {
        "Diluted EPS": -0.14,
        "Total Revenue": 19,
        "Gross Profit": 7,
        "Operating Income": -24,
        "EBIT": -22,
        "Net Income": -24
    },
    "2020-06-30": {
        "Diluted EPS": -0.15,
        "Total Revenue": 17,
        "Gross Profit": 7,
        "Operating Income": -24,
        "EBIT": -21,
        "Net Income": -23
    },
    "2020-03-31": {
        "Diluted EPS": 0.01,
        "Total Revenue": 16,
        "Gross Profit": 7,
        "Operating Income": -33,
        "EBIT": -30,
        "Net Income": 1
    },
    "2019-12-31": {
        "Diluted EPS": 0.0,
        "Total Revenue": 28,
        "Gross Profit": 13,
        "Operating Income": -18,
        "EBIT": -15,
        "Net Income": 0
    },
    "2019-09-30": {
        "Diluted EPS": -0.19,
        "Total Revenue": 22,
        "Gross Profit": 7,
        "Operating Income": -28,
        "EBIT": -25,
        "Net Income": -29
    },
    "2019-06-30": {
        "Diluted EPS": -0.16,
        "Total Revenue": 25,
        "Gross Profit": 10,
        "Operating Income": -24,
        "EBIT": -22,
        "Net Income": -25
    },
    "2019-03-31": {
        "Diluted EPS": -0.2,
        "Total Revenue": 16,
        "Gross Profit": 5,
        "Operating Income": -30,
        "EBIT": -28,
        "Net Income": -30
    },
    "2018-12-31": {
        "Diluted EPS": -0.2,
        "Total Revenue": 20,
        "Gross Profit": 6,
        "Operating Income": -31,
        "EBIT": -29,
        "Net Income": -31
    },
    "2018-09-30": {
        "Diluted EPS": -0.19,
        "Total Revenue": 18,
        "Gross Profit": 3,
        "Operating Income": -25,
        "EBIT": -23,
        "Net Income": -25
    },
    "2018-06-30": {
        "Diluted EPS": -0.17,
        "Total Revenue": 22,
        "Gross Profit": 9,
        "Operating Income": -22,
        "EBIT": -20,
        "Net Income": -23
    },
    "2018-03-31": {
        "Diluted EPS": -0.2,
        "Total Revenue": 19,
        "Gross Profit": 7,
        "Operating Income": -24,
        "EBIT": -22,
        "Net Income": -24
    },
    "2017-12-31": {
        "Diluted EPS": -0.16,
        "Total Revenue": 25,
        "Gross Profit": 9,
        "Operating Income": -21,
        "EBIT": -18,
        "Net Income": -21
    },
    "2017-09-30": {
        "Diluted EPS": -0.19,
        "Total Revenue": 24,
        "Gross Profit": 8,
        "Operating Income": -22,
        "EBIT": -19,
        "Net Income": -22
    },
    "2017-06-30": {
        "Diluted EPS": -0.26,
        "Total Revenue": 20,
        "Gross Profit": 8,
        "Operating Income": -24,
        "EBIT": -22,
        "Net Income": -26
    },
    "2017-03-31": {
        "Diluted EPS": -0.26,
        "Total Revenue": 25,
        "Gross Profit": 9,
        "Operating Income": -23,
        "EBIT": -20,
        "Net Income": -24
    },
    "2016-12-31": {
        "Diluted EPS": -0.2,
        "Total Revenue": 26,
        "Gross Profit": 11,
        "Operating Income": -18,
        "EBIT": -17,
        "Net Income": -19
    },
    "2016-09-30": {
        "Diluted EPS": -0.19,
        "Total Revenue": 25,
        "Gross Profit": 13,
        "Operating Income": -17,
        "EBIT": -15,
        "Net Income": -17
    },
    "2016-06-30": {
        "Diluted EPS": -0.21,
        "Total Revenue": 21,
        "Gross Profit": 11,
        "Operating Income": -18,
        "EBIT": -17,
        "Net Income": -18
    },
    "2016-03-31": {
        "Diluted EPS": -0.23,
        "Total Revenue": 19,
        "Gross Profit": 10,
        "Operating Income": -19,
        "EBIT": -17,
        "Net Income": -19
    },
    "2015-12-31": {
        "Diluted EPS": -0.01,
        "Total Revenue": 36,
        "Gross Profit": 26,
        "Operating Income": -1,
        "EBIT": 0,
        "Net Income": -1
    },
    "2015-09-30": {
        "Diluted EPS": 0.02,
        "Total Revenue": 14,
        "Gross Profit": 7,
        "Operating Income": 3,
        "EBIT": 4,
        "Net Income": 2
    },
    "2015-06-30": {
        "Diluted EPS": -0.16,
        "Total Revenue": 25,
        "Gross Profit": 15,
        "Operating Income": -11,
        "EBIT": -10,
        "Net Income": -12
    },
    "2015-03-31": {
        "Diluted EPS": -0.27,
        "Total Revenue": 18,
        "Gross Profit": 6,
        "Operating Income": -19,
        "EBIT": -18,
        "Net Income": -20
    },
    "2014-12-31": {
        "Diluted EPS": -0.26,
        "Total Revenue": 17,
        "Gross Profit": 4,
        "Operating Income": -18,
        "EBIT": -17,
        "Net Income": -19
    },
    "2014-09-30": {
        "Diluted EPS": -0.13,
        "Total Revenue": 21,
        "Gross Profit": 13,
        "Operating Income": -8,
        "EBIT": -7,
        "Net Income": -9
    },
    "2014-06-30": {
        "Diluted EPS": -0.27,
        "Total Revenue": 11,
        "Gross Profit": 3,
        "Operating Income": -18,
        "EBIT": -17,
        "Net Income": -19
    },
    "2014-03-31": {
        "Diluted EPS": -0.28,
        "Total Revenue": 12,
        "Gross Profit": 3,
        "Operating Income": -18,
        "EBIT": -17,
        "Net Income": -19
    },
    "2013-12-31": {
        "Diluted EPS": -0.25,
        "Total Revenue": 9,
        "Gross Profit": 3,
        "Operating Income": -17,
        "EBIT": -15,
        "Net Income": -17
    },
    "2013-09-30": {
        "Diluted EPS": -0.31,
        "Total Revenue": 7,
        "Gross Profit": 1,
        "Operating Income": -20,
        "EBIT": -18,
        "Net Income": -20
    },
    "2013-06-30": {
        "Diluted EPS": -0.33,
        "Total Revenue": 6,
        "Gross Profit": 1,
        "Operating Income": -20,
        "EBIT": -18,
        "Net Income": -20
    },
    "2013-03-31": {
        "Diluted EPS": -0.37,
        "Total Revenue": 6,
        "Gross Profit": 1,
        "Operating Income": -21,
        "EBIT": -19,
        "Net Income": -21
    },
    "2012-12-31": {
        "Diluted EPS": -0.38,
        "Total Revenue": 6,
        "Gross Profit": 1,
        "Operating Income": -22,
        "EBIT": -20,
        "Net Income": -22
    },
    "2012-09-30": {
        "Diluted EPS": -0.41,
        "Total Revenue": 3,
        "Gross Profit": 0,
        "Operating Income": -23,
        "EBIT": -21,
        "Net Income": -23
    },
    "2012-06-30": {
        "Diluted EPS": -0.4,
        "Total Revenue": 7,
        "Gross Profit": 0,
        "Operating Income": -23,
        "EBIT": -21,
        "Net Income": -22
    },
    "2012-03-31": {
        "Diluted EPS": -0.5,
        "Total Revenue": 10,
        "Gross Profit": 0,
        "Operating Income": -28,
        "EBIT": -26,
        "Net Income": -28
    },
    "2011-12-31": {
        "Diluted EPS": -0.41,
        "Total Revenue": 12,
        "Gross Profit": 2,
        "Operating Income": -23,
        "EBIT": -21,
        "Net Income": -23
    },
    "2011-09-30": {
        "Diluted EPS": -0.54,
        "Total Revenue": 11,
        "Gross Profit": 3,
        "Operating Income": -29,
        "EBIT": -28,
        "Net Income": -29
    },
    "2011-06-30": {
        "Diluted EPS": -0.42,
        "Total Revenue": 11,
        "Gross Profit": 8,
        "Operating Income": -23,
        "EBIT": -21,
        "Net Income": -22
    },
    "2011-03-31": {
        "Diluted EPS": -0.66,
        "Total Revenue": 0,
        "Gross Profit": 0,
        "Operating Income": -35,
        "EBIT": -33,
        "Net Income": -35
    },
    "2010-12-31": {
        "Diluted EPS": 125.77,
        "Total Revenue": 0,
        "Gross Profit": 0,
        "Operating Income": -37,
        "EBIT": -35,
        "Net Income": -36
    },
    "2010-09-30": {
        "Diluted EPS": -39.7,
        "Total Revenue": 0,
        "Gross Profit": 0,
        "Operating Income": -41,
        "EBIT": -39,
        "Net Income": -41
    },
    "2010-06-30": {
        "Diluted EPS": -51.2,
        "Total Revenue": 1,
        "Gross Profit": 1,
        "Operating Income": -33,
        "EBIT": -31,
        "Net Income": -33
    },
    "2010-03-31": {
        "Diluted EPS": -48.97,
        "Total Revenue": 1,
        "Gross Profit": 1,
        "Operating Income": -30,
        "EBIT": -29,
        "Net Income": -30
    },
    "2009-12-31": {
        "Diluted EPS": 0.0,
        "Total Revenue": NaN,
        "Gross Profit": NaN,
        "Operating Income": NaN,
        "EBIT": NaN,
        "Net Income": NaN
    },
    "2009-09-30": {
        "Diluted EPS": -46.74,
        "Total Revenue": NaN,
        "Gross Profit": NaN,
        "Operating Income": -25,
        "EBIT": -25,
        "Net Income": -25
    },
    "2023-09-30": {
        "Tax Effect Of Unusual Items": NaN,
        "Tax Rate For Calcs": NaN,
        "Normalized EBITDA": NaN,
        "Total Unusual Items": NaN,
        "Total Unusual Items Excluding Goodwill": NaN,
        "Net Income From Continuing Operation Net Minority Interest": NaN,
        "Reconciled Depreciation": NaN,
        "Reconciled Cost Of Revenue": NaN,
        "EBITDA": NaN,
        "EBIT": NaN,
        "Net Interest Income": NaN,
        "Interest Expense": NaN,
        "Normalized Income": NaN,
        "Net Income From Continuing And Discontinued Operation": NaN,
        "Total Expenses": NaN,
        "Total Operating Income As Reported": NaN,
        "Diluted Average Shares": NaN,
        "Basic Average Shares": NaN,
        "Diluted EPS": NaN,
        "Basic EPS": NaN,
        "Diluted NI Availto Com Stockholders": NaN,
        "Net Income Common Stockholders": NaN,
        "Net Income": NaN,
        "Net Income Including Noncontrolling Interests": NaN,
        "Net Income Continuous Operations": NaN,
        "Tax Provision": NaN,
        "Pretax Income": NaN,
        "Other Income Expense": NaN,
        "Other Non Operating Income Expenses": NaN,
        "Special Income Charges": NaN,
        "Other Special Charges": NaN,
        "Write Off": NaN,
        "Impairment Of Capital Assets": 0.0,
        "Restructuring And Mergern Acquisition": NaN,
        "Net Non Operating Interest Income Expense": NaN,
        "Interest Expense Non Operating": NaN,
        "Operating Income": NaN,
        "Operating Expense": NaN,
        "Depreciation Amortization Depletion Income Statement": NaN,
        "Depreciation And Amortization In Income Statement": NaN,
        "Amortization": NaN,
        "Amortization Of Intangibles Income Statement": NaN,
        "Research And Development": NaN,
        "Selling General And Administration": NaN,
        "Gross Profit": NaN,
        "Cost Of Revenue": NaN,
        "Total Revenue": NaN,
        "Operating Revenue": NaN
    },
    "2023-12-31": {
        "Tax Effect Of Unusual Items": NaN,
        "Tax Rate For Calcs": NaN,
        "Normalized EBITDA": NaN,
        "Total Unusual Items": NaN,
        "Total Unusual Items Excluding Goodwill": NaN,
        "Net Income From Continuing Operation Net Minority Interest": NaN,
        "Reconciled Depreciation": NaN,
        "Reconciled Cost Of Revenue": NaN,
        "EBITDA": NaN,
        "EBIT": NaN,
        "Net Interest Income": NaN,
        "Interest Expense": NaN,
        "Normalized Income": NaN,
        "Net Income From Continuing And Discontinued Operation": NaN,
        "Total Expenses": NaN,
        "Total Operating Income As Reported": NaN,
        "Diluted Average Shares": NaN,
        "Basic Average Shares": NaN,
        "Diluted EPS": NaN,
        "Basic EPS": NaN,
        "Diluted NI Availto Com Stockholders": NaN,
        "Net Income Common Stockholders": NaN,
        "Net Income": NaN,
        "Net Income Including Noncontrolling Interests": NaN,
        "Net Income Continuous Operations": NaN,
        "Tax Provision": NaN,
        "Pretax Income": NaN,
        "Other Income Expense": NaN,
        "Other Non Operating Income Expenses": NaN,
        "Special Income Charges": NaN,
        "Other Special Charges": 0.0,
        "Write Off": NaN,
        "Impairment Of Capital Assets": NaN,
        "Restructuring And Mergern Acquisition": NaN,
        "Net Non Operating Interest Income Expense": NaN,
        "Interest Expense Non Operating": NaN,
        "Operating Income": NaN,
        "Operating Expense": NaN,
        "Depreciation Amortization Depletion Income Statement": NaN,
        "Depreciation And Amortization In Income Statement": NaN,
        "Amortization": NaN,
        "Amortization Of Intangibles Income Statement": NaN,
        "Research And Development": NaN,
        "Selling General And Administration": NaN,
        "Gross Profit": NaN,
        "Cost Of Revenue": NaN,
        "Total Revenue": NaN,
        "Operating Revenue": NaN
    },
    "2024-03-31": {
        "Tax Effect Of Unusual Items": NaN,
        "Tax Rate For Calcs": NaN,
        "Normalized EBITDA": NaN,
        "Total Unusual Items": NaN,
        "Total Unusual Items Excluding Goodwill": NaN,
        "Net Income From Continuing Operation Net Minority Interest": NaN,
        "Reconciled Depreciation": NaN,
        "Reconciled Cost Of Revenue": NaN,
        "EBITDA": NaN,
        "EBIT": NaN,
        "Net Interest Income": NaN,
        "Interest Expense": NaN,
        "Normalized Income": NaN,
        "Net Income From Continuing And Discontinued Operation": NaN,
        "Total Expenses": NaN,
        "Total Operating Income As Reported": NaN,
        "Diluted Average Shares": NaN,
        "Basic Average Shares": NaN,
        "Diluted EPS": NaN,
        "Basic EPS": NaN,
        "Diluted NI Availto Com Stockholders": NaN,
        "Net Income Common Stockholders": NaN,
        "Net Income": NaN,
        "Net Income Including Noncontrolling Interests": NaN,
        "Net Income Continuous Operations": NaN,
        "Tax Provision": NaN,
        "Pretax Income": NaN,
        "Other Income Expense": NaN,
        "Other Non Operating Income Expenses": NaN,
        "Special Income Charges": NaN,
        "Write Off": 0.0,
        "Impairment Of Capital Assets": NaN,
        "Restructuring And Mergern Acquisition": NaN,
        "Net Non Operating Interest Income Expense": NaN,
        "Interest Expense Non Operating": NaN,
        "Operating Income": NaN,
        "Operating Expense": NaN,
        "Depreciation Amortization Depletion Income Statement": NaN,
        "Depreciation And Amortization In Income Statement": NaN,
        "Amortization": NaN,
        "Amortization Of Intangibles Income Statement": NaN,
        "Research And Development": NaN,
        "Selling General And Administration": NaN,
        "Gross Profit": NaN,
        "Cost Of Revenue": NaN,
        "Total Revenue": NaN,
        "Operating Revenue": NaN
    },
    "2024-06-30": {
        "Tax Effect Of Unusual Items": 0.0,
        "Tax Rate For Calcs": 0.0,
        "Normalized EBITDA": -62288000.0,
        "Total Unusual Items": -93200000.0,
        "Total Unusual Items Excluding Goodwill": -93200000.0,
        "Net Income From Continuing Operation Net Minority Interest": -173319000.0,
        "Reconciled Depreciation": 14289000.0,
        "Reconciled Cost Of Revenue": 20008000.0,
        "EBITDA": -155488000.0,
        "EBIT": -169777000.0,
        "Net Interest Income": -3542000.0,
        "Interest Expense": 3542000.0,
        "Normalized Income": -80119000.0,
        "Net Income From Continuing And Discontinued Operation": -173319000.0,
        "Total Expenses": 118659000.0,
        "Total Operating Income As Reported": -175846000.0,
        "Diluted Average Shares": 272385000.0,
        "Basic Average Shares": 272385000.0,
        "Diluted EPS": -0.64,
        "Basic EPS": -0.64,
        "Diluted NI Availto Com Stockholders": -173319000.0,
        "Net Income Common Stockholders": -173319000.0,
        "Net Income": -173319000.0,
        "Net Income Including Noncontrolling Interests": -173319000.0,
        "Net Income Continuous Operations": -173319000.0,
        "Tax Provision": 0.0,
        "Pretax Income": -173319000.0,
        "Other Income Expense": -87131000.0,
        "Other Non Operating Income Expenses": 6069000.0,
        "Special Income Charges": -93200000.0,
        "Write Off": 93200000.0,
        "Impairment Of Capital Assets": 93200000.0,
        "Restructuring And Mergern Acquisition": 0.0,
        "Net Non Operating Interest Income Expense": -3542000.0,
        "Interest Expense Non Operating": 3542000.0,
        "Operating Income": -82646000.0,
        "Operating Expense": 88584000.0,
        "Depreciation Amortization Depletion Income Statement": 4222000.0,
        "Depreciation And Amortization In Income Statement": 4222000.0,
        "Amortization": 4222000.0,
        "Amortization Of Intangibles Income Statement": 4222000.0,
        "Research And Development": 38485000.0,
        "Selling General And Administration": 45877000.0,
        "Gross Profit": 5938000.0,
        "Cost Of Revenue": 30075000.0,
        "Total Revenue": 36013000.0,
        "Operating Revenue": 36013000.0
    },
    "2024-09-30": {
        "Tax Effect Of Unusual Items": 0.0,
        "Tax Rate For Calcs": 0.0,
        "Normalized EBITDA": -39918000.0,
        "Total Unusual Items": -1170000.0,
        "Total Unusual Items Excluding Goodwill": -1170000.0,
        "Net Income From Continuing Operation Net Minority Interest": -60725000.0,
        "Reconciled Depreciation": 16099000.0,
        "Reconciled Cost Of Revenue": 17513000.0,
        "EBITDA": -41088000.0,
        "EBIT": -57187000.0,
        "Net Interest Income": -3538000.0,
        "Interest Expense": 3538000.0,
        "Normalized Income": -59555000.0,
        "Net Income From Continuing And Discontinued Operation": -60725000.0,
        "Total Expenses": 102874000.0,
        "Total Operating Income As Reported": -64077000.0,
        "Diluted Average Shares": 272915000.0,
        "Basic Average Shares": 272915000.0,
        "Diluted EPS": -0.22,
        "Basic EPS": -0.22,
        "Diluted NI Availto Com Stockholders": -60725000.0,
        "Net Income Common Stockholders": -60725000.0,
        "Net Income": -60725000.0,
        "Net Income Including Noncontrolling Interests": -60725000.0,
        "Net Income Continuous Operations": -60725000.0,
        "Tax Provision": 0.0,
        "Pretax Income": -60725000.0,
        "Other Income Expense": 5720000.0,
        "Other Non Operating Income Expenses": 6890000.0,
        "Special Income Charges": -1170000.0,
        "Write Off": NaN,
        "Impairment Of Capital Assets": 0.0,
        "Restructuring And Mergern Acquisition": 1170000.0,
        "Net Non Operating Interest Income Expense": -3538000.0,
        "Interest Expense Non Operating": 3538000.0,
        "Operating Income": -62907000.0,
        "Operating Expense": 72911000.0,
        "Depreciation Amortization Depletion Income Statement": 3649000.0,
        "Depreciation And Amortization In Income Statement": 3649000.0,
        "Amortization": 3649000.0,
        "Amortization Of Intangibles Income Statement": 3649000.0,
        "Research And Development": 25516000.0,
        "Selling General And Administration": 43746000.0,
        "Gross Profit": 10004000.0,
        "Cost Of Revenue": 29963000.0,
        "Total Revenue": 39967000.0,
        "Operating Revenue": 39967000.0
    },
    "2024-12-31": {
        "Tax Effect Of Unusual Items": 7650916.263491,
        "Tax Rate For Calcs": 0.117603,
        "Normalized EBITDA": -48664000.0,
        "Total Unusual Items": 65057000.0,
        "Total Unusual Items Excluding Goodwill": 65057000.0,
        "Net Income From Continuing Operation Net Minority Interest": 2371000.0,
        "Reconciled Depreciation": 10949000.0,
        "Reconciled Cost Of Revenue": 22846000.0,
        "EBITDA": 16393000.0,
        "EBIT": 5444000.0,
        "Net Interest Income": -2757000.0,
        "Interest Expense": 2757000.0,
        "Normalized Income": -55035083.736509,
        "Net Income From Continuing And Discontinued Operation": 2371000.0,
        "Total Expenses": 102902000.0,
        "Total Operating Income As Reported": -153028000.0,
        "Diluted Average Shares": 306892000.0,
        "Basic Average Shares": 282999000.0,
        "Diluted EPS": -0.49,
        "Basic EPS": 0.01,
        "Diluted NI Availto Com Stockholders": 2371000.0,
        "Net Income Common Stockholders": 2371000.0,
        "Net Income": 2371000.0,
        "Net Income Including Noncontrolling Interests": 2371000.0,
        "Net Income Continuous Operations": 2371000.0,
        "Tax Provision": 316000.0,
        "Pretax Income": 2687000.0,
        "Other Income Expense": 69122000.0,
        "Other Non Operating Income Expenses": 4065000.0,
        "Special Income Charges": 65057000.0,
        "Write Off": NaN,
        "Impairment Of Capital Assets": NaN,
        "Restructuring And Mergern Acquisition": -1950000.0,
        "Net Non Operating Interest Income Expense": -2757000.0,
        "Interest Expense Non Operating": 2757000.0,
        "Operating Income": -63678000.0,
        "Operating Expense": 73736000.0,
        "Depreciation Amortization Depletion Income Statement": 4629000.0,
        "Depreciation And Amortization In Income Statement": 4629000.0,
        "Amortization": 4629000.0,
        "Amortization Of Intangibles Income Statement": 4629000.0,
        "Research And Development": 27466000.0,
        "Selling General And Administration": 41641000.0,
        "Gross Profit": 10058000.0,
        "Cost Of Revenue": 29166000.0,
        "Total Revenue": 39224000.0,
        "Operating Revenue": 39224000.0
    },
    "2025-03-31": {
        "Tax Effect Of Unusual Items": 2620.68545,
        "Tax Rate For Calcs": 0.000708,
        "Normalized EBITDA": -55561000.0,
        "Total Unusual Items": 3700000.0,
        "Total Unusual Items Excluding Goodwill": 3700000.0,
        "Net Income From Continuing Operation Net Minority Interest": -426075000.0,
        "Reconciled Depreciation": 372779000.0,
        "Reconciled Cost Of Revenue": 27787000.0,
        "EBITDA": -51861000.0,
        "EBIT": -424640000.0,
        "Net Interest Income": -1737000.0,
        "Interest Expense": 1737000.0,
        "Normalized Income": -429772379.31455,
        "Net Income From Continuing And Discontinued Operation": -426075000.0,
        "Total Expenses": 469787000.0,
        "Total Operating Income As Reported": -428934000.0,
        "Diluted Average Shares": 296858000.0,
        "Basic Average Shares": 296858000.0,
        "Diluted EPS": -1.44,
        "Basic EPS": -1.44,
        "Diluted NI Availto Com Stockholders": -426075000.0,
        "Net Income Common Stockholders": -426075000.0,
        "Net Income": -426075000.0,
        "Net Income Including Noncontrolling Interests": -426075000.0,
        "Net Income Continuous Operations": -426075000.0,
        "Tax Provision": -302000.0,
        "Pretax Income": -426377000.0,
        "Other Income Expense": 7994000.0,
        "Other Non Operating Income Expenses": 4294000.0,
        "Special Income Charges": 3700000.0,
        "Write Off": 15000000.0,
        "Impairment Of Capital Assets": NaN,
        "Restructuring And Mergern Acquisition": -18700000.0,
        "Net Non Operating Interest Income Expense": -1737000.0,
        "Interest Expense Non Operating": 1737000.0,
        "Operating Income": -432634000.0,
        "Operating Expense": 431263000.0,
        "Depreciation Amortization Depletion Income Statement": 362042000.0,
        "Depreciation And Amortization In Income Statement": 362042000.0,
        "Amortization": 362042000.0,
        "Amortization Of Intangibles Income Statement": 362042000.0,
        "Research And Development": 29053000.0,
        "Selling General And Administration": 40168000.0,
        "Gross Profit": -1371000.0,
        "Cost Of Revenue": 38524000.0,
        "Total Revenue": 37153000.0,
        "Operating Revenue": 37153000.0
    },
    "2025-06-30": {
        "Tax Effect Of Unusual Items": 0.0,
        "Tax Rate For Calcs": 0.21,
        "Normalized EBITDA": -35575000.0,
        "Total Unusual Items": 0.0,
        "Total Unusual Items Excluding Goodwill": 0.0,
        "Net Income From Continuing Operation Net Minority Interest": -41930000.0,
        "Reconciled Depreciation": 4582000.0,
        "Reconciled Cost Of Revenue": 21333000.0,
        "EBITDA": -35575000.0,
        "EBIT": -40157000.0,
        "Net Interest Income": -1738000.0,
        "Interest Expense": 1738000.0,
        "Normalized Income": -41930000.0,
        "Net Income From Continuing And Discontinued Operation": -41930000.0,
        "Total Expenses": 84619000.0,
        "Total Operating Income As Reported": -44853000.0,
        "Diluted Average Shares": 300162000.0,
        "Basic Average Shares": 300162000.0,
        "Diluted EPS": -0.14,
        "Basic EPS": -0.14,
        "Diluted NI Availto Com Stockholders": -41930000.0,
        "Net Income Common Stockholders": -41930000.0,
        "Net Income": -41930000.0,
        "Net Income Including Noncontrolling Interests": -41930000.0,
        "Net Income Continuous Operations": -41930000.0,
        "Tax Provision": 35000.0,
        "Pretax Income": -41895000.0,
        "Other Income Expense": 4696000.0,
        "Other Non Operating Income Expenses": 4696000.0,
        "Special Income Charges": 0.0,
        "Write Off": 0.0,
        "Impairment Of Capital Assets": NaN,
        "Restructuring And Mergern Acquisition": 0.0,
        "Net Non Operating Interest Income Expense": -1738000.0,
        "Interest Expense Non Operating": 1738000.0,
        "Operating Income": -44853000.0,
        "Operating Expense": 59537000.0,
        "Depreciation Amortization Depletion Income Statement": 833000.0,
        "Depreciation And Amortization In Income Statement": 833000.0,
        "Amortization": 833000.0,
        "Amortization Of Intangibles Income Statement": 833000.0,
        "Research And Development": 22529000.0,
        "Selling General And Administration": 36175000.0,
        "Gross Profit": 14684000.0,
        "Cost Of Revenue": 25082000.0,
        "Total Revenue": 39766000.0,
        "Operating Revenue": 39766000.0
    }
}