{
    "2023-03-31": {
        "Tax Effect Of Unusual Items": NaN,
        "Tax Rate For Calcs": NaN,
        "Normalized EBITDA": NaN,
        "Total Unusual Items": NaN,
        "Total Unusual Items Excluding Goodwill": NaN,
        "Net Income From Continuing Operation Net Minority Interest": NaN,
        "Reconciled Depreciation": NaN,
        "Reconciled Cost Of Revenue": NaN,
        "EBITDA": NaN,
        "EBIT": NaN,
        "Net Interest Income": NaN,
        "Interest Expense": NaN,
        "Normalized Income": NaN,
        "Net Income From Continuing And Discontinued Operation": NaN,
        "Total Expenses": NaN,
        "Total Operating Income As Reported": NaN,
        "Diluted Average Shares": 82136793.0,
        "Basic Average Shares": 82136793.0,
        "Diluted EPS": -0.15,
        "Basic EPS": -0.15,
        "Diluted NI Availto Com Stockholders": NaN,
        "Net Income Common Stockholders": NaN,
        "Net Income": NaN,
        "Net Income Including Noncontrolling Interests": NaN,
        "Net Income Continuous Operations": NaN,
        "Tax Provision": NaN,
        "Pretax Income": NaN,
        "Other Income Expense": NaN,
        "Other Non Operating Income Expenses": NaN,
        "Gain On Sale Of Security": NaN,
        "Net Non Operating Interest Income Expense": NaN,
        "Interest Expense Non Operating": NaN,
        "Operating Income": NaN,
        "Operating Expense": NaN,
        "Other Operating Expenses": NaN,
        "Depreciation Amortization Depletion Income Statement": NaN,
        "Depreciation And Amortization In Income Statement": NaN,
        "Selling General And Administration": NaN,
        "Gross Profit": NaN,
        "Cost Of Revenue": NaN,
        "Total Revenue": NaN,
        "Operating Revenue": NaN
    },
    "2022-12-31": {
        "Tax Effect Of Unusual Items": NaN,
        "Tax Rate For Calcs": NaN,
        "Normalized EBITDA": NaN,
        "Total Unusual Items": NaN,
        "Total Unusual Items Excluding Goodwill": NaN,
        "Net Income From Continuing Operation Net Minority Interest": NaN,
        "Reconciled Depreciation": NaN,
        "Reconciled Cost Of Revenue": NaN,
        "EBITDA": NaN,
        "EBIT": NaN,
        "Net Interest Income": NaN,
        "Interest Expense": NaN,
        "Normalized Income": NaN,
        "Net Income From Continuing And Discontinued Operation": NaN,
        "Total Expenses": NaN,
        "Total Operating Income As Reported": NaN,
        "Diluted Average Shares": NaN,
        "Basic Average Shares": NaN,
        "Diluted EPS": NaN,
        "Basic EPS": NaN,
        "Diluted NI Availto Com Stockholders": NaN,
        "Net Income Common Stockholders": NaN,
        "Net Income": NaN,
        "Net Income Including Noncontrolling Interests": NaN,
        "Net Income Continuous Operations": NaN,
        "Tax Provision": NaN,
        "Pretax Income": NaN,
        "Other Income Expense": NaN,
        "Other Non Operating Income Expenses": 300000.0,
        "Gain On Sale Of Security": NaN,
        "Net Non Operating Interest Income Expense": NaN,
        "Interest Expense Non Operating": NaN,
        "Operating Income": NaN,
        "Operating Expense": NaN,
        "Other Operating Expenses": NaN,
        "Depreciation Amortization Depletion Income Statement": NaN,
        "Depreciation And Amortization In Income Statement": NaN,
        "Selling General And Administration": NaN,
        "Gross Profit": NaN,
        "Cost Of Revenue": NaN,
        "Total Revenue": NaN,
        "Operating Revenue": NaN
    },
    "2022-09-30": {
        "Tax Effect Of Unusual Items": NaN,
        "Tax Rate For Calcs": NaN,
        "Normalized EBITDA": NaN,
        "Total Unusual Items": NaN,
        "Total Unusual Items Excluding Goodwill": NaN,
        "Net Income From Continuing Operation Net Minority Interest": NaN,
        "Reconciled Depreciation": NaN,
        "Reconciled Cost Of Revenue": NaN,
        "EBITDA": NaN,
        "EBIT": NaN,
        "Net Interest Income": NaN,
        "Interest Expense": NaN,
        "Normalized Income": NaN,
        "Net Income From Continuing And Discontinued Operation": NaN,
        "Total Expenses": NaN,
        "Total Operating Income As Reported": NaN,
        "Diluted Average Shares": 81979986.0,
        "Basic Average Shares": 81979986.0,
        "Diluted EPS": -0.11,
        "Basic EPS": -0.11,
        "Diluted NI Availto Com Stockholders": NaN,
        "Net Income Common Stockholders": NaN,
        "Net Income": NaN,
        "Net Income Including Noncontrolling Interests": NaN,
        "Net Income Continuous Operations": NaN,
        "Tax Provision": NaN,
        "Pretax Income": NaN,
        "Other Income Expense": NaN,
        "Other Non Operating Income Expenses": NaN,
        "Gain On Sale Of Security": NaN,
        "Net Non Operating Interest Income Expense": NaN,
        "Interest Expense Non Operating": NaN,
        "Operating Income": NaN,
        "Operating Expense": NaN,
        "Other Operating Expenses": NaN,
        "Depreciation Amortization Depletion Income Statement": NaN,
        "Depreciation And Amortization In Income Statement": NaN,
        "Selling General And Administration": NaN,
        "Gross Profit": NaN,
        "Cost Of Revenue": NaN,
        "Total Revenue": NaN,
        "Operating Revenue": NaN
    },
    "2022-06-30": {
        "Tax Effect Of Unusual Items": 439300.0,
        "Tax Rate For Calcs": 0.191,
        "Normalized EBITDA": 6400000.0,
        "Total Unusual Items": 2300000.0,
        "Total Unusual Items Excluding Goodwill": 2300000.0,
        "Net Income From Continuing Operation Net Minority Interest": -11300000.0,
        "Reconciled Depreciation": 17800000.0,
        "Reconciled Cost Of Revenue": 48700000.0,
        "EBITDA": 8700000.0,
        "EBIT": -9100000.0,
        "Net Interest Income": -4900000.0,
        "Interest Expense": 4900000.0,
        "Normalized Income": -13160700.0,
        "Net Income From Continuing And Discontinued Operation": -11300000.0,
        "Total Expenses": 98200000.0,
        "Total Operating Income As Reported": -11400000.0,
        "Diluted Average Shares": 81943235.0,
        "Basic Average Shares": 81943235.0,
        "Diluted EPS": -0.14,
        "Basic EPS": -0.14,
        "Diluted NI Availto Com Stockholders": -11300000.0,
        "Net Income Common Stockholders": -11300000.0,
        "Net Income": -11300000.0,
        "Net Income Including Noncontrolling Interests": -11300000.0,
        "Net Income Continuous Operations": -11300000.0,
        "Tax Provision": -2700000.0,
        "Pretax Income": -14000000.0,
        "Other Income Expense": 2300000.0,
        "Other Non Operating Income Expenses": NaN,
        "Gain On Sale Of Security": 2300000.0,
        "Net Non Operating Interest Income Expense": -4900000.0,
        "Interest Expense Non Operating": 4900000.0,
        "Operating Income": -11400000.0,
        "Operating Expense": 39700000.0,
        "Other Operating Expenses": 1400000.0,
        "Depreciation Amortization Depletion Income Statement": 8000000.0,
        "Depreciation And Amortization In Income Statement": 8000000.0,
        "Selling General And Administration": 30300000.0,
        "Gross Profit": 28300000.0,
        "Cost Of Revenue": 58500000.0,
        "Total Revenue": 86800000.0,
        "Operating Revenue": 82700000.0
    },
    "2022-03-31": {
        "Diluted EPS": -0.17,
        "Total Revenue": 83,
        "Gross Profit": 25,
        "Operating Income": -14,
        "EBIT": 14,
        "Net Income": -14
    },
    "2021-12-31": {
        "Diluted EPS": -0.03,
        "Total Revenue": 109,
        "Gross Profit": 39,
        "Operating Income": 1,
        "EBIT": 29,
        "Net Income": -3
    },
    "2021-09-30": {
        "Diluted EPS": -0.02,
        "Total Revenue": 97,
        "Gross Profit": 38,
        "Operating Income": 2,
        "EBIT": 28,
        "Net Income": -1
    },
    "2021-06-30": {
        "Diluted EPS": -0.07,
        "Total Revenue": 90,
        "Gross Profit": 36,
        "Operating Income": 1,
        "EBIT": 24,
        "Net Income": -5
    },
    "2021-03-31": {
        "Diluted EPS": 0.08,
        "Total Revenue": 88,
        "Gross Profit": 36,
        "Operating Income": 8,
        "EBIT": 29,
        "Net Income": 6
    },
    "2020-12-31": {
        "Diluted EPS": -0.07,
        "Total Revenue": 92,
        "Gross Profit": 39,
        "Operating Income": 12,
        "EBIT": 30,
        "Net Income": -5
    },
    "2020-09-30": {
        "Diluted EPS": -0.08,
        "Total Revenue": 77,
        "Gross Profit": 30,
        "Operating Income": 3,
        "EBIT": 20,
        "Net Income": -6
    },
    "2020-06-30": {
        "Diluted EPS": -0.12,
        "Total Revenue": 66,
        "Gross Profit": 27,
        "Operating Income": -2,
        "EBIT": 15,
        "Net Income": -9
    },
    "2020-03-31": {
        "Diluted EPS": -0.05,
        "Total Revenue": 63,
        "Gross Profit": 27,
        "Operating Income": -1,
        "EBIT": 17,
        "Net Income": -4
    },
    "2019-12-31": {
        "Diluted EPS": NaN,
        "Total Revenue": 78,
        "Gross Profit": 33,
        "Operating Income": 12,
        "EBIT": 26,
        "Net Income": -3
    },
    "2019-09-30": {
        "Diluted EPS": -0.03,
        "Total Revenue": 69,
        "Gross Profit": 30,
        "Operating Income": 1,
        "EBIT": 19,
        "Net Income": -2
    },
    "2019-06-30": {
        "Diluted EPS": NaN,
        "Total Revenue": 57,
        "Gross Profit": 20,
        "Operating Income": -13,
        "EBIT": 9,
        "Net Income": -28
    },
    "2019-03-31": {
        "Diluted EPS": NaN,
        "Total Revenue": 66,
        "Gross Profit": 28,
        "Operating Income": 2,
        "EBIT": 19,
        "Net Income": -3
    },
    "2018-12-31": {
        "Diluted EPS": NaN,
        "Total Revenue": 138,
        "Gross Profit": 59,
        "Operating Income": 5,
        "EBIT": 22,
        "Net Income": -11
    },
    "2018-09-30": {
        "Diluted EPS": 279.43,
        "Total Revenue": 65,
        "Gross Profit": 27,
        "Operating Income": 2,
        "EBIT": 19,
        "Net Income": 0
    },
    "2018-06-30": {
        "Diluted EPS": NaN,
        "Total Revenue": 65,
        "Gross Profit": 28,
        "Operating Income": 4,
        "EBIT": 4,
        "Net Income": 2
    },
    "2018-03-31": {
        "Diluted EPS": 0.02,
        "Total Revenue": NaN,
        "Gross Profit": NaN,
        "Operating Income": 0,
        "EBIT": 0,
        "Net Income": 1
    },
    "2017-12-31": {
        "Diluted EPS": 0.0,
        "Total Revenue": NaN,
        "Gross Profit": NaN,
        "Operating Income": NaN,
        "EBIT": NaN,
        "Net Income": NaN
    },
    "2017-09-30": {
        "Diluted EPS": -0.0,
        "Total Revenue": NaN,
        "Gross Profit": NaN,
        "Operating Income": 0,
        "EBIT": 0,
        "Net Income": 0
    },
    "2017-06-30": {
        "Diluted EPS": 0.04,
        "Total Revenue": NaN,
        "Gross Profit": NaN,
        "Operating Income": 0,
        "EBIT": 0,
        "Net Income": 2
    },
    "2023-06-30": {
        "Tax Effect Of Unusual Items": NaN,
        "Tax Rate For Calcs": NaN,
        "Normalized EBITDA": NaN,
        "Total Unusual Items": NaN,
        "Total Unusual Items Excluding Goodwill": NaN,
        "Net Income From Continuing Operation Net Minority Interest": NaN,
        "Reconciled Depreciation": NaN,
        "Reconciled Cost Of Revenue": NaN,
        "EBITDA": NaN,
        "EBIT": NaN,
        "Net Interest Income": NaN,
        "Interest Expense": NaN,
        "Normalized Income": NaN,
        "Net Income From Continuing And Discontinued Operation": NaN,
        "Total Expenses": NaN,
        "Total Operating Income As Reported": NaN,
        "Diluted Average Shares": 82432158.0,
        "Basic Average Shares": 82432158.0,
        "Diluted EPS": -0.03,
        "Basic EPS": -0.03,
        "Diluted NI Availto Com Stockholders": NaN,
        "Net Income Common Stockholders": NaN,
        "Net Income": NaN,
        "Net Income Including Noncontrolling Interests": NaN,
        "Net Income Continuous Operations": NaN,
        "Tax Provision": NaN,
        "Pretax Income": NaN,
        "Other Income Expense": NaN,
        "Other Non Operating Income Expenses": NaN,
        "Gain On Sale Of Security": NaN,
        "Net Non Operating Interest Income Expense": NaN,
        "Interest Expense Non Operating": NaN,
        "Operating Income": NaN,
        "Operating Expense": NaN,
        "Other Operating Expenses": NaN,
        "Depreciation Amortization Depletion Income Statement": NaN,
        "Depreciation And Amortization In Income Statement": NaN,
        "Selling General And Administration": NaN,
        "Gross Profit": NaN,
        "Cost Of Revenue": NaN,
        "Total Revenue": NaN,
        "Operating Revenue": NaN
    },
    "2023-09-30": {
        "Tax Effect Of Unusual Items": NaN,
        "Tax Rate For Calcs": NaN,
        "Normalized EBITDA": NaN,
        "Total Unusual Items": NaN,
        "Total Unusual Items Excluding Goodwill": NaN,
        "Net Income From Continuing Operation Net Minority Interest": NaN,
        "Reconciled Depreciation": NaN,
        "Reconciled Cost Of Revenue": NaN,
        "EBITDA": NaN,
        "EBIT": NaN,
        "Net Interest Income": NaN,
        "Interest Expense": NaN,
        "Normalized Income": NaN,
        "Net Income From Continuing And Discontinued Operation": NaN,
        "Total Expenses": NaN,
        "Rent Expense Supplemental": NaN,
        "Total Operating Income As Reported": NaN,
        "Diluted Average Shares": 82322957.0,
        "Basic Average Shares": 82322957.0,
        "Diluted EPS": -0.04,
        "Basic EPS": -0.04,
        "Diluted NI Availto Com Stockholders": NaN,
        "Net Income Common Stockholders": NaN,
        "Net Income": NaN,
        "Net Income Including Noncontrolling Interests": NaN,
        "Net Income Continuous Operations": NaN,
        "Tax Provision": NaN,
        "Pretax Income": NaN,
        "Other Income Expense": NaN,
        "Other Non Operating Income Expenses": 100000.0,
        "Gain On Sale Of Security": NaN,
        "Net Non Operating Interest Income Expense": NaN,
        "Interest Expense Non Operating": NaN,
        "Operating Income": NaN,
        "Operating Expense": NaN,
        "Other Operating Expenses": NaN,
        "Depreciation Amortization Depletion Income Statement": NaN,
        "Depreciation And Amortization In Income Statement": NaN,
        "Selling General And Administration": NaN,
        "Gross Profit": NaN,
        "Cost Of Revenue": NaN,
        "Total Revenue": NaN,
        "Operating Revenue": NaN
    },
    "2023-12-31": {
        "Tax Effect Of Unusual Items": NaN,
        "Tax Rate For Calcs": NaN,
        "Normalized EBITDA": NaN,
        "Total Unusual Items": NaN,
        "Total Unusual Items Excluding Goodwill": NaN,
        "Net Income From Continuing Operation Net Minority Interest": NaN,
        "Reconciled Depreciation": NaN,
        "Reconciled Cost Of Revenue": NaN,
        "EBITDA": NaN,
        "EBIT": NaN,
        "Net Interest Income": NaN,
        "Interest Expense": NaN,
        "Normalized Income": NaN,
        "Net Income From Continuing And Discontinued Operation": NaN,
        "Total Expenses": NaN,
        "Rent Expense Supplemental": NaN,
        "Total Operating Income As Reported": NaN,
        "Diluted Average Shares": NaN,
        "Basic Average Shares": NaN,
        "Diluted EPS": NaN,
        "Basic EPS": NaN,
        "Diluted NI Availto Com Stockholders": NaN,
        "Net Income Common Stockholders": NaN,
        "Net Income": NaN,
        "Net Income Including Noncontrolling Interests": NaN,
        "Net Income Continuous Operations": NaN,
        "Tax Provision": NaN,
        "Pretax Income": NaN,
        "Other Income Expense": NaN,
        "Other Non Operating Income Expenses": -600000.0,
        "Gain On Sale Of Security": NaN,
        "Net Non Operating Interest Income Expense": NaN,
        "Interest Expense Non Operating": NaN,
        "Operating Income": NaN,
        "Operating Expense": NaN,
        "Other Operating Expenses": NaN,
        "Depreciation Amortization Depletion Income Statement": NaN,
        "Depreciation And Amortization In Income Statement": NaN,
        "Selling General And Administration": NaN,
        "Gross Profit": NaN,
        "Cost Of Revenue": NaN,
        "Total Revenue": NaN,
        "Operating Revenue": NaN
    },
    "2024-03-31": {
        "Tax Effect Of Unusual Items": NaN,
        "Tax Rate For Calcs": NaN,
        "Normalized EBITDA": NaN,
        "Total Unusual Items": NaN,
        "Total Unusual Items Excluding Goodwill": NaN,
        "Net Income From Continuing Operation Net Minority Interest": NaN,
        "Reconciled Depreciation": NaN,
        "Reconciled Cost Of Revenue": NaN,
        "EBITDA": NaN,
        "EBIT": NaN,
        "Net Interest Income": NaN,
        "Interest Expense": NaN,
        "Normalized Income": NaN,
        "Net Income From Continuing And Discontinued Operation": NaN,
        "Total Expenses": NaN,
        "Rent Expense Supplemental": 7300000.0,
        "Total Operating Income As Reported": NaN,
        "Diluted Average Shares": NaN,
        "Basic Average Shares": NaN,
        "Diluted EPS": NaN,
        "Basic EPS": NaN,
        "Diluted NI Availto Com Stockholders": NaN,
        "Net Income Common Stockholders": NaN,
        "Net Income": NaN,
        "Net Income Including Noncontrolling Interests": NaN,
        "Net Income Continuous Operations": NaN,
        "Tax Provision": NaN,
        "Pretax Income": NaN,
        "Other Income Expense": NaN,
        "Other Non Operating Income Expenses": NaN,
        "Gain On Sale Of Security": NaN,
        "Net Non Operating Interest Income Expense": NaN,
        "Interest Expense Non Operating": NaN,
        "Operating Income": NaN,
        "Operating Expense": NaN,
        "Other Operating Expenses": NaN,
        "Depreciation Amortization Depletion Income Statement": NaN,
        "Depreciation And Amortization In Income Statement": NaN,
        "Selling General And Administration": NaN,
        "Gross Profit": NaN,
        "Cost Of Revenue": NaN,
        "Total Revenue": NaN,
        "Operating Revenue": NaN
    },
    "2024-06-30": {
        "Tax Effect Of Unusual Items": NaN,
        "Tax Rate For Calcs": NaN,
        "Normalized EBITDA": NaN,
        "Total Unusual Items": NaN,
        "Total Unusual Items Excluding Goodwill": NaN,
        "Net Income From Continuing Operation Net Minority Interest": NaN,
        "Reconciled Depreciation": NaN,
        "Reconciled Cost Of Revenue": NaN,
        "EBITDA": NaN,
        "EBIT": NaN,
        "Net Interest Income": NaN,
        "Interest Expense": NaN,
        "Normalized Income": NaN,
        "Net Income From Continuing And Discontinued Operation": NaN,
        "Total Expenses": NaN,
        "Rent Expense Supplemental": 6200000.0,
        "Total Operating Income As Reported": NaN,
        "Diluted Average Shares": 83123636.0,
        "Basic Average Shares": 83071520.0,
        "Diluted EPS": 0.07,
        "Basic EPS": 0.07,
        "Diluted NI Availto Com Stockholders": NaN,
        "Net Income Common Stockholders": NaN,
        "Net Income": NaN,
        "Net Income Including Noncontrolling Interests": NaN,
        "Net Income Continuous Operations": NaN,
        "Tax Provision": NaN,
        "Pretax Income": NaN,
        "Other Income Expense": NaN,
        "Other Non Operating Income Expenses": 17900000.0,
        "Gain On Sale Of Security": NaN,
        "Net Non Operating Interest Income Expense": NaN,
        "Interest Expense Non Operating": NaN,
        "Operating Income": NaN,
        "Operating Expense": NaN,
        "Other Operating Expenses": NaN,
        "Depreciation Amortization Depletion Income Statement": NaN,
        "Depreciation And Amortization In Income Statement": NaN,
        "Selling General And Administration": NaN,
        "Gross Profit": NaN,
        "Cost Of Revenue": NaN,
        "Total Revenue": NaN,
        "Operating Revenue": NaN
    },
    "2024-09-30": {
        "Tax Effect Of Unusual Items": -46400.0,
        "Tax Rate For Calcs": 0.232,
        "Normalized EBITDA": 13600000.0,
        "Total Unusual Items": -200000.0,
        "Total Unusual Items Excluding Goodwill": -200000.0,
        "Net Income From Continuing Operation Net Minority Interest": -8100000.0,
        "Reconciled Depreciation": 14700000.0,
        "Reconciled Cost Of Revenue": 51300000.0,
        "EBITDA": 13400000.0,
        "EBIT": -1300000.0,
        "Net Interest Income": -9300000.0,
        "Interest Expense": 9300000.0,
        "Normalized Income": -7946400.0,
        "Net Income From Continuing And Discontinued Operation": -8100000.0,
        "Total Expenses": 96400000.0,
        "Rent Expense Supplemental": NaN,
        "Total Operating Income As Reported": -4200000.0,
        "Diluted Average Shares": 83227887.0,
        "Basic Average Shares": 83227887.0,
        "Diluted EPS": -0.1,
        "Basic EPS": -0.1,
        "Diluted NI Availto Com Stockholders": -8100000.0,
        "Net Income Common Stockholders": -8100000.0,
        "Net Income": -8100000.0,
        "Net Income Including Noncontrolling Interests": -8100000.0,
        "Net Income Continuous Operations": -8100000.0,
        "Tax Provision": -2500000.0,
        "Pretax Income": -10600000.0,
        "Other Income Expense": 2900000.0,
        "Other Non Operating Income Expenses": 3100000.0,
        "Gain On Sale Of Security": -200000.0,
        "Net Non Operating Interest Income Expense": -9300000.0,
        "Interest Expense Non Operating": 9300000.0,
        "Operating Income": -4200000.0,
        "Operating Expense": 38600000.0,
        "Other Operating Expenses": 1600000.0,
        "Depreciation Amortization Depletion Income Statement": 8200000.0,
        "Depreciation And Amortization In Income Statement": 8200000.0,
        "Selling General And Administration": 28800000.0,
        "Gross Profit": 34400000.0,
        "Cost Of Revenue": 57800000.0,
        "Total Revenue": 92200000.0,
        "Operating Revenue": 92200000.0
    },
    "2024-12-31": {
        "Tax Effect Of Unusual Items": 0.0,
        "Tax Rate For Calcs": 0.0,
        "Normalized EBITDA": 14600000.0,
        "Total Unusual Items": -4300000.0,
        "Total Unusual Items Excluding Goodwill": -4300000.0,
        "Net Income From Continuing Operation Net Minority Interest": -10800000.0,
        "Reconciled Depreciation": 13300000.0,
        "Reconciled Cost Of Revenue": 60500000.0,
        "EBITDA": 10300000.0,
        "EBIT": -3000000.0,
        "Net Interest Income": -7800000.0,
        "Interest Expense": 7800000.0,
        "Normalized Income": -6500000.0,
        "Net Income From Continuing And Discontinued Operation": -10800000.0,
        "Total Expenses": 103600000.0,
        "Rent Expense Supplemental": NaN,
        "Total Operating Income As Reported": 1400000.0,
        "Diluted Average Shares": NaN,
        "Basic Average Shares": NaN,
        "Diluted EPS": NaN,
        "Basic EPS": NaN,
        "Diluted NI Availto Com Stockholders": -10800000.0,
        "Net Income Common Stockholders": -10800000.0,
        "Net Income": -10800000.0,
        "Net Income Including Noncontrolling Interests": -10800000.0,
        "Net Income Continuous Operations": -10800000.0,
        "Tax Provision": 0.0,
        "Pretax Income": -10800000.0,
        "Other Income Expense": -4400000.0,
        "Other Non Operating Income Expenses": -100000.0,
        "Gain On Sale Of Security": 500000.0,
        "Net Non Operating Interest Income Expense": -7800000.0,
        "Interest Expense Non Operating": 7800000.0,
        "Operating Income": 1400000.0,
        "Operating Expense": 40000000.0,
        "Other Operating Expenses": 1900000.0,
        "Depreciation Amortization Depletion Income Statement": 10200000.0,
        "Depreciation And Amortization In Income Statement": 10200000.0,
        "Selling General And Administration": 27900000.0,
        "Gross Profit": 41400000.0,
        "Cost Of Revenue": 63600000.0,
        "Total Revenue": 105000000.0,
        "Operating Revenue": 123900000.0
    },
    "2025-03-31": {
        "Tax Effect Of Unusual Items": 587600.0,
        "Tax Rate For Calcs": 0.226,
        "Normalized EBITDA": 8000000.0,
        "Total Unusual Items": 2600000.0,
        "Total Unusual Items Excluding Goodwill": 2600000.0,
        "Net Income From Continuing Operation Net Minority Interest": -10900000.0,
        "Reconciled Depreciation": 16000000.0,
        "Reconciled Cost Of Revenue": 53300000.0,
        "EBITDA": 10600000.0,
        "EBIT": -5400000.0,
        "Net Interest Income": -8700000.0,
        "Interest Expense": 8700000.0,
        "Normalized Income": -12912400.0,
        "Net Income From Continuing And Discontinued Operation": -10900000.0,
        "Total Expenses": 99200000.0,
        "Rent Expense Supplemental": 5500000.0,
        "Total Operating Income As Reported": -8000000.0,
        "Diluted Average Shares": 83697897.0,
        "Basic Average Shares": 83697897.0,
        "Diluted EPS": -0.13,
        "Basic EPS": -0.13,
        "Diluted NI Availto Com Stockholders": -10900000.0,
        "Net Income Common Stockholders": -10900000.0,
        "Net Income": -10900000.0,
        "Net Income Including Noncontrolling Interests": -10900000.0,
        "Net Income Continuous Operations": -10900000.0,
        "Tax Provision": -3200000.0,
        "Pretax Income": -14100000.0,
        "Other Income Expense": 2600000.0,
        "Other Non Operating Income Expenses": NaN,
        "Gain On Sale Of Security": 2600000.0,
        "Net Non Operating Interest Income Expense": -8700000.0,
        "Interest Expense Non Operating": 8700000.0,
        "Operating Income": -8000000.0,
        "Operating Expense": 38900000.0,
        "Other Operating Expenses": 1000000.0,
        "Depreciation Amortization Depletion Income Statement": 9000000.0,
        "Depreciation And Amortization In Income Statement": 9000000.0,
        "Selling General And Administration": 28900000.0,
        "Gross Profit": 30900000.0,
        "Cost Of Revenue": 60300000.0,
        "Total Revenue": 91200000.0,
        "Operating Revenue": 91200000.0
    },
    "2025-06-30": {
        "Tax Effect Of Unusual Items": 547368.421053,
        "Tax Rate For Calcs": 0.210526,
        "Normalized EBITDA": 14000000.0,
        "Total Unusual Items": 2600000.0,
        "Total Unusual Items Excluding Goodwill": 2600000.0,
        "Net Income From Continuing Operation Net Minority Interest": -7500000.0,
        "Reconciled Depreciation": 17800000.0,
        "Reconciled Cost Of Revenue": 54400000.0,
        "EBITDA": 16600000.0,
        "EBIT": -1200000.0,
        "Net Interest Income": -8300000.0,
        "Interest Expense": 8300000.0,
        "Normalized Income": -9552631.578947,
        "Net Income From Continuing And Discontinued Operation": -7500000.0,
        "Total Expenses": 102000000.0,
        "Rent Expense Supplemental": 7400000.0,
        "Total Operating Income As Reported": -9700000.0,
        "Diluted Average Shares": 84274167.0,
        "Basic Average Shares": 84274167.0,
        "Diluted EPS": -0.09,
        "Basic EPS": -0.09,
        "Diluted NI Availto Com Stockholders": -7500000.0,
        "Net Income Common Stockholders": -7500000.0,
        "Net Income": -7500000.0,
        "Net Income Including Noncontrolling Interests": -7500000.0,
        "Net Income Continuous Operations": -7500000.0,
        "Tax Provision": -2000000.0,
        "Pretax Income": -9500000.0,
        "Other Income Expense": 8500000.0,
        "Other Non Operating Income Expenses": 5900000.0,
        "Gain On Sale Of Security": 2600000.0,
        "Net Non Operating Interest Income Expense": -8300000.0,
        "Interest Expense Non Operating": 8300000.0,
        "Operating Income": -9700000.0,
        "Operating Expense": 38600000.0,
        "Other Operating Expenses": 1000000.0,
        "Depreciation Amortization Depletion Income Statement": 8800000.0,
        "Depreciation And Amortization In Income Statement": 8800000.0,
        "Selling General And Administration": 28800000.0,
        "Gross Profit": 28900000.0,
        "Cost Of Revenue": 63400000.0,
        "Total Revenue": 92300000.0,
        "Operating Revenue": 92300000.0
    },
    "2025-09-30": {
        "Tax Effect Of Unusual Items": -56200.0,
        "Tax Rate For Calcs": 0.281,
        "Normalized EBITDA": 13200000.0,
        "Total Unusual Items": -200000.0,
        "Total Unusual Items Excluding Goodwill": -200000.0,
        "Net Income From Continuing Operation Net Minority Interest": -10400000.0,
        "Reconciled Depreciation": 18900000.0,
        "Reconciled Cost Of Revenue": 55500000.0,
        "EBITDA": 13000000.0,
        "EBIT": -5900000.0,
        "Net Interest Income": -8700000.0,
        "Interest Expense": 8700000.0,
        "Normalized Income": -10256200.0,
        "Net Income From Continuing And Discontinued Operation": -10400000.0,
        "Total Expenses": 105300000.0,
        "Rent Expense Supplemental": 7600000.0,
        "Total Operating Income As Reported": -5700000.0,
        "Diluted Average Shares": 84363456.0,
        "Basic Average Shares": 84363456.0,
        "Diluted EPS": -0.12,
        "Basic EPS": -0.12,
        "Diluted NI Availto Com Stockholders": -10400000.0,
        "Net Income Common Stockholders": -10400000.0,
        "Net Income": -10400000.0,
        "Net Income Including Noncontrolling Interests": -10400000.0,
        "Net Income Continuous Operations": -10400000.0,
        "Tax Provision": -4200000.0,
        "Pretax Income": -14600000.0,
        "Other Income Expense": -200000.0,
        "Other Non Operating Income Expenses": NaN,
        "Gain On Sale Of Security": -200000.0,
        "Net Non Operating Interest Income Expense": -8700000.0,
        "Interest Expense Non Operating": 8700000.0,
        "Operating Income": -5700000.0,
        "Operating Expense": 40100000.0,
        "Other Operating Expenses": 1300000.0,
        "Depreciation Amortization Depletion Income Statement": 9200000.0,
        "Depreciation And Amortization In Income Statement": 9200000.0,
        "Selling General And Administration": 29600000.0,
        "Gross Profit": 34400000.0,
        "Cost Of Revenue": 65200000.0,
        "Total Revenue": 99600000.0,
        "Operating Revenue": 99600000.0
    }
}