{
    "2023-06-30": {
        "Tax Effect Of Unusual Items": -3135682.0,
        "Tax Rate For Calcs": 0.253,
        "Total Unusual Items": -12394000.0,
        "Total Unusual Items Excluding Goodwill": -12394000.0,
        "Net Income From Continuing Operation Net Minority Interest": -197414000.0,
        "Reconciled Depreciation": 11477000.0,
        "Net Interest Income": 186076000.0,
        "Interest Expense": 353812000.0,
        "Interest Income": 539888000.0,
        "Normalized Income": -188155682.0,
        "Net Income From Continuing And Discontinued Operation": -197414000.0,
        "Diluted Average Shares": 118255000.0,
        "Basic Average Shares": 118255000.0,
        "Diluted EPS": -1.75,
        "Basic EPS": -1.75,
        "Diluted NI Availto Com Stockholders": -207674000.0,
        "Net Income Common Stockholders": -207674000.0,
        "Otherunder Preferred Stock Dividend": 313000.0,
        "Preferred Stock Dividends": 9947000.0,
        "Net Income": -197414000.0,
        "Net Income Including Noncontrolling Interests": -197414000.0,
        "Net Income Continuous Operations": -197414000.0,
        "Tax Provision": -67029000.0,
        "Pretax Income": -264443000.0,
        "Special Income Charges": -12394000.0,
        "Impairment Of Capital Assets": 0.0,
        "Restructuring And Mergern Acquisition": 12394000.0,
        "Gain On Sale Of Security": -124000.0,
        "Depreciation Amortization Depletion Income Statement": 11477000.0,
        "Depreciation And Amortization In Income Statement": 11477000.0,
        "Amortization": 2389000.0,
        "Amortization Of Intangibles Income Statement": 2389000.0,
        "Depreciation Income Statement": 9088000.0,
        "Selling General And Administration": 108516000.0,
        "General And Administrative Expense": 108516000.0,
        "Other Gand A": NaN,
        "Insurance And Claims": 25635000.0,
        "Salaries And Wages": 82881000.0,
        "Total Revenue": 25447000.0,
        "Operating Revenue": 25447000.0
    },
    "2023-03-31": {
        "Tax Effect Of Unusual Items": -72033000.0,
        "Tax Rate For Calcs": 0.052,
        "Total Unusual Items": -1385250000.0,
        "Total Unusual Items Excluding Goodwill": -1385250000.0,
        "Net Income From Continuing Operation Net Minority Interest": -1195424000.0,
        "Reconciled Depreciation": 11786000.0,
        "Net Interest Income": 279272000.0,
        "Interest Expense": 238516000.0,
        "Interest Income": 517788000.0,
        "Normalized Income": 117793000.0,
        "Net Income From Continuing And Discontinued Operation": -1195424000.0,
        "Diluted Average Shares": 117930000.0,
        "Basic Average Shares": 117930000.0,
        "Diluted EPS": -10.22,
        "Basic EPS": -10.22,
        "Diluted NI Availto Com Stockholders": -1206581000.0,
        "Net Income Common Stockholders": -1206581000.0,
        "Otherunder Preferred Stock Dividend": 1210000.0,
        "Preferred Stock Dividends": 9947000.0,
        "Net Income": -1195424000.0,
        "Net Income Including Noncontrolling Interests": -1195424000.0,
        "Net Income Continuous Operations": -1195424000.0,
        "Tax Provision": -64916000.0,
        "Pretax Income": -1260340000.0,
        "Special Income Charges": -1385250000.0,
        "Impairment Of Capital Assets": 1376736000.0,
        "Restructuring And Mergern Acquisition": 8514000.0,
        "Gain On Sale Of Security": -333000.0,
        "Depreciation Amortization Depletion Income Statement": 11786000.0,
        "Depreciation And Amortization In Income Statement": 11786000.0,
        "Amortization": 2411000.0,
        "Amortization Of Intangibles Income Statement": 2411000.0,
        "Depreciation Income Statement": 9375000.0,
        "Selling General And Administration": 100193000.0,
        "General And Administrative Expense": 100193000.0,
        "Other Gand A": NaN,
        "Insurance And Claims": 11717000.0,
        "Salaries And Wages": 88476000.0,
        "Total Revenue": 285134000.0,
        "Operating Revenue": 285134000.0
    },
    "2022-12-31": {
        "Tax Effect Of Unusual Items": -9126889.0,
        "Tax Rate For Calcs": 0.263,
        "Total Unusual Items": -34703000.0,
        "Total Unusual Items Excluding Goodwill": -34703000.0,
        "Net Income From Continuing Operation Net Minority Interest": 49509000.0,
        "Reconciled Depreciation": 11256000.0,
        "Net Interest Income": 322939000.0,
        "Interest Expense": 150084000.0,
        "Interest Income": 473023000.0,
        "Normalized Income": 75085111.0,
        "Net Income From Continuing And Discontinued Operation": 49509000.0,
        "Diluted Average Shares": 117811000.0,
        "Basic Average Shares": 117811000.0,
        "Diluted EPS": 0.33,
        "Basic EPS": 0.33,
        "Diluted NI Availto Com Stockholders": 38848000.0,
        "Net Income Common Stockholders": 38848000.0,
        "Otherunder Preferred Stock Dividend": 714000.0,
        "Preferred Stock Dividends": 9947000.0,
        "Net Income": 49509000.0,
        "Net Income Including Noncontrolling Interests": 49509000.0,
        "Net Income Continuous Operations": 49509000.0,
        "Tax Provision": 17642000.0,
        "Pretax Income": 67151000.0,
        "Special Income Charges": -34703000.0,
        "Impairment Of Capital Assets": 29000000.0,
        "Restructuring And Mergern Acquisition": 5703000.0,
        "Gain On Sale Of Security": -49348000.0,
        "Depreciation Amortization Depletion Income Statement": 11256000.0,
        "Depreciation And Amortization In Income Statement": 11256000.0,
        "Amortization": 2629000.0,
        "Amortization Of Intangibles Income Statement": 2629000.0,
        "Depreciation Income Statement": 8627000.0,
        "Selling General And Administration": 113329000.0,
        "General And Administrative Expense": 113329000.0,
        "Other Gand A": NaN,
        "Insurance And Claims": 7205000.0,
        "Salaries And Wages": 106124000.0,
        "Total Revenue": 279636000.0,
        "Operating Revenue": 279636000.0
    },
    "2022-09-30": {
        "Tax Effect Of Unusual Items": 0.0,
        "Tax Rate For Calcs": 0.249,
        "Total Unusual Items": 0.0,
        "Total Unusual Items Excluding Goodwill": 0.0,
        "Net Income From Continuing Operation Net Minority Interest": 131616000.0,
        "Reconciled Depreciation": 12557000.0,
        "Net Interest Income": 335181000.0,
        "Interest Expense": 74863000.0,
        "Interest Income": 410044000.0,
        "Normalized Income": 131616000.0,
        "Net Income From Continuing And Discontinued Operation": 131616000.0,
        "Diluted Average Shares": 117786000.0,
        "Basic Average Shares": 117786000.0,
        "Diluted EPS": 1.02,
        "Basic EPS": 1.02,
        "Diluted NI Availto Com Stockholders": 119893000.0,
        "Net Income Common Stockholders": 119893000.0,
        "Otherunder Preferred Stock Dividend": 2331000.0,
        "Preferred Stock Dividends": 9392000.0,
        "Net Income": 131616000.0,
        "Net Income Including Noncontrolling Interests": 131616000.0,
        "Net Income Continuous Operations": 131616000.0,
        "Tax Provision": 43566000.0,
        "Pretax Income": 175182000.0,
        "Special Income Charges": 0.0,
        "Impairment Of Capital Assets": NaN,
        "Restructuring And Mergern Acquisition": 0.0,
        "Gain On Sale Of Security": 378000.0,
        "Depreciation Amortization Depletion Income Statement": 12557000.0,
        "Depreciation And Amortization In Income Statement": 12557000.0,
        "Amortization": 3649000.0,
        "Amortization Of Intangibles Income Statement": 3649000.0,
        "Depreciation Income Statement": 8908000.0,
        "Selling General And Administration": 122660000.0,
        "General And Administrative Expense": 122660000.0,
        "Other Gand A": 9568000.0,
        "Insurance And Claims": 7159000.0,
        "Salaries And Wages": 105933000.0,
        "Total Revenue": 354899000.0,
        "Operating Revenue": 354899000.0
    },
    "2022-06-30": {
        "Tax Effect Of Unusual Items": 0.0,
        "Tax Rate For Calcs": 0.25,
        "Total Unusual Items": 0.0,
        "Total Unusual Items Excluding Goodwill": 0.0,
        "Net Income From Continuing Operation Net Minority Interest": 122360000.0,
        "Reconciled Depreciation": 12583000.0,
        "Net Interest Income": 323925000.0,
        "Interest Expense": 26593000.0,
        "Interest Income": 350518000.0,
        "Normalized Income": 122360000.0,
        "Net Income From Continuing And Discontinued Operation": 122360000.0,
        "Diluted Average Shares": 117562000.0,
        "Basic Average Shares": 117562000.0,
        "Diluted EPS": 1.02,
        "Basic EPS": 1.02,
        "Diluted NI Availto Com Stockholders": 120009000.0,
        "Net Income Common Stockholders": 120009000.0,
        "Otherunder Preferred Stock Dividend": 2351000.0,
        "Preferred Stock Dividends": NaN,
        "Net Income": 122360000.0,
        "Net Income Including Noncontrolling Interests": 122360000.0,
        "Net Income Continuous Operations": 122360000.0,
        "Tax Provision": 40766000.0,
        "Pretax Income": 163126000.0,
        "Special Income Charges": 0.0,
        "Impairment Of Capital Assets": NaN,
        "Restructuring And Mergern Acquisition": 0.0,
        "Gain On Sale Of Security": 406000.0,
        "Depreciation Amortization Depletion Income Statement": 12583000.0,
        "Depreciation And Amortization In Income Statement": 12583000.0,
        "Amortization": 3649000.0,
        "Amortization Of Intangibles Income Statement": 3649000.0,
        "Depreciation Income Statement": 8934000.0,
        "Selling General And Administration": 117432000.0,
        "General And Administrative Expense": 117432000.0,
        "Other Gand A": 9258000.0,
        "Insurance And Claims": 5632000.0,
        "Salaries And Wages": 102542000.0,
        "Total Revenue": 339486000.0,
        "Operating Revenue": 339486000.0
    },
    "2022-03-31": {
        "Diluted EPS": 1.01,
        "Total Revenue": 344,
        "Gross Profit": 330,
        "Operating Income": 162,
        "EBIT": NaN,
        "Net Income": 120
    },
    "2021-12-31": {
        "Diluted EPS": 1.14,
        "Total Revenue": 372,
        "Gross Profit": 358,
        "Operating Income": 188,
        "EBIT": NaN,
        "Net Income": 134
    },
    "2021-09-30": {
        "Diluted EPS": 1.17,
        "Total Revenue": 341,
        "Gross Profit": 327,
        "Operating Income": 188,
        "EBIT": NaN,
        "Net Income": 138
    },
    "2021-06-30": {
        "Diluted EPS": 1.52,
        "Total Revenue": 321,
        "Gross Profit": 307,
        "Operating Income": 243,
        "EBIT": NaN,
        "Net Income": 177
    },
    "2021-03-31": {
        "Diluted EPS": 1.27,
        "Total Revenue": 318,
        "Gross Profit": 306,
        "Operating Income": 204,
        "EBIT": NaN,
        "Net Income": 148
    },
    "2020-12-31": {
        "Diluted EPS": 0.99,
        "Total Revenue": 312,
        "Gross Profit": 299,
        "Operating Income": 154,
        "EBIT": NaN,
        "Net Income": 115
    },
    "2020-09-30": {
        "Diluted EPS": 0.38,
        "Total Revenue": 304,
        "Gross Profit": 290,
        "Operating Income": 59,
        "EBIT": NaN,
        "Net Income": 45
    },
    "2020-06-30": {
        "Diluted EPS": 0.28,
        "Total Revenue": 313,
        "Gross Profit": 293,
        "Operating Income": 46,
        "EBIT": NaN,
        "Net Income": 33
    },
    "2020-03-31": {
        "Diluted EPS": -12.23,
        "Total Revenue": 320,
        "Gross Profit": 279,
        "Operating Income": NaN,
        "EBIT": NaN,
        "Net Income": NaN
    },
    "2019-12-31": {
        "Diluted EPS": 0.98,
        "Total Revenue": 321,
        "Gross Profit": 274,
        "Operating Income": 147,
        "EBIT": NaN,
        "Net Income": 116
    },
    "2019-09-30": {
        "Diluted EPS": 0.92,
        "Total Revenue": 341,
        "Gross Profit": 286,
        "Operating Income": 152,
        "EBIT": NaN,
        "Net Income": 110
    },
    "2019-06-30": {
        "Diluted EPS": 1.07,
        "Total Revenue": 365,
        "Gross Profit": 312,
        "Operating Income": 178,
        "EBIT": NaN,
        "Net Income": 127
    },
    "2019-03-31": {
        "Diluted EPS": 0.92,
        "Total Revenue": 336,
        "Gross Profit": 286,
        "Operating Income": 156,
        "EBIT": NaN,
        "Net Income": 111
    },
    "2018-12-31": {
        "Diluted EPS": 0.93,
        "Total Revenue": 336,
        "Gross Profit": 295,
        "Operating Income": 154,
        "EBIT": NaN,
        "Net Income": 114
    },
    "2018-09-30": {
        "Diluted EPS": 0.94,
        "Total Revenue": 330,
        "Gross Profit": 297,
        "Operating Income": 158,
        "EBIT": NaN,
        "Net Income": 115
    },
    "2018-06-30": {
        "Diluted EPS": 0.92,
        "Total Revenue": 328,
        "Gross Profit": 302,
        "Operating Income": 158,
        "EBIT": NaN,
        "Net Income": 114
    },
    "2018-03-31": {
        "Diluted EPS": 0.93,
        "Total Revenue": 316,
        "Gross Profit": 295,
        "Operating Income": 164,
        "EBIT": NaN,
        "Net Income": 117
    },
    "2017-12-31": {
        "Diluted EPS": 0.66,
        "Total Revenue": 311,
        "Gross Profit": 290,
        "Operating Income": 157,
        "EBIT": NaN,
        "Net Income": 83
    },
    "2017-09-30": {
        "Diluted EPS": 0.84,
        "Total Revenue": 292,
        "Gross Profit": 273,
        "Operating Income": 141,
        "EBIT": NaN,
        "Net Income": 100
    },
    "2017-06-30": {
        "Diluted EPS": 0.77,
        "Total Revenue": 295,
        "Gross Profit": 278,
        "Operating Income": 150,
        "EBIT": NaN,
        "Net Income": 93
    },
    "2017-03-31": {
        "Diluted EPS": 0.65,
        "Total Revenue": 283,
        "Gross Profit": 268,
        "Operating Income": 127,
        "EBIT": NaN,
        "Net Income": 78
    },
    "2016-12-31": {
        "Diluted EPS": 0.71,
        "Total Revenue": 291,
        "Gross Profit": 277,
        "Operating Income": 135,
        "EBIT": NaN,
        "Net Income": 85
    },
    "2016-09-30": {
        "Diluted EPS": 0.77,
        "Total Revenue": 275,
        "Gross Profit": 262,
        "Operating Income": 142,
        "EBIT": NaN,
        "Net Income": 94
    },
    "2016-06-30": {
        "Diluted EPS": 0.68,
        "Total Revenue": 269,
        "Gross Profit": 256,
        "Operating Income": 132,
        "EBIT": NaN,
        "Net Income": 81
    },
    "2016-03-31": {
        "Diluted EPS": 0.74,
        "Total Revenue": 294,
        "Gross Profit": 279,
        "Operating Income": 149,
        "EBIT": NaN,
        "Net Income": 89
    },
    "2015-12-31": {
        "Diluted EPS": 0.6,
        "Total Revenue": 272,
        "Gross Profit": 257,
        "Operating Income": 139,
        "EBIT": NaN,
        "Net Income": 71
    },
    "2015-09-30": {
        "Diluted EPS": 0.68,
        "Total Revenue": 223,
        "Gross Profit": 208,
        "Operating Income": 110,
        "EBIT": NaN,
        "Net Income": 70
    },
    "2015-06-30": {
        "Diluted EPS": 0.83,
        "Total Revenue": 238,
        "Gross Profit": 222,
        "Operating Income": 131,
        "EBIT": NaN,
        "Net Income": 84
    },
    "2015-03-31": {
        "Diluted EPS": 0.71,
        "Total Revenue": 235,
        "Gross Profit": 220,
        "Operating Income": 121,
        "EBIT": NaN,
        "Net Income": 72
    },
    "2014-12-31": {
        "Diluted EPS": 0.69,
        "Total Revenue": 222,
        "Gross Profit": 208,
        "Operating Income": 122,
        "EBIT": NaN,
        "Net Income": 70
    },
    "2014-09-30": {
        "Diluted EPS": 0.6,
        "Total Revenue": 219,
        "Gross Profit": 205,
        "Operating Income": 110,
        "EBIT": NaN,
        "Net Income": 62
    },
    "2014-06-30": {
        "Diluted EPS": 0.1,
        "Total Revenue": 213,
        "Gross Profit": 201,
        "Operating Income": 113,
        "EBIT": NaN,
        "Net Income": 10
    },
    "2014-03-31": {
        "Diluted EPS": 0.55,
        "Total Revenue": 93,
        "Gross Profit": 91,
        "Operating Income": 43,
        "EBIT": NaN,
        "Net Income": 25
    },
    "2013-12-31": {
        "Diluted EPS": 0.06,
        "Total Revenue": 80,
        "Gross Profit": 77,
        "Operating Income": 17,
        "EBIT": NaN,
        "Net Income": 3
    },
    "2013-09-30": {
        "Diluted EPS": 0.53,
        "Total Revenue": 90,
        "Gross Profit": 87,
        "Operating Income": 41,
        "EBIT": NaN,
        "Net Income": 23
    },
    "2013-06-30": {
        "Diluted EPS": 0.11,
        "Total Revenue": 72,
        "Gross Profit": 69,
        "Operating Income": 24,
        "EBIT": NaN,
        "Net Income": 4
    },
    "2013-03-31": {
        "Diluted EPS": 0.37,
        "Total Revenue": 72,
        "Gross Profit": 69,
        "Operating Income": 22,
        "EBIT": NaN,
        "Net Income": 13
    },
    "2012-12-31": {
        "Diluted EPS": 0.54,
        "Total Revenue": 76,
        "Gross Profit": 72,
        "Operating Income": 34,
        "EBIT": NaN,
        "Net Income": 19
    },
    "2012-09-30": {
        "Diluted EPS": 0.43,
        "Total Revenue": 81,
        "Gross Profit": 76,
        "Operating Income": 29,
        "EBIT": NaN,
        "Net Income": 16
    },
    "2012-06-30": {
        "Diluted EPS": 0.42,
        "Total Revenue": 78,
        "Gross Profit": 73,
        "Operating Income": 27,
        "EBIT": NaN,
        "Net Income": 15
    },
    "2012-03-31": {
        "Diluted EPS": 0.14,
        "Total Revenue": 78,
        "Gross Profit": 71,
        "Operating Income": 8,
        "EBIT": NaN,
        "Net Income": 5
    },
    "2011-12-31": {
        "Diluted EPS": 0.38,
        "Total Revenue": 79,
        "Gross Profit": 72,
        "Operating Income": 25,
        "EBIT": NaN,
        "Net Income": 13
    },
    "2011-09-30": {
        "Diluted EPS": 0.36,
        "Total Revenue": 80,
        "Gross Profit": 72,
        "Operating Income": 23,
        "EBIT": NaN,
        "Net Income": 13
    },
    "2011-06-30": {
        "Diluted EPS": 0.35,
        "Total Revenue": 88,
        "Gross Profit": 80,
        "Operating Income": 22,
        "EBIT": NaN,
        "Net Income": 13
    },
    "2011-03-31": {
        "Diluted EPS": 0.29,
        "Total Revenue": 79,
        "Gross Profit": 71,
        "Operating Income": 18,
        "EBIT": NaN,
        "Net Income": 10
    },
    "2010-12-31": {
        "Diluted EPS": -0.22,
        "Total Revenue": 83,
        "Gross Profit": 73,
        "Operating Income": -14,
        "EBIT": NaN,
        "Net Income": -8
    },
    "2010-09-30": {
        "Diluted EPS": 0.1,
        "Total Revenue": 85,
        "Gross Profit": 75,
        "Operating Income": 5,
        "EBIT": NaN,
        "Net Income": 4
    },
    "2010-06-30": {
        "Diluted EPS": 0.07,
        "Total Revenue": 79,
        "Gross Profit": 69,
        "Operating Income": 4,
        "EBIT": NaN,
        "Net Income": 3
    },
    "2010-03-31": {
        "Diluted EPS": -1.76,
        "Total Revenue": 90,
        "Gross Profit": 79,
        "Operating Income": -105,
        "EBIT": NaN,
        "Net Income": -61
    },
    "2009-12-31": {
        "Diluted EPS": -0.23,
        "Total Revenue": 97,
        "Gross Profit": 84,
        "Operating Income": -14,
        "EBIT": NaN,
        "Net Income": -8
    },
    "2009-09-30": {
        "Diluted EPS": 0.08,
        "Total Revenue": 140,
        "Gross Profit": 127,
        "Operating Income": 5,
        "EBIT": NaN,
        "Net Income": 3
    },
    "2009-06-30": {
        "Diluted EPS": -0.18,
        "Total Revenue": 69,
        "Gross Profit": 56,
        "Operating Income": -10,
        "EBIT": NaN,
        "Net Income": -6
    },
    "2009-03-31": {
        "Diluted EPS": 0.04,
        "Total Revenue": 70,
        "Gross Profit": 55,
        "Operating Income": 3,
        "EBIT": NaN,
        "Net Income": 1
    },
    "2023-09-30": {
        "Tax Effect Of Unusual Items": -1200925.0,
        "Tax Rate For Calcs": 0.121,
        "Total Unusual Items": -9925000.0,
        "Total Unusual Items Excluding Goodwill": -9925000.0,
        "Net Income From Continuing Operation Net Minority Interest": -23344000.0,
        "Reconciled Depreciation": 10722000.0,
        "Net Interest Income": 130729000.0,
        "Interest Expense": 315355000.0,
        "Interest Income": 446084000.0,
        "Normalized Income": -14619925.0,
        "Net Income From Continuing And Discontinued Operation": -23344000.0,
        "Diluted Average Shares": 118558000.0,
        "Basic Average Shares": 118558000.0,
        "Diluted EPS": -0.28,
        "Basic EPS": -0.28,
        "Diluted NI Availto Com Stockholders": -32917000.0,
        "Net Income Common Stockholders": -32917000.0,
        "Otherunder Preferred Stock Dividend": -374000.0,
        "Preferred Stock Dividends": 9947000.0,
        "Net Income": -23344000.0,
        "Net Income Including Noncontrolling Interests": -23344000.0,
        "Net Income Continuous Operations": -23344000.0,
        "Tax Provision": -3222000.0,
        "Pretax Income": -26566000.0,
        "Special Income Charges": -9925000.0,
        "Impairment Of Capital Assets": 0.0,
        "Restructuring And Mergern Acquisition": 9925000.0,
        "Gain On Sale Of Security": -88000.0,
        "Depreciation Amortization Depletion Income Statement": 10722000.0,
        "Depreciation And Amortization In Income Statement": 10722000.0,
        "Amortization": 2389000.0,
        "Amortization Of Intangibles Income Statement": 2389000.0,
        "Depreciation Income Statement": 8333000.0,
        "Selling General And Administration": 109940000.0,
        "General And Administrative Expense": 109940000.0,
        "Other Gand A": NaN,
        "Insurance And Claims": 38298000.0,
        "Salaries And Wages": 71642000.0,
        "Total Revenue": 143323000.0,
        "Operating Revenue": 143323000.0
    }
}