{
    "2023-03-31": {
        "Tax Effect Of Unusual Items": NaN,
        "Tax Rate For Calcs": NaN,
        "Normalized EBITDA": NaN,
        "Net Income From Continuing Operation Net Minority Interest": NaN,
        "Reconciled Depreciation": NaN,
        "Reconciled Cost Of Revenue": NaN,
        "EBITDA": NaN,
        "EBIT": NaN,
        "Net Interest Income": NaN,
        "Interest Expense": NaN,
        "Interest Income": NaN,
        "Normalized Income": NaN,
        "Net Income From Continuing And Discontinued Operation": NaN,
        "Total Expenses": NaN,
        "Diluted Average Shares": 327522243.0,
        "Basic Average Shares": 324703913.0,
        "Diluted EPS": 1.1292,
        "Basic EPS": 1.139,
        "Diluted NI Availto Com Stockholders": NaN,
        "Net Income Common Stockholders": NaN,
        "Net Income": NaN,
        "Net Income Including Noncontrolling Interests": NaN,
        "Net Income Continuous Operations": NaN,
        "Tax Provision": NaN,
        "Pretax Income": NaN,
        "Other Income Expense": NaN,
        "Other Non Operating Income Expenses": NaN,
        "Net Non Operating Interest Income Expense": NaN,
        "Total Other Finance Cost": NaN,
        "Interest Expense Non Operating": NaN,
        "Interest Income Non Operating": NaN,
        "Operating Income": NaN,
        "Operating Expense": NaN,
        "Selling General And Administration": NaN,
        "Selling And Marketing Expense": NaN,
        "General And Administrative Expense": NaN,
        "Other Gand A": NaN,
        "Gross Profit": NaN,
        "Cost Of Revenue": NaN,
        "Total Revenue": NaN,
        "Operating Revenue": NaN
    },
    "2022-12-31": {
        "Tax Effect Of Unusual Items": NaN,
        "Tax Rate For Calcs": NaN,
        "Normalized EBITDA": NaN,
        "Net Income From Continuing Operation Net Minority Interest": NaN,
        "Reconciled Depreciation": NaN,
        "Reconciled Cost Of Revenue": NaN,
        "EBITDA": NaN,
        "EBIT": NaN,
        "Net Interest Income": NaN,
        "Interest Expense": NaN,
        "Interest Income": NaN,
        "Normalized Income": NaN,
        "Net Income From Continuing And Discontinued Operation": NaN,
        "Total Expenses": NaN,
        "Diluted Average Shares": NaN,
        "Basic Average Shares": NaN,
        "Diluted EPS": NaN,
        "Basic EPS": NaN,
        "Diluted NI Availto Com Stockholders": NaN,
        "Net Income Common Stockholders": NaN,
        "Net Income": NaN,
        "Minority Interests": 0.0,
        "Net Income Including Noncontrolling Interests": NaN,
        "Net Income Continuous Operations": NaN,
        "Tax Provision": NaN,
        "Pretax Income": NaN,
        "Other Income Expense": NaN,
        "Other Non Operating Income Expenses": NaN,
        "Net Non Operating Interest Income Expense": NaN,
        "Total Other Finance Cost": NaN,
        "Interest Expense Non Operating": NaN,
        "Interest Income Non Operating": NaN,
        "Operating Income": NaN,
        "Operating Expense": NaN,
        "Selling General And Administration": NaN,
        "Selling And Marketing Expense": NaN,
        "General And Administrative Expense": NaN,
        "Other Gand A": NaN,
        "Gross Profit": NaN,
        "Cost Of Revenue": NaN,
        "Total Revenue": NaN,
        "Operating Revenue": NaN
    },
    "2022-09-30": {
        "Tax Effect Of Unusual Items": NaN,
        "Tax Rate For Calcs": NaN,
        "Normalized EBITDA": NaN,
        "Net Income From Continuing Operation Net Minority Interest": NaN,
        "Reconciled Depreciation": NaN,
        "Reconciled Cost Of Revenue": NaN,
        "EBITDA": NaN,
        "EBIT": NaN,
        "Net Interest Income": NaN,
        "Interest Expense": NaN,
        "Interest Income": NaN,
        "Normalized Income": NaN,
        "Net Income From Continuing And Discontinued Operation": NaN,
        "Total Expenses": NaN,
        "Diluted Average Shares": 328898070.0,
        "Basic Average Shares": 326724059.0,
        "Diluted EPS": 1.1562,
        "Basic EPS": 1.1639,
        "Diluted NI Availto Com Stockholders": NaN,
        "Net Income Common Stockholders": NaN,
        "Net Income": NaN,
        "Minority Interests": 0.0,
        "Net Income Including Noncontrolling Interests": NaN,
        "Net Income Continuous Operations": NaN,
        "Tax Provision": NaN,
        "Pretax Income": NaN,
        "Other Income Expense": NaN,
        "Other Non Operating Income Expenses": NaN,
        "Net Non Operating Interest Income Expense": NaN,
        "Total Other Finance Cost": NaN,
        "Interest Expense Non Operating": NaN,
        "Interest Income Non Operating": NaN,
        "Operating Income": NaN,
        "Operating Expense": NaN,
        "Selling General And Administration": NaN,
        "Selling And Marketing Expense": NaN,
        "General And Administrative Expense": NaN,
        "Other Gand A": NaN,
        "Gross Profit": NaN,
        "Cost Of Revenue": NaN,
        "Total Revenue": NaN,
        "Operating Revenue": NaN
    },
    "2022-06-30": {
        "Tax Effect Of Unusual Items": 0.0,
        "Tax Rate For Calcs": 0.171188,
        "Normalized EBITDA": 1478836000.0,
        "Net Income From Continuing Operation Net Minority Interest": 366924000.0,
        "Reconciled Depreciation": 280566000.0,
        "Reconciled Cost Of Revenue": 1900300000.0,
        "EBITDA": 1478836000.0,
        "EBIT": 1198270000.0,
        "Net Interest Income": 899312000.0,
        "Interest Expense": 755559000.0,
        "Interest Income": 1610102000.0,
        "Normalized Income": 366924000.0,
        "Net Income From Continuing And Discontinued Operation": 366924000.0,
        "Total Expenses": 2603338000.0,
        "Diluted Average Shares": 333212037.0,
        "Basic Average Shares": 331796590.0,
        "Diluted EPS": 1.1012,
        "Basic EPS": 1.1059,
        "Diluted NI Availto Com Stockholders": 366924000.0,
        "Net Income Common Stockholders": 366924000.0,
        "Net Income": 366924000.0,
        "Minority Interests": 0.0,
        "Net Income Including Noncontrolling Interests": 366924000.0,
        "Net Income Continuous Operations": 366924000.0,
        "Tax Provision": 75787000.0,
        "Pretax Income": 442711000.0,
        "Other Income Expense": -108950000.0,
        "Other Non Operating Income Expenses": -108950000.0,
        "Net Non Operating Interest Income Expense": 899312000.0,
        "Total Other Finance Cost": -44769000.0,
        "Interest Expense Non Operating": 755559000.0,
        "Interest Income Non Operating": 1610102000.0,
        "Operating Income": -347651000.0,
        "Operating Expense": 703038000.0,
        "Selling General And Administration": 703038000.0,
        "Selling And Marketing Expense": 499101000.0,
        "General And Administrative Expense": 203937000.0,
        "Other Gand A": 203937000.0,
        "Gross Profit": 355387000.0,
        "Cost Of Revenue": 1900300000.0,
        "Total Revenue": 2255687000.0,
        "Operating Revenue": 2255687000.0
    },
    "2022-03-31": {
        "Diluted EPS": 0.2,
        "Total Revenue": 656,
        "Gross Profit": 323,
        "Operating Income": 199,
        "EBIT": 247,
        "Net Income": 67
    },
    "2021-12-31": {
        "Diluted EPS": 0.16,
        "Total Revenue": 579,
        "Gross Profit": 251,
        "Operating Income": 142,
        "EBIT": 180,
        "Net Income": 54
    },
    "2021-09-30": {
        "Diluted EPS": 0.19,
        "Total Revenue": 531,
        "Gross Profit": 244,
        "Operating Income": 121,
        "EBIT": 161,
        "Net Income": 62
    },
    "2021-06-30": {
        "Diluted EPS": 0.16,
        "Total Revenue": 447,
        "Gross Profit": 203,
        "Operating Income": 92,
        "EBIT": 127,
        "Net Income": 51
    },
    "2021-03-31": {
        "Diluted EPS": 0.15,
        "Total Revenue": 378,
        "Gross Profit": 169,
        "Operating Income": 67,
        "EBIT": 96,
        "Net Income": 50
    },
    "2020-12-31": {
        "Diluted EPS": 0.2,
        "Total Revenue": 379,
        "Gross Profit": 165,
        "Operating Income": 101,
        "EBIT": 129,
        "Net Income": 66
    },
    "2020-09-30": {
        "Diluted EPS": 0.15,
        "Total Revenue": 332,
        "Gross Profit": 135,
        "Operating Income": 70,
        "EBIT": 89,
        "Net Income": 49
    },
    "2020-06-30": {
        "Diluted EPS": 0.17,
        "Total Revenue": 253,
        "Gross Profit": 105,
        "Operating Income": 67,
        "EBIT": 80,
        "Net Income": 55
    },
    "2020-03-31": {
        "Diluted EPS": 0.24,
        "Total Revenue": 359,
        "Gross Profit": 185,
        "Operating Income": 123,
        "EBIT": 136,
        "Net Income": 81
    },
    "2019-12-31": {
        "Diluted EPS": 0.28,
        "Total Revenue": 390,
        "Gross Profit": 202,
        "Operating Income": 134,
        "EBIT": 145,
        "Net Income": 95
    },
    "2019-09-30": {
        "Diluted EPS": 0.26,
        "Total Revenue": 369,
        "Gross Profit": 197,
        "Operating Income": 121,
        "EBIT": 130,
        "Net Income": 86
    },
    "2019-06-30": {
        "Diluted EPS": 0.25,
        "Total Revenue": 355,
        "Gross Profit": 180,
        "Operating Income": 118,
        "EBIT": 124,
        "Net Income": 82
    },
    "2019-03-31": {
        "Diluted EPS": 0.26,
        "Total Revenue": 332,
        "Gross Profit": 168,
        "Operating Income": 122,
        "EBIT": 129,
        "Net Income": 82
    },
    "2018-12-31": {
        "Diluted EPS": 0.23,
        "Total Revenue": 332,
        "Gross Profit": 157,
        "Operating Income": 116,
        "EBIT": 126,
        "Net Income": 81
    },
    "2018-09-30": {
        "Diluted EPS": 0.19,
        "Total Revenue": 289,
        "Gross Profit": 149,
        "Operating Income": 84,
        "EBIT": 89,
        "Net Income": 59
    },
    "2018-06-30": {
        "Diluted EPS": 0.21,
        "Total Revenue": 279,
        "Gross Profit": 144,
        "Operating Income": 88,
        "EBIT": 93,
        "Net Income": 63
    },
    "2018-03-31": {
        "Diluted EPS": 0.15,
        "Total Revenue": 286,
        "Gross Profit": 149,
        "Operating Income": 56,
        "EBIT": 61,
        "Net Income": 46
    },
    "2017-12-31": {
        "Diluted EPS": 0.0,
        "Total Revenue": NaN,
        "Gross Profit": NaN,
        "Operating Income": NaN,
        "EBIT": NaN,
        "Net Income": NaN
    },
    "2017-09-30": {
        "Diluted EPS": 0.0,
        "Total Revenue": NaN,
        "Gross Profit": NaN,
        "Operating Income": NaN,
        "EBIT": NaN,
        "Net Income": NaN
    },
    "2016-12-31": {
        "Diluted EPS": 0.0,
        "Total Revenue": NaN,
        "Gross Profit": NaN,
        "Operating Income": NaN,
        "EBIT": NaN,
        "Net Income": NaN
    },
    "2023-06-30": {
        "Tax Effect Of Unusual Items": NaN,
        "Tax Rate For Calcs": NaN,
        "Normalized EBITDA": NaN,
        "Net Income From Continuing Operation Net Minority Interest": NaN,
        "Reconciled Depreciation": NaN,
        "Reconciled Cost Of Revenue": NaN,
        "EBITDA": NaN,
        "EBIT": NaN,
        "Net Interest Income": NaN,
        "Interest Expense": NaN,
        "Interest Income": NaN,
        "Normalized Income": NaN,
        "Net Income From Continuing And Discontinued Operation": NaN,
        "Total Expenses": NaN,
        "Diluted Average Shares": 325480431.0,
        "Basic Average Shares": 323522068.0,
        "Diluted EPS": 1.1832,
        "Basic EPS": 1.1903,
        "Diluted NI Availto Com Stockholders": NaN,
        "Net Income Common Stockholders": NaN,
        "Net Income": NaN,
        "Net Income Including Noncontrolling Interests": NaN,
        "Net Income Continuous Operations": NaN,
        "Tax Provision": NaN,
        "Pretax Income": NaN,
        "Other Income Expense": NaN,
        "Other Non Operating Income Expenses": NaN,
        "Net Non Operating Interest Income Expense": NaN,
        "Total Other Finance Cost": NaN,
        "Interest Expense Non Operating": NaN,
        "Interest Income Non Operating": NaN,
        "Operating Income": NaN,
        "Operating Expense": NaN,
        "Selling General And Administration": NaN,
        "Selling And Marketing Expense": NaN,
        "General And Administrative Expense": NaN,
        "Other Gand A": NaN,
        "Gross Profit": NaN,
        "Cost Of Revenue": NaN,
        "Total Revenue": NaN,
        "Operating Revenue": NaN
    },
    "2023-09-30": {
        "Tax Effect Of Unusual Items": NaN,
        "Tax Rate For Calcs": NaN,
        "Normalized EBITDA": NaN,
        "Net Income From Continuing Operation Net Minority Interest": NaN,
        "Reconciled Depreciation": NaN,
        "Reconciled Cost Of Revenue": NaN,
        "EBITDA": NaN,
        "EBIT": NaN,
        "Net Interest Income": NaN,
        "Interest Expense": NaN,
        "Interest Income": NaN,
        "Normalized Income": NaN,
        "Net Income From Continuing And Discontinued Operation": NaN,
        "Total Expenses": NaN,
        "Diluted Average Shares": NaN,
        "Basic Average Shares": NaN,
        "Diluted EPS": NaN,
        "Basic EPS": NaN,
        "Diluted NI Availto Com Stockholders": NaN,
        "Net Income Common Stockholders": NaN,
        "Net Income": NaN,
        "Net Income Including Noncontrolling Interests": NaN,
        "Net Income Continuous Operations": NaN,
        "Tax Provision": NaN,
        "Pretax Income": NaN,
        "Other Income Expense": NaN,
        "Other Non Operating Income Expenses": NaN,
        "Net Non Operating Interest Income Expense": NaN,
        "Total Other Finance Cost": -65585000.0,
        "Interest Expense Non Operating": NaN,
        "Interest Income Non Operating": NaN,
        "Operating Income": NaN,
        "Operating Expense": NaN,
        "Selling General And Administration": NaN,
        "Selling And Marketing Expense": NaN,
        "General And Administrative Expense": NaN,
        "Other Gand A": NaN,
        "Gross Profit": NaN,
        "Cost Of Revenue": NaN,
        "Total Revenue": NaN,
        "Operating Revenue": NaN
    },
    "2023-12-31": {
        "Tax Effect Of Unusual Items": NaN,
        "Tax Rate For Calcs": NaN,
        "Normalized EBITDA": NaN,
        "Net Income From Continuing Operation Net Minority Interest": NaN,
        "Reconciled Depreciation": NaN,
        "Reconciled Cost Of Revenue": NaN,
        "EBITDA": NaN,
        "EBIT": NaN,
        "Net Interest Income": NaN,
        "Interest Expense": NaN,
        "Interest Income": NaN,
        "Normalized Income": NaN,
        "Net Income From Continuing And Discontinued Operation": NaN,
        "Total Expenses": NaN,
        "Diluted Average Shares": NaN,
        "Basic Average Shares": NaN,
        "Diluted EPS": NaN,
        "Basic EPS": NaN,
        "Diluted NI Availto Com Stockholders": NaN,
        "Net Income Common Stockholders": NaN,
        "Net Income": NaN,
        "Net Income Including Noncontrolling Interests": NaN,
        "Net Income Continuous Operations": NaN,
        "Tax Provision": NaN,
        "Pretax Income": NaN,
        "Other Income Expense": NaN,
        "Other Non Operating Income Expenses": NaN,
        "Net Non Operating Interest Income Expense": NaN,
        "Total Other Finance Cost": -73085000.0,
        "Interest Expense Non Operating": NaN,
        "Interest Income Non Operating": NaN,
        "Operating Income": NaN,
        "Operating Expense": NaN,
        "Selling General And Administration": NaN,
        "Selling And Marketing Expense": NaN,
        "General And Administrative Expense": NaN,
        "Other Gand A": NaN,
        "Gross Profit": NaN,
        "Cost Of Revenue": NaN,
        "Total Revenue": NaN,
        "Operating Revenue": NaN
    },
    "2024-03-31": {
        "Tax Effect Of Unusual Items": NaN,
        "Tax Rate For Calcs": NaN,
        "Normalized EBITDA": NaN,
        "Net Income From Continuing Operation Net Minority Interest": NaN,
        "Reconciled Depreciation": NaN,
        "Reconciled Cost Of Revenue": NaN,
        "EBITDA": NaN,
        "EBIT": NaN,
        "Net Interest Income": NaN,
        "Interest Expense": NaN,
        "Interest Income": NaN,
        "Normalized Income": NaN,
        "Net Income From Continuing And Discontinued Operation": NaN,
        "Total Expenses": NaN,
        "Diluted Average Shares": NaN,
        "Basic Average Shares": NaN,
        "Diluted EPS": NaN,
        "Basic EPS": NaN,
        "Diluted NI Availto Com Stockholders": NaN,
        "Net Income Common Stockholders": NaN,
        "Net Income": NaN,
        "Net Income Including Noncontrolling Interests": NaN,
        "Net Income Continuous Operations": NaN,
        "Tax Provision": NaN,
        "Pretax Income": NaN,
        "Other Income Expense": NaN,
        "Other Non Operating Income Expenses": NaN,
        "Net Non Operating Interest Income Expense": NaN,
        "Total Other Finance Cost": -105079000.0,
        "Interest Expense Non Operating": NaN,
        "Interest Income Non Operating": NaN,
        "Operating Income": NaN,
        "Operating Expense": NaN,
        "Selling General And Administration": NaN,
        "Selling And Marketing Expense": NaN,
        "General And Administrative Expense": NaN,
        "Other Gand A": NaN,
        "Gross Profit": NaN,
        "Cost Of Revenue": NaN,
        "Total Revenue": NaN,
        "Operating Revenue": NaN
    },
    "2024-06-30": {
        "Tax Effect Of Unusual Items": 0.0,
        "Tax Rate For Calcs": 0.13,
        "Normalized EBITDA": 1832319000.0,
        "Net Income From Continuing Operation Net Minority Interest": 503645000.0,
        "Reconciled Depreciation": 391172000.0,
        "Reconciled Cost Of Revenue": 2332155000.0,
        "EBITDA": 1732932000.0,
        "EBIT": 1441147000.0,
        "Net Interest Income": -731764000.0,
        "Interest Expense": 863421000.0,
        "Interest Income": 131657000.0,
        "Normalized Income": 503645000.0,
        "Net Income From Continuing And Discontinued Operation": 503645000.0,
        "Total Expenses": 3015710000.0,
        "Diluted Average Shares": 322260200.0,
        "Basic Average Shares": 319069299.0,
        "Diluted EPS": 1.5629,
        "Basic EPS": 1.5785,
        "Diluted NI Availto Com Stockholders": 503645000.0,
        "Net Income Common Stockholders": 503645000.0,
        "Net Income": 503645000.0,
        "Net Income Including Noncontrolling Interests": 503645000.0,
        "Net Income Continuous Operations": 503645000.0,
        "Tax Provision": 74081000.0,
        "Pretax Income": 577726000.0,
        "Other Income Expense": -99851000.0,
        "Other Non Operating Income Expenses": -99851000.0,
        "Net Non Operating Interest Income Expense": -731764000.0,
        "Total Other Finance Cost": -131657000.0,
        "Interest Expense Non Operating": 863421000.0,
        "Interest Income Non Operating": 131657000.0,
        "Operating Income": 1409340000.0,
        "Operating Expense": 683555000.0,
        "Selling General And Administration": 683555000.0,
        "Selling And Marketing Expense": 467319000.0,
        "General And Administrative Expense": 216236000.0,
        "Other Gand A": 216236000.0,
        "Gross Profit": 2092895000.0,
        "Cost Of Revenue": 2332155000.0,
        "Total Revenue": 4425050000.0,
        "Operating Revenue": 4425050000.0
    },
    "2024-09-30": {
        "Tax Effect Of Unusual Items": 0.0,
        "Tax Rate For Calcs": 0.105112,
        "Normalized EBITDA": 1970901000.0,
        "Net Income From Continuing Operation Net Minority Interest": 531152000.0,
        "Reconciled Depreciation": 413026000.0,
        "Reconciled Cost Of Revenue": 2455377000.0,
        "EBITDA": 1970901000.0,
        "EBIT": 1557875000.0,
        "Net Interest Income": -837497000.0,
        "Interest Expense": 964335000.0,
        "Interest Income": 126838000.0,
        "Normalized Income": 531152000.0,
        "Net Income From Continuing And Discontinued Operation": 531152000.0,
        "Total Expenses": 3210852000.0,
        "Diluted Average Shares": 320667234.0,
        "Basic Average Shares": 317552024.0,
        "Diluted EPS": 1.6564,
        "Basic EPS": 1.6726,
        "Diluted NI Availto Com Stockholders": 531152000.0,
        "Net Income Common Stockholders": 531152000.0,
        "Net Income": 531152000.0,
        "Net Income Including Noncontrolling Interests": 531152000.0,
        "Net Income Continuous Operations": 531152000.0,
        "Tax Provision": 62388000.0,
        "Pretax Income": 593540000.0,
        "Other Income Expense": -62765000.0,
        "Other Non Operating Income Expenses": -62765000.0,
        "Net Non Operating Interest Income Expense": -837497000.0,
        "Total Other Finance Cost": -126838000.0,
        "Interest Expense Non Operating": 964335000.0,
        "Interest Income Non Operating": 126838000.0,
        "Operating Income": 1493802000.0,
        "Operating Expense": 755475000.0,
        "Selling General And Administration": 755475000.0,
        "Selling And Marketing Expense": 486981000.0,
        "General And Administrative Expense": 268494000.0,
        "Other Gand A": 268494000.0,
        "Gross Profit": 2249277000.0,
        "Cost Of Revenue": 2455377000.0,
        "Total Revenue": 4704654000.0,
        "Operating Revenue": 4704654000.0
    },
    "2024-12-31": {
        "Tax Effect Of Unusual Items": 0.0,
        "Tax Rate For Calcs": 0.058575,
        "Normalized EBITDA": 2153314000.0,
        "Net Income From Continuing Operation Net Minority Interest": 599024000.0,
        "Reconciled Depreciation": 425220000.0,
        "Reconciled Cost Of Revenue": 2585083000.0,
        "EBITDA": 2153314000.0,
        "EBIT": 1728094000.0,
        "Net Interest Income": -979451000.0,
        "Interest Expense": 1091799000.0,
        "Interest Income": 112348000.0,
        "Normalized Income": 599024000.0,
        "Net Income From Continuing And Discontinued Operation": 599024000.0,
        "Total Expenses": 3309851000.0,
        "Diluted Average Shares": 313900000.0,
        "Basic Average Shares": 310800000.0,
        "Diluted EPS": 1.91,
        "Basic EPS": 1.93,
        "Diluted NI Availto Com Stockholders": 599024000.0,
        "Net Income Common Stockholders": 599024000.0,
        "Net Income": 599024000.0,
        "Net Income Including Noncontrolling Interests": 599024000.0,
        "Net Income Continuous Operations": 599024000.0,
        "Tax Provision": 37271000.0,
        "Pretax Income": 636295000.0,
        "Other Income Expense": -77065000.0,
        "Other Non Operating Income Expenses": -77065000.0,
        "Net Non Operating Interest Income Expense": -979451000.0,
        "Total Other Finance Cost": NaN,
        "Interest Expense Non Operating": 1091799000.0,
        "Interest Income Non Operating": 112348000.0,
        "Operating Income": 1692811000.0,
        "Operating Expense": 724768000.0,
        "Selling General And Administration": 724768000.0,
        "Selling And Marketing Expense": 467863000.0,
        "General And Administrative Expense": 256905000.0,
        "Other Gand A": 256905000.0,
        "Gross Profit": 2417579000.0,
        "Cost Of Revenue": 2585083000.0,
        "Total Revenue": 5002662000.0,
        "Operating Revenue": 5002662000.0
    },
    "2025-03-31": {
        "Tax Effect Of Unusual Items": 0.0,
        "Tax Rate For Calcs": 0.095,
        "Normalized EBITDA": 2196739000.0,
        "Net Income From Continuing Operation Net Minority Interest": 525092000.0,
        "Reconciled Depreciation": 439008000.0,
        "Reconciled Cost Of Revenue": 2360174000.0,
        "EBITDA": 2196739000.0,
        "EBIT": 1757731000.0,
        "Net Interest Income": -1038883000.0,
        "Interest Expense": 1177823000.0,
        "Interest Income": 138940000.0,
        "Normalized Income": 525092000.0,
        "Net Income From Continuing And Discontinued Operation": 525092000.0,
        "Total Expenses": 3026227000.0,
        "Diluted Average Shares": 305574604.0,
        "Basic Average Shares": 303580939.0,
        "Diluted EPS": 1.7184,
        "Basic EPS": 1.7297,
        "Diluted NI Availto Com Stockholders": 525092000.0,
        "Net Income Common Stockholders": 525092000.0,
        "Net Income": 525092000.0,
        "Net Income Including Noncontrolling Interests": 525092000.0,
        "Net Income Continuous Operations": 525092000.0,
        "Tax Provision": 54816000.0,
        "Pretax Income": 579908000.0,
        "Other Income Expense": -66198000.0,
        "Other Non Operating Income Expenses": -66198000.0,
        "Net Non Operating Interest Income Expense": -1038883000.0,
        "Total Other Finance Cost": NaN,
        "Interest Expense Non Operating": 1177823000.0,
        "Interest Income Non Operating": 138940000.0,
        "Operating Income": 1684989000.0,
        "Operating Expense": 666053000.0,
        "Selling General And Administration": 666053000.0,
        "Selling And Marketing Expense": 423105000.0,
        "General And Administrative Expense": 242948000.0,
        "Other Gand A": 242948000.0,
        "Gross Profit": 2351042000.0,
        "Cost Of Revenue": 2360174000.0,
        "Total Revenue": 4711216000.0,
        "Operating Revenue": 4711216000.0
    },
    "2025-06-30": {
        "Tax Effect Of Unusual Items": 0.0,
        "Tax Rate For Calcs": 0.128986,
        "Normalized EBITDA": 2093425000.0,
        "Net Income From Continuing Operation Net Minority Interest": 536759000.0,
        "Reconciled Depreciation": 451846000.0,
        "Reconciled Cost Of Revenue": 2410767000.0,
        "EBITDA": 2093425000.0,
        "EBIT": 1641579000.0,
        "Net Interest Income": -1112279000.0,
        "Interest Expense": 1025333000.0,
        "Interest Income": 167244000.0,
        "Normalized Income": 536759000.0,
        "Net Income From Continuing And Discontinued Operation": 536759000.0,
        "Total Expenses": 3089796000.0,
        "Diluted Average Shares": 300691027.0,
        "Basic Average Shares": 297690083.0,
        "Diluted EPS": 1.7851,
        "Basic EPS": 1.8031,
        "Diluted NI Availto Com Stockholders": 536759000.0,
        "Net Income Common Stockholders": 536759000.0,
        "Net Income": 536759000.0,
        "Net Income Including Noncontrolling Interests": 536759000.0,
        "Net Income Continuous Operations": 536759000.0,
        "Tax Provision": 79487000.0,
        "Pretax Income": 616246000.0,
        "Other Income Expense": -72605000.0,
        "Other Non Operating Income Expenses": -72605000.0,
        "Net Non Operating Interest Income Expense": -1112279000.0,
        "Total Other Finance Cost": 254190000.0,
        "Interest Expense Non Operating": 1025333000.0,
        "Interest Income Non Operating": 167244000.0,
        "Operating Income": 1801130000.0,
        "Operating Expense": 679029000.0,
        "Selling General And Administration": 679029000.0,
        "Selling And Marketing Expense": 452379000.0,
        "General And Administrative Expense": 226650000.0,
        "Other Gand A": 226650000.0,
        "Gross Profit": 2480159000.0,
        "Cost Of Revenue": 2410767000.0,
        "Total Revenue": 4890926000.0,
        "Operating Revenue": 4890926000.0
    }
}