{
    "2023-03-31": {
        "Tax Effect Of Unusual Items": NaN,
        "Tax Rate For Calcs": NaN,
        "Normalized EBITDA": NaN,
        "Total Unusual Items": NaN,
        "Total Unusual Items Excluding Goodwill": NaN,
        "Net Income From Continuing Operation Net Minority Interest": NaN,
        "Reconciled Depreciation": NaN,
        "Reconciled Cost Of Revenue": NaN,
        "EBITDA": NaN,
        "EBIT": NaN,
        "Net Interest Income": NaN,
        "Interest Expense": NaN,
        "Interest Income": NaN,
        "Normalized Income": NaN,
        "Net Income From Continuing And Discontinued Operation": NaN,
        "Total Expenses": NaN,
        "Total Operating Income As Reported": NaN,
        "Diluted Average Shares": 40500000.0,
        "Basic Average Shares": 40500000.0,
        "Diluted EPS": 0.25,
        "Basic EPS": 0.25,
        "Diluted NI Availto Com Stockholders": NaN,
        "Net Income Common Stockholders": NaN,
        "Net Income": NaN,
        "Net Income Including Noncontrolling Interests": NaN,
        "Net Income Continuous Operations": NaN,
        "Tax Provision": NaN,
        "Pretax Income": NaN,
        "Other Income Expense": NaN,
        "Gain On Sale Of Security": NaN,
        "Net Non Operating Interest Income Expense": NaN,
        "Total Other Finance Cost": NaN,
        "Interest Expense Non Operating": NaN,
        "Interest Income Non Operating": NaN,
        "Operating Income": NaN,
        "Operating Expense": NaN,
        "Selling General And Administration": NaN,
        "Gross Profit": NaN,
        "Cost Of Revenue": NaN,
        "Total Revenue": NaN,
        "Operating Revenue": NaN
    },
    "2022-12-31": {
        "Tax Effect Of Unusual Items": NaN,
        "Tax Rate For Calcs": NaN,
        "Normalized EBITDA": NaN,
        "Total Unusual Items": NaN,
        "Total Unusual Items Excluding Goodwill": NaN,
        "Net Income From Continuing Operation Net Minority Interest": NaN,
        "Reconciled Depreciation": NaN,
        "Reconciled Cost Of Revenue": NaN,
        "EBITDA": NaN,
        "EBIT": NaN,
        "Net Interest Income": NaN,
        "Interest Expense": NaN,
        "Interest Income": NaN,
        "Normalized Income": NaN,
        "Net Income From Continuing And Discontinued Operation": NaN,
        "Total Expenses": NaN,
        "Total Operating Income As Reported": NaN,
        "Diluted Average Shares": 40504000.0,
        "Basic Average Shares": 40504000.0,
        "Diluted EPS": 0.18,
        "Basic EPS": 0.18,
        "Diluted NI Availto Com Stockholders": NaN,
        "Net Income Common Stockholders": NaN,
        "Net Income": NaN,
        "Net Income Including Noncontrolling Interests": NaN,
        "Net Income Continuous Operations": NaN,
        "Tax Provision": NaN,
        "Pretax Income": NaN,
        "Other Income Expense": NaN,
        "Gain On Sale Of Security": NaN,
        "Net Non Operating Interest Income Expense": NaN,
        "Total Other Finance Cost": NaN,
        "Interest Expense Non Operating": NaN,
        "Interest Income Non Operating": NaN,
        "Operating Income": NaN,
        "Operating Expense": NaN,
        "Selling General And Administration": NaN,
        "Gross Profit": NaN,
        "Cost Of Revenue": NaN,
        "Total Revenue": NaN,
        "Operating Revenue": NaN
    },
    "2022-09-30": {
        "Tax Effect Of Unusual Items": -1498467.786598,
        "Tax Rate For Calcs": 0.288167,
        "Normalized EBITDA": 22612000.0,
        "Total Unusual Items": -5200000.0,
        "Total Unusual Items Excluding Goodwill": -5200000.0,
        "Net Income From Continuing Operation Net Minority Interest": 3856000.0,
        "Reconciled Depreciation": 8447000.0,
        "Reconciled Cost Of Revenue": 163875000.0,
        "EBITDA": 17412000.0,
        "EBIT": 8965000.0,
        "Net Interest Income": -3067000.0,
        "Interest Expense": 3548000.0,
        "Interest Income": 628000.0,
        "Normalized Income": 7557532.213402,
        "Net Income From Continuing And Discontinued Operation": 3856000.0,
        "Total Expenses": 218837000.0,
        "Total Operating Income As Reported": 13684000.0,
        "Diluted Average Shares": 40504000.0,
        "Basic Average Shares": 40504000.0,
        "Diluted EPS": 0.1,
        "Basic EPS": 0.1,
        "Diluted NI Availto Com Stockholders": 3856000.0,
        "Net Income Common Stockholders": 3856000.0,
        "Net Income": 3856000.0,
        "Net Income Including Noncontrolling Interests": 3856000.0,
        "Net Income Continuous Operations": 3856000.0,
        "Tax Provision": 1561000.0,
        "Pretax Income": 5417000.0,
        "Other Income Expense": -5200000.0,
        "Gain On Sale Of Security": -5200000.0,
        "Net Non Operating Interest Income Expense": -3067000.0,
        "Total Other Finance Cost": 147000.0,
        "Interest Expense Non Operating": 3548000.0,
        "Interest Income Non Operating": 628000.0,
        "Operating Income": 13684000.0,
        "Operating Expense": 54962000.0,
        "Selling General And Administration": 54962000.0,
        "Gross Profit": 68646000.0,
        "Cost Of Revenue": 163875000.0,
        "Total Revenue": 232521000.0,
        "Operating Revenue": 232521000.0
    },
    "2022-06-30": {
        "Tax Effect Of Unusual Items": -2923000.0,
        "Tax Rate For Calcs": 0.395,
        "Normalized EBITDA": 22900000.0,
        "Total Unusual Items": -7400000.0,
        "Total Unusual Items Excluding Goodwill": -7400000.0,
        "Net Income From Continuing Operation Net Minority Interest": 7500000.0,
        "Reconciled Depreciation": 8405000.0,
        "Reconciled Cost Of Revenue": 176800000.0,
        "EBITDA": 15500000.0,
        "EBIT": 15500000.0,
        "Net Interest Income": -3100000.0,
        "Interest Expense": 3100000.0,
        "Interest Income": 304000.0,
        "Normalized Income": 11977000.0,
        "Net Income From Continuing And Discontinued Operation": 7500000.0,
        "Total Expenses": 232300000.0,
        "Total Operating Income As Reported": 22900000.0,
        "Diluted Average Shares": 40504000.0,
        "Basic Average Shares": 40504000.0,
        "Diluted EPS": 0.18,
        "Basic EPS": 0.18,
        "Diluted NI Availto Com Stockholders": 7500000.0,
        "Net Income Common Stockholders": 7500000.0,
        "Net Income": 7500000.0,
        "Net Income Including Noncontrolling Interests": 7500000.0,
        "Net Income Continuous Operations": 7500000.0,
        "Tax Provision": 4900000.0,
        "Pretax Income": 12400000.0,
        "Other Income Expense": -7400000.0,
        "Gain On Sale Of Security": -7400000.0,
        "Net Non Operating Interest Income Expense": -3100000.0,
        "Total Other Finance Cost": 148000.0,
        "Interest Expense Non Operating": 3100000.0,
        "Interest Income Non Operating": 304000.0,
        "Operating Income": 22900000.0,
        "Operating Expense": 55500000.0,
        "Selling General And Administration": 55500000.0,
        "Gross Profit": 78400000.0,
        "Cost Of Revenue": 176800000.0,
        "Total Revenue": 255300000.0,
        "Operating Revenue": 255300000.0
    },
    "2022-03-31": {
        "Diluted EPS": 0.44,
        "Total Revenue": 240,
        "Gross Profit": 72,
        "Operating Income": 19,
        "EBIT": 28,
        "Net Income": 18
    },
    "2021-12-31": {
        "Diluted EPS": 0.43,
        "Total Revenue": 233,
        "Gross Profit": 71,
        "Operating Income": 22,
        "EBIT": 30,
        "Net Income": 17
    },
    "2021-09-30": {
        "Diluted EPS": 0.16,
        "Total Revenue": 215,
        "Gross Profit": 65,
        "Operating Income": 15,
        "EBIT": 23,
        "Net Income": 7
    },
    "2021-06-30": {
        "Diluted EPS": 0.42,
        "Total Revenue": 220,
        "Gross Profit": 70,
        "Operating Income": 19,
        "EBIT": 27,
        "Net Income": 17
    },
    "2021-03-31": {
        "Diluted EPS": 0.3,
        "Total Revenue": 212,
        "Gross Profit": 69,
        "Operating Income": 20,
        "EBIT": 28,
        "Net Income": 12
    },
    "2020-12-31": {
        "Diluted EPS": 0.32,
        "Total Revenue": 206,
        "Gross Profit": 68,
        "Operating Income": 20,
        "EBIT": 28,
        "Net Income": 13
    },
    "2020-09-30": {
        "Diluted EPS": 0.3,
        "Total Revenue": 195,
        "Gross Profit": 64,
        "Operating Income": 16,
        "EBIT": 24,
        "Net Income": 12
    },
    "2020-06-30": {
        "Diluted EPS": 0.15,
        "Total Revenue": 186,
        "Gross Profit": 61,
        "Operating Income": 18,
        "EBIT": 27,
        "Net Income": 6
    },
    "2020-03-31": {
        "Diluted EPS": 0.33,
        "Total Revenue": 211,
        "Gross Profit": 70,
        "Operating Income": 21,
        "EBIT": 30,
        "Net Income": 14
    },
    "2019-12-31": {
        "Diluted EPS": 0.29,
        "Total Revenue": 214,
        "Gross Profit": 69,
        "Operating Income": 20,
        "EBIT": 28,
        "Net Income": 12
    },
    "2019-09-30": {
        "Diluted EPS": 0.06,
        "Total Revenue": 190,
        "Gross Profit": 58,
        "Operating Income": 10,
        "EBIT": 18,
        "Net Income": 3
    },
    "2019-06-30": {
        "Diluted EPS": 0.22,
        "Total Revenue": 204,
        "Gross Profit": 65,
        "Operating Income": 12,
        "EBIT": 19,
        "Net Income": 9
    },
    "2019-03-31": {
        "Diluted EPS": 0.37,
        "Total Revenue": 206,
        "Gross Profit": 65,
        "Operating Income": 23,
        "EBIT": 30,
        "Net Income": 15
    },
    "2018-12-31": {
        "Diluted EPS": 0.36,
        "Total Revenue": 218,
        "Gross Profit": 69,
        "Operating Income": 26,
        "EBIT": 33,
        "Net Income": 15
    },
    "2018-09-30": {
        "Diluted EPS": 0.4,
        "Total Revenue": 200,
        "Gross Profit": 66,
        "Operating Income": 23,
        "EBIT": 30,
        "Net Income": 16
    },
    "2018-06-30": {
        "Diluted EPS": 0.56,
        "Total Revenue": 212,
        "Gross Profit": 68,
        "Operating Income": 26,
        "EBIT": 33,
        "Net Income": 22
    },
    "2018-03-31": {
        "Diluted EPS": 0.49,
        "Total Revenue": 209,
        "Gross Profit": 69,
        "Operating Income": 26,
        "EBIT": 33,
        "Net Income": 20
    },
    "2017-12-31": {
        "Diluted EPS": 0.17,
        "Total Revenue": 206,
        "Gross Profit": 67,
        "Operating Income": 24,
        "EBIT": 31,
        "Net Income": 7
    },
    "2017-09-30": {
        "Diluted EPS": 0.39,
        "Total Revenue": 193,
        "Gross Profit": 63,
        "Operating Income": 22,
        "EBIT": 29,
        "Net Income": 16
    },
    "2017-06-30": {
        "Diluted EPS": 0.37,
        "Total Revenue": 195,
        "Gross Profit": 63,
        "Operating Income": 24,
        "EBIT": 30,
        "Net Income": 15
    },
    "2017-03-31": {
        "Diluted EPS": 0.59,
        "Total Revenue": 190,
        "Gross Profit": 61,
        "Operating Income": 30,
        "EBIT": 37,
        "Net Income": 24
    },
    "2016-12-31": {
        "Diluted EPS": 0.34,
        "Total Revenue": 192,
        "Gross Profit": 63,
        "Operating Income": 23,
        "EBIT": 29,
        "Net Income": 13
    },
    "2016-09-30": {
        "Diluted EPS": 0.31,
        "Total Revenue": 188,
        "Gross Profit": 61,
        "Operating Income": 22,
        "EBIT": 28,
        "Net Income": 12
    },
    "2016-06-30": {
        "Diluted EPS": 0.39,
        "Total Revenue": 189,
        "Gross Profit": 60,
        "Operating Income": 20,
        "EBIT": 27,
        "Net Income": 15
    },
    "2016-03-31": {
        "Diluted EPS": 0.46,
        "Total Revenue": 183,
        "Gross Profit": 59,
        "Operating Income": 21,
        "EBIT": 27,
        "Net Income": 19
    },
    "2015-12-31": {
        "Diluted EPS": 0.75,
        "Total Revenue": 192,
        "Gross Profit": 61,
        "Operating Income": 23,
        "EBIT": 28,
        "Net Income": 30
    },
    "2015-09-30": {
        "Diluted EPS": 0.47,
        "Total Revenue": 187,
        "Gross Profit": 59,
        "Operating Income": 22,
        "EBIT": 28,
        "Net Income": 19
    },
    "2015-06-30": {
        "Diluted EPS": 0.25,
        "Total Revenue": 185,
        "Gross Profit": 58,
        "Operating Income": 21,
        "EBIT": 27,
        "Net Income": 10
    },
    "2015-03-31": {
        "Diluted EPS": 0.42,
        "Total Revenue": 187,
        "Gross Profit": 59,
        "Operating Income": 22,
        "EBIT": 27,
        "Net Income": 17
    },
    "2014-12-31": {
        "Diluted EPS": 0.36,
        "Total Revenue": 189,
        "Gross Profit": 56,
        "Operating Income": 20,
        "EBIT": 25,
        "Net Income": 14
    },
    "2014-09-30": {
        "Diluted EPS": 0.48,
        "Total Revenue": 187,
        "Gross Profit": 60,
        "Operating Income": 25,
        "EBIT": 31,
        "Net Income": 19
    },
    "2014-06-30": {
        "Diluted EPS": -0.58,
        "Total Revenue": 184,
        "Gross Profit": 51,
        "Operating Income": 13,
        "EBIT": 19,
        "Net Income": -18
    },
    "2014-03-31": {
        "Diluted EPS": 0.21,
        "Total Revenue": 173,
        "Gross Profit": 53,
        "Operating Income": 17,
        "EBIT": 23,
        "Net Income": 6
    },
    "2013-12-31": {
        "Diluted EPS": 0.08,
        "Total Revenue": 173,
        "Gross Profit": 51,
        "Operating Income": 17,
        "EBIT": 23,
        "Net Income": 2
    },
    "2013-09-30": {
        "Diluted EPS": 0.19,
        "Total Revenue": 162,
        "Gross Profit": 50,
        "Operating Income": 16,
        "EBIT": 22,
        "Net Income": 6
    },
    "2013-06-30": {
        "Diluted EPS": 0.0,
        "Total Revenue": NaN,
        "Gross Profit": NaN,
        "Operating Income": NaN,
        "EBIT": NaN,
        "Net Income": NaN
    },
    "2013-03-31": {
        "Diluted EPS": 0.14,
        "Total Revenue": 163,
        "Gross Profit": 46,
        "Operating Income": 14,
        "EBIT": 14,
        "Net Income": 4
    },
    "2012-06-30": {
        "Diluted EPS": 0.0,
        "Total Revenue": NaN,
        "Gross Profit": NaN,
        "Operating Income": NaN,
        "EBIT": NaN,
        "Net Income": NaN
    },
    "2011-06-30": {
        "Diluted EPS": 0.0,
        "Total Revenue": NaN,
        "Gross Profit": NaN,
        "Operating Income": NaN,
        "EBIT": NaN,
        "Net Income": NaN
    },
    "2023-06-30": {
        "Tax Effect Of Unusual Items": 456540.0,
        "Tax Rate For Calcs": 0.21,
        "Normalized EBITDA": 33075000.0,
        "Total Unusual Items": 2174000.0,
        "Total Unusual Items Excluding Goodwill": 2174000.0,
        "Net Income From Continuing Operation Net Minority Interest": 11498000.0,
        "Reconciled Depreciation": 8574000.0,
        "Reconciled Cost Of Revenue": 178383000.0,
        "EBITDA": 35249000.0,
        "EBIT": 26675000.0,
        "Net Interest Income": -4499000.0,
        "Interest Expense": 5234000.0,
        "Interest Income": 948000.0,
        "Normalized Income": 9780540.0,
        "Net Income From Continuing And Discontinued Operation": 11498000.0,
        "Total Expenses": 231283000.0,
        "Total Operating Income As Reported": 23766000.0,
        "Diluted Average Shares": NaN,
        "Basic Average Shares": NaN,
        "Diluted EPS": NaN,
        "Basic EPS": NaN,
        "Diluted NI Availto Com Stockholders": 11498000.0,
        "Net Income Common Stockholders": 11498000.0,
        "Net Income": 11498000.0,
        "Net Income Including Noncontrolling Interests": 11498000.0,
        "Net Income Continuous Operations": 11498000.0,
        "Tax Provision": 9943000.0,
        "Pretax Income": 21441000.0,
        "Other Income Expense": 2174000.0,
        "Gain On Sale Of Security": 2174000.0,
        "Net Non Operating Interest Income Expense": -4499000.0,
        "Total Other Finance Cost": 213000.0,
        "Interest Expense Non Operating": 5234000.0,
        "Interest Income Non Operating": 948000.0,
        "Operating Income": 23766000.0,
        "Operating Expense": 52900000.0,
        "Selling General And Administration": 52900000.0,
        "Gross Profit": 76666000.0,
        "Cost Of Revenue": 178383000.0,
        "Total Revenue": 255049000.0,
        "Operating Revenue": 255049000.0
    },
    "2023-09-30": {
        "Tax Effect Of Unusual Items": NaN,
        "Tax Rate For Calcs": NaN,
        "Normalized EBITDA": NaN,
        "Total Unusual Items": NaN,
        "Total Unusual Items Excluding Goodwill": NaN,
        "Net Income From Continuing Operation Net Minority Interest": NaN,
        "Reconciled Depreciation": NaN,
        "Reconciled Cost Of Revenue": NaN,
        "EBITDA": NaN,
        "EBIT": NaN,
        "Net Interest Income": NaN,
        "Interest Expense": NaN,
        "Interest Income": NaN,
        "Normalized Income": NaN,
        "Net Income From Continuing And Discontinued Operation": NaN,
        "Total Expenses": NaN,
        "Total Operating Income As Reported": NaN,
        "Diluted Average Shares": 40504000.0,
        "Basic Average Shares": 40504000.0,
        "Diluted EPS": -0.2,
        "Basic EPS": -0.2,
        "Diluted NI Availto Com Stockholders": NaN,
        "Net Income Common Stockholders": NaN,
        "Net Income": NaN,
        "Net Income Including Noncontrolling Interests": NaN,
        "Net Income Continuous Operations": NaN,
        "Tax Provision": NaN,
        "Pretax Income": NaN,
        "Other Income Expense": NaN,
        "Gain On Sale Of Security": NaN,
        "Net Non Operating Interest Income Expense": NaN,
        "Total Other Finance Cost": NaN,
        "Interest Expense Non Operating": NaN,
        "Interest Income Non Operating": NaN,
        "Operating Income": NaN,
        "Operating Expense": NaN,
        "Selling General And Administration": NaN,
        "Gross Profit": NaN,
        "Cost Of Revenue": NaN,
        "Total Revenue": NaN,
        "Operating Revenue": NaN
    },
    "2023-12-31": {
        "Tax Effect Of Unusual Items": NaN,
        "Tax Rate For Calcs": NaN,
        "Normalized EBITDA": NaN,
        "Total Unusual Items": NaN,
        "Total Unusual Items Excluding Goodwill": NaN,
        "Net Income From Continuing Operation Net Minority Interest": NaN,
        "Reconciled Depreciation": NaN,
        "Reconciled Cost Of Revenue": NaN,
        "EBITDA": NaN,
        "EBIT": NaN,
        "Net Interest Income": NaN,
        "Interest Expense": NaN,
        "Interest Income": NaN,
        "Normalized Income": NaN,
        "Net Income From Continuing And Discontinued Operation": NaN,
        "Total Expenses": NaN,
        "Total Operating Income As Reported": NaN,
        "Diluted Average Shares": 40504000.0,
        "Basic Average Shares": 40504000.0,
        "Diluted EPS": 0.03,
        "Basic EPS": 0.03,
        "Diluted NI Availto Com Stockholders": NaN,
        "Net Income Common Stockholders": NaN,
        "Net Income": NaN,
        "Net Income Including Noncontrolling Interests": NaN,
        "Net Income Continuous Operations": NaN,
        "Tax Provision": NaN,
        "Pretax Income": NaN,
        "Other Income Expense": NaN,
        "Gain On Sale Of Security": NaN,
        "Net Non Operating Interest Income Expense": NaN,
        "Total Other Finance Cost": NaN,
        "Interest Expense Non Operating": NaN,
        "Interest Income Non Operating": NaN,
        "Operating Income": NaN,
        "Operating Expense": NaN,
        "Selling General And Administration": NaN,
        "Gross Profit": NaN,
        "Cost Of Revenue": NaN,
        "Total Revenue": NaN,
        "Operating Revenue": NaN
    },
    "2024-03-31": {
        "Tax Effect Of Unusual Items": NaN,
        "Tax Rate For Calcs": NaN,
        "Normalized EBITDA": NaN,
        "Total Unusual Items": NaN,
        "Total Unusual Items Excluding Goodwill": NaN,
        "Net Income From Continuing Operation Net Minority Interest": NaN,
        "Reconciled Depreciation": NaN,
        "Reconciled Cost Of Revenue": NaN,
        "EBITDA": NaN,
        "EBIT": NaN,
        "Net Interest Income": NaN,
        "Interest Expense": NaN,
        "Interest Income": NaN,
        "Normalized Income": NaN,
        "Net Income From Continuing And Discontinued Operation": NaN,
        "Total Expenses": NaN,
        "Total Operating Income As Reported": NaN,
        "Diluted Average Shares": 40520000.0,
        "Basic Average Shares": 40504000.0,
        "Diluted EPS": 0.21,
        "Basic EPS": 0.21,
        "Diluted NI Availto Com Stockholders": NaN,
        "Net Income Common Stockholders": NaN,
        "Net Income": NaN,
        "Net Income Including Noncontrolling Interests": NaN,
        "Net Income Continuous Operations": NaN,
        "Tax Provision": NaN,
        "Pretax Income": NaN,
        "Other Income Expense": NaN,
        "Gain On Sale Of Security": NaN,
        "Net Non Operating Interest Income Expense": NaN,
        "Total Other Finance Cost": NaN,
        "Interest Expense Non Operating": NaN,
        "Interest Income Non Operating": NaN,
        "Operating Income": NaN,
        "Operating Expense": NaN,
        "Selling General And Administration": NaN,
        "Gross Profit": NaN,
        "Cost Of Revenue": NaN,
        "Total Revenue": NaN,
        "Operating Revenue": NaN
    },
    "2024-06-30": {
        "Tax Effect Of Unusual Items": -1526700.0,
        "Tax Rate For Calcs": 0.21,
        "Normalized EBITDA": 28616000.0,
        "Total Unusual Items": -7270000.0,
        "Total Unusual Items Excluding Goodwill": -7270000.0,
        "Net Income From Continuing Operation Net Minority Interest": 752000.0,
        "Reconciled Depreciation": 9201000.0,
        "Reconciled Cost Of Revenue": 186014000.0,
        "EBITDA": 21346000.0,
        "EBIT": 12145000.0,
        "Net Interest Income": -4738000.0,
        "Interest Expense": 5737000.0,
        "Interest Income": 1259000.0,
        "Normalized Income": 6495300.0,
        "Net Income From Continuing And Discontinued Operation": 752000.0,
        "Total Expenses": 254748000.0,
        "Total Operating Income As Reported": 18416000.0,
        "Diluted Average Shares": NaN,
        "Basic Average Shares": NaN,
        "Diluted EPS": NaN,
        "Basic EPS": NaN,
        "Diluted NI Availto Com Stockholders": 752000.0,
        "Net Income Common Stockholders": 752000.0,
        "Net Income": 752000.0,
        "Net Income Including Noncontrolling Interests": 752000.0,
        "Net Income Continuous Operations": 752000.0,
        "Tax Provision": 5656000.0,
        "Pretax Income": 6408000.0,
        "Other Income Expense": -7270000.0,
        "Gain On Sale Of Security": -7270000.0,
        "Net Non Operating Interest Income Expense": -4738000.0,
        "Total Other Finance Cost": 260000.0,
        "Interest Expense Non Operating": 5737000.0,
        "Interest Income Non Operating": 1259000.0,
        "Operating Income": 18416000.0,
        "Operating Expense": 68734000.0,
        "Selling General And Administration": 68734000.0,
        "Gross Profit": 87150000.0,
        "Cost Of Revenue": 186014000.0,
        "Total Revenue": 273164000.0,
        "Operating Revenue": 273164000.0
    },
    "2024-09-30": {
        "Tax Effect Of Unusual Items": -120450.0,
        "Tax Rate For Calcs": 0.275,
        "Normalized EBITDA": 27234000.0,
        "Total Unusual Items": -438000.0,
        "Total Unusual Items Excluding Goodwill": -438000.0,
        "Net Income From Continuing Operation Net Minority Interest": 6975000.0,
        "Reconciled Depreciation": 9004000.0,
        "Reconciled Cost Of Revenue": 176937000.0,
        "EBITDA": 26796000.0,
        "EBIT": 17792000.0,
        "Net Interest Income": -7641000.0,
        "Interest Expense": 8172000.0,
        "Interest Income": 1124000.0,
        "Normalized Income": 7292550.0,
        "Net Income From Continuing And Discontinued Operation": 6975000.0,
        "Total Expenses": 242733000.0,
        "Total Operating Income As Reported": 17699000.0,
        "Diluted Average Shares": 40582000.0,
        "Basic Average Shares": 40504000.0,
        "Diluted EPS": 0.17,
        "Basic EPS": 0.17,
        "Diluted NI Availto Com Stockholders": 6975000.0,
        "Net Income Common Stockholders": 6975000.0,
        "Net Income": 6975000.0,
        "Net Income Including Noncontrolling Interests": 6975000.0,
        "Net Income Continuous Operations": 6975000.0,
        "Tax Provision": 2645000.0,
        "Pretax Income": 9620000.0,
        "Other Income Expense": -438000.0,
        "Gain On Sale Of Security": -438000.0,
        "Net Non Operating Interest Income Expense": -7641000.0,
        "Total Other Finance Cost": 593000.0,
        "Interest Expense Non Operating": 8172000.0,
        "Interest Income Non Operating": 1124000.0,
        "Operating Income": 17699000.0,
        "Operating Expense": 65796000.0,
        "Selling General And Administration": 65796000.0,
        "Gross Profit": 83495000.0,
        "Cost Of Revenue": 176937000.0,
        "Total Revenue": 260432000.0,
        "Operating Revenue": 260432000.0
    },
    "2024-12-31": {
        "Tax Effect Of Unusual Items": -4001058.0,
        "Tax Rate For Calcs": 0.342,
        "Normalized EBITDA": 37275000.0,
        "Total Unusual Items": -11699000.0,
        "Total Unusual Items Excluding Goodwill": -11699000.0,
        "Net Income From Continuing Operation Net Minority Interest": 3185000.0,
        "Reconciled Depreciation": 11574000.0,
        "Reconciled Cost Of Revenue": 207391000.0,
        "EBITDA": 25576000.0,
        "EBIT": 14002000.0,
        "Net Interest Income": -8996000.0,
        "Interest Expense": 9164000.0,
        "Interest Income": 782000.0,
        "Normalized Income": 10882942.0,
        "Net Income From Continuing And Discontinued Operation": 3185000.0,
        "Total Expenses": 283728000.0,
        "Total Operating Income As Reported": 25533000.0,
        "Diluted Average Shares": 40715000.0,
        "Basic Average Shares": 40504000.0,
        "Diluted EPS": 0.08,
        "Basic EPS": 0.08,
        "Diluted NI Availto Com Stockholders": 3185000.0,
        "Net Income Common Stockholders": 3185000.0,
        "Net Income": 3185000.0,
        "Net Income Including Noncontrolling Interests": 3185000.0,
        "Net Income Continuous Operations": 3185000.0,
        "Tax Provision": 1653000.0,
        "Pretax Income": 4838000.0,
        "Other Income Expense": -11699000.0,
        "Gain On Sale Of Security": -11699000.0,
        "Net Non Operating Interest Income Expense": -8996000.0,
        "Total Other Finance Cost": 614000.0,
        "Interest Expense Non Operating": 9164000.0,
        "Interest Income Non Operating": 782000.0,
        "Operating Income": 25533000.0,
        "Operating Expense": 76337000.0,
        "Selling General And Administration": 76337000.0,
        "Gross Profit": 101870000.0,
        "Cost Of Revenue": 207391000.0,
        "Total Revenue": 309261000.0,
        "Operating Revenue": 309261000.0
    },
    "2025-03-31": {
        "Tax Effect Of Unusual Items": 1641816.0,
        "Tax Rate For Calcs": 0.297,
        "Normalized EBITDA": 45857000.0,
        "Total Unusual Items": 5528000.0,
        "Total Unusual Items Excluding Goodwill": 5528000.0,
        "Net Income From Continuing Operation Net Minority Interest": 20880000.0,
        "Reconciled Depreciation": 12616000.0,
        "Reconciled Cost Of Revenue": 243257000.0,
        "EBITDA": 51385000.0,
        "EBIT": 38769000.0,
        "Net Interest Income": -9355000.0,
        "Interest Expense": 9081000.0,
        "Interest Income": 298000.0,
        "Normalized Income": 16993816.0,
        "Net Income From Continuing And Discontinued Operation": 20880000.0,
        "Total Expenses": 314310000.0,
        "Total Operating Income As Reported": 33515000.0,
        "Diluted Average Shares": 40700000.0,
        "Basic Average Shares": 40500000.0,
        "Diluted EPS": 0.51,
        "Basic EPS": 0.52,
        "Diluted NI Availto Com Stockholders": 20880000.0,
        "Net Income Common Stockholders": 20880000.0,
        "Net Income": 20880000.0,
        "Net Income Including Noncontrolling Interests": 20880000.0,
        "Net Income Continuous Operations": 20880000.0,
        "Tax Provision": 8808000.0,
        "Pretax Income": 29688000.0,
        "Other Income Expense": 5528000.0,
        "Gain On Sale Of Security": 5528000.0,
        "Net Non Operating Interest Income Expense": -9355000.0,
        "Total Other Finance Cost": 572000.0,
        "Interest Expense Non Operating": 9081000.0,
        "Interest Income Non Operating": 298000.0,
        "Operating Income": 33515000.0,
        "Operating Expense": 71053000.0,
        "Selling General And Administration": 71053000.0,
        "Gross Profit": 104568000.0,
        "Cost Of Revenue": 243257000.0,
        "Total Revenue": 347825000.0,
        "Operating Revenue": 347825000.0
    },
    "2025-06-30": {
        "Tax Effect Of Unusual Items": -350216.085881,
        "Tax Rate For Calcs": 0.277729,
        "Normalized EBITDA": 45975000.0,
        "Total Unusual Items": -1261000.0,
        "Total Unusual Items Excluding Goodwill": -1261000.0,
        "Net Income From Continuing Operation Net Minority Interest": 17224000.0,
        "Reconciled Depreciation": 12411000.0,
        "Reconciled Cost Of Revenue": 268688000.0,
        "EBITDA": 44714000.0,
        "EBIT": 32303000.0,
        "Net Interest Income": -8610000.0,
        "Interest Expense": 8456000.0,
        "Interest Income": 418000.0,
        "Normalized Income": 18134783.914119,
        "Net Income From Continuing And Discontinued Operation": 17224000.0,
        "Total Expenses": 344979000.0,
        "Total Operating Income As Reported": 33718000.0,
        "Diluted Average Shares": 40700000.0,
        "Basic Average Shares": 40500000.0,
        "Diluted EPS": 0.42,
        "Basic EPS": 0.42,
        "Diluted NI Availto Com Stockholders": 17224000.0,
        "Net Income Common Stockholders": 17224000.0,
        "Net Income": 17224000.0,
        "Net Income Including Noncontrolling Interests": 17224000.0,
        "Net Income Continuous Operations": 17224000.0,
        "Tax Provision": 6623000.0,
        "Pretax Income": 23847000.0,
        "Other Income Expense": -1261000.0,
        "Gain On Sale Of Security": -1261000.0,
        "Net Non Operating Interest Income Expense": -8610000.0,
        "Total Other Finance Cost": 572000.0,
        "Interest Expense Non Operating": 8456000.0,
        "Interest Income Non Operating": 418000.0,
        "Operating Income": 33718000.0,
        "Operating Expense": 76291000.0,
        "Selling General And Administration": 76291000.0,
        "Gross Profit": 110009000.0,
        "Cost Of Revenue": 268688000.0,
        "Total Revenue": 378697000.0,
        "Operating Revenue": 378697000.0
    },
    "2025-09-30": {
        "Tax Effect Of Unusual Items": -789246.0,
        "Tax Rate For Calcs": 0.269,
        "Normalized EBITDA": 64002000.0,
        "Total Unusual Items": -2934000.0,
        "Total Unusual Items Excluding Goodwill": -2934000.0,
        "Net Income From Continuing Operation Net Minority Interest": 26527000.0,
        "Reconciled Depreciation": 12830000.0,
        "Reconciled Cost Of Revenue": 244110000.0,
        "EBITDA": 61068000.0,
        "EBIT": 48238000.0,
        "Net Interest Income": -12059000.0,
        "Interest Expense": 11971000.0,
        "Interest Income": 484000.0,
        "Normalized Income": 28671754.0,
        "Net Income From Continuing And Discontinued Operation": 26527000.0,
        "Total Expenses": 312633000.0,
        "Total Operating Income As Reported": 51260000.0,
        "Diluted Average Shares": 40877000.0,
        "Basic Average Shares": 40534000.0,
        "Diluted EPS": 0.65,
        "Basic EPS": 0.65,
        "Diluted NI Availto Com Stockholders": 26527000.0,
        "Net Income Common Stockholders": 26527000.0,
        "Net Income": 26527000.0,
        "Net Income Including Noncontrolling Interests": 26527000.0,
        "Net Income Continuous Operations": 26527000.0,
        "Tax Provision": 9740000.0,
        "Pretax Income": 36267000.0,
        "Other Income Expense": -2934000.0,
        "Gain On Sale Of Security": -2934000.0,
        "Net Non Operating Interest Income Expense": -12059000.0,
        "Total Other Finance Cost": 572000.0,
        "Interest Expense Non Operating": 11971000.0,
        "Interest Income Non Operating": 484000.0,
        "Operating Income": 51260000.0,
        "Operating Expense": 68523000.0,
        "Selling General And Administration": 68523000.0,
        "Gross Profit": 119783000.0,
        "Cost Of Revenue": 244110000.0,
        "Total Revenue": 363893000.0,
        "Operating Revenue": 363893000.0
    }
}