{
    "2023-03-31": {
        "Tax Effect Of Unusual Items": NaN,
        "Tax Rate For Calcs": NaN,
        "Normalized EBITDA": NaN,
        "Total Unusual Items": NaN,
        "Total Unusual Items Excluding Goodwill": NaN,
        "Net Income From Continuing Operation Net Minority Interest": NaN,
        "Reconciled Depreciation": NaN,
        "Reconciled Cost Of Revenue": NaN,
        "EBITDA": NaN,
        "EBIT": NaN,
        "Net Interest Income": NaN,
        "Interest Expense": NaN,
        "Interest Income": NaN,
        "Normalized Income": NaN,
        "Net Income From Continuing And Discontinued Operation": NaN,
        "Total Expenses": NaN,
        "Rent Expense Supplemental": 6769798.700611,
        "Total Operating Income As Reported": NaN,
        "Diluted Average Shares": NaN,
        "Basic Average Shares": NaN,
        "Diluted EPS": NaN,
        "Basic EPS": NaN,
        "Diluted NI Availto Com Stockholders": NaN,
        "Net Income Common Stockholders": NaN,
        "Net Income": NaN,
        "Minority Interests": NaN,
        "Net Income Including Noncontrolling Interests": NaN,
        "Net Income Continuous Operations": NaN,
        "Tax Provision": NaN,
        "Pretax Income": NaN,
        "Other Income Expense": NaN,
        "Special Income Charges": NaN,
        "Gain On Sale Of Ppe": 153423.200014,
        "Gain On Sale Of Business": NaN,
        "Other Special Charges": -19177.900002,
        "Write Off": NaN,
        "Impairment Of Capital Assets": NaN,
        "Restructuring And Mergern Acquisition": -9588.950001,
        "Earnings From Equity Interest": NaN,
        "Gain On Sale Of Security": 71528772.531455,
        "Net Non Operating Interest Income Expense": NaN,
        "Total Other Finance Cost": NaN,
        "Interest Expense Non Operating": NaN,
        "Interest Income Non Operating": NaN,
        "Operating Income": NaN,
        "Operating Expense": NaN,
        "Other Operating Expenses": NaN,
        "Other Taxes": 7517736.800678,
        "Depreciation Amortization Depletion Income Statement": 1577382.275142,
        "Depreciation And Amortization In Income Statement": 1577382.275142,
        "Depreciation Income Statement": 1577382.275142,
        "Selling General And Administration": NaN,
        "Selling And Marketing Expense": NaN,
        "General And Administrative Expense": NaN,
        "Other Gand A": NaN,
        "Rent And Landing Fees": 119861.875011,
        "Salaries And Wages": 26316873.277375,
        "Gross Profit": NaN,
        "Cost Of Revenue": NaN,
        "Total Revenue": NaN,
        "Operating Revenue": NaN
    },
    "2022-12-31": {
        "Tax Effect Of Unusual Items": NaN,
        "Tax Rate For Calcs": NaN,
        "Normalized EBITDA": NaN,
        "Total Unusual Items": NaN,
        "Total Unusual Items Excluding Goodwill": NaN,
        "Net Income From Continuing Operation Net Minority Interest": NaN,
        "Reconciled Depreciation": 81418319.948779,
        "Reconciled Cost Of Revenue": NaN,
        "EBITDA": NaN,
        "EBIT": NaN,
        "Net Interest Income": NaN,
        "Interest Expense": NaN,
        "Interest Income": NaN,
        "Normalized Income": NaN,
        "Net Income From Continuing And Discontinued Operation": NaN,
        "Total Expenses": NaN,
        "Rent Expense Supplemental": 14721930.378559,
        "Total Operating Income As Reported": NaN,
        "Diluted Average Shares": NaN,
        "Basic Average Shares": NaN,
        "Diluted EPS": NaN,
        "Basic EPS": NaN,
        "Diluted NI Availto Com Stockholders": NaN,
        "Net Income Common Stockholders": NaN,
        "Net Income": NaN,
        "Minority Interests": NaN,
        "Net Income Including Noncontrolling Interests": NaN,
        "Net Income Discontinuous Operations": 0.0,
        "Net Income Continuous Operations": NaN,
        "Tax Provision": NaN,
        "Pretax Income": NaN,
        "Other Income Expense": NaN,
        "Other Non Operating Income Expenses": -5819945.787252,
        "Special Income Charges": NaN,
        "Gain On Sale Of Ppe": 1354911.813168,
        "Gain On Sale Of Business": NaN,
        "Other Special Charges": -55824257.89297,
        "Write Off": NaN,
        "Impairment Of Capital Assets": NaN,
        "Restructuring And Mergern Acquisition": NaN,
        "Earnings From Equity Interest": NaN,
        "Gain On Sale Of Security": 144584719.794725,
        "Net Non Operating Interest Income Expense": NaN,
        "Total Other Finance Cost": NaN,
        "Interest Expense Non Operating": NaN,
        "Interest Income Non Operating": NaN,
        "Operating Income": NaN,
        "Operating Expense": NaN,
        "Other Operating Expenses": NaN,
        "Other Taxes": 11531980.680113,
        "Depreciation Amortization Depletion Income Statement": 2566145.155912,
        "Depreciation And Amortization In Income Statement": 2566145.155912,
        "Depreciation Income Statement": 2566145.155912,
        "Selling General And Administration": NaN,
        "Selling And Marketing Expense": NaN,
        "General And Administrative Expense": NaN,
        "Other Gand A": NaN,
        "Rent And Landing Fees": 680413.50956,
        "Salaries And Wages": 32320415.511396,
        "Gross Profit": NaN,
        "Cost Of Revenue": NaN,
        "Total Revenue": NaN,
        "Operating Revenue": NaN
    },
    "2022-09-30": {
        "Tax Effect Of Unusual Items": NaN,
        "Tax Rate For Calcs": NaN,
        "Normalized EBITDA": NaN,
        "Total Unusual Items": NaN,
        "Total Unusual Items Excluding Goodwill": NaN,
        "Net Income From Continuing Operation Net Minority Interest": NaN,
        "Reconciled Depreciation": NaN,
        "Reconciled Cost Of Revenue": NaN,
        "EBITDA": NaN,
        "EBIT": NaN,
        "Net Interest Income": NaN,
        "Interest Expense": NaN,
        "Interest Income": NaN,
        "Normalized Income": NaN,
        "Net Income From Continuing And Discontinued Operation": NaN,
        "Total Expenses": NaN,
        "Rent Expense Supplemental": NaN,
        "Total Operating Income As Reported": NaN,
        "Diluted Average Shares": NaN,
        "Basic Average Shares": NaN,
        "Diluted EPS": NaN,
        "Basic EPS": NaN,
        "Diluted NI Availto Com Stockholders": NaN,
        "Net Income Common Stockholders": NaN,
        "Net Income": NaN,
        "Minority Interests": NaN,
        "Net Income Including Noncontrolling Interests": NaN,
        "Net Income Discontinuous Operations": 0.0,
        "Net Income Continuous Operations": NaN,
        "Tax Provision": NaN,
        "Pretax Income": NaN,
        "Other Income Expense": NaN,
        "Other Non Operating Income Expenses": NaN,
        "Special Income Charges": NaN,
        "Gain On Sale Of Ppe": NaN,
        "Gain On Sale Of Business": 0.0,
        "Other Special Charges": NaN,
        "Write Off": NaN,
        "Impairment Of Capital Assets": NaN,
        "Restructuring And Mergern Acquisition": NaN,
        "Earnings From Equity Interest": NaN,
        "Gain On Sale Of Security": NaN,
        "Net Non Operating Interest Income Expense": NaN,
        "Total Other Finance Cost": NaN,
        "Interest Expense Non Operating": NaN,
        "Interest Income Non Operating": NaN,
        "Operating Income": NaN,
        "Operating Expense": NaN,
        "Other Operating Expenses": NaN,
        "Other Taxes": NaN,
        "Depreciation Amortization Depletion Income Statement": NaN,
        "Depreciation And Amortization In Income Statement": NaN,
        "Depreciation Income Statement": NaN,
        "Selling General And Administration": NaN,
        "Selling And Marketing Expense": NaN,
        "General And Administrative Expense": NaN,
        "Other Gand A": NaN,
        "Rent And Landing Fees": NaN,
        "Salaries And Wages": NaN,
        "Gross Profit": NaN,
        "Cost Of Revenue": NaN,
        "Total Revenue": NaN,
        "Operating Revenue": NaN
    },
    "2022-06-30": {
        "Tax Effect Of Unusual Items": -15200000.0,
        "Tax Rate For Calcs": 0.4,
        "Normalized EBITDA": 143000000.0,
        "Total Unusual Items": -38000000.0,
        "Total Unusual Items Excluding Goodwill": -38000000.0,
        "Net Income From Continuing Operation Net Minority Interest": 66000000.0,
        "Reconciled Depreciation": NaN,
        "Reconciled Cost Of Revenue": 295000000.0,
        "EBITDA": 105000000.0,
        "EBIT": 105000000.0,
        "Net Interest Income": -70000000.0,
        "Interest Expense": 39000000.0,
        "Interest Income": 2000000.0,
        "Normalized Income": 88800000.0,
        "Net Income From Continuing And Discontinued Operation": 66000000.0,
        "Total Expenses": 320000000.0,
        "Rent Expense Supplemental": NaN,
        "Total Operating Income As Reported": 136000000.0,
        "Diluted Average Shares": 55200000.0,
        "Basic Average Shares": 55200000.0,
        "Diluted EPS": 1.25,
        "Basic EPS": 1.25,
        "Diluted NI Availto Com Stockholders": 66000000.0,
        "Net Income Common Stockholders": 66000000.0,
        "Net Income": 66000000.0,
        "Minority Interests": -1000000.0,
        "Net Income Including Noncontrolling Interests": 67000000.0,
        "Net Income Discontinuous Operations": 0.0,
        "Net Income Continuous Operations": 67000000.0,
        "Tax Provision": -1000000.0,
        "Pretax Income": 66000000.0,
        "Other Income Expense": -6000000.0,
        "Other Non Operating Income Expenses": NaN,
        "Special Income Charges": -38000000.0,
        "Gain On Sale Of Ppe": NaN,
        "Other Special Charges": NaN,
        "Write Off": 3000000.0,
        "Impairment Of Capital Assets": 35000000.0,
        "Restructuring And Mergern Acquisition": NaN,
        "Earnings From Equity Interest": 32000000.0,
        "Gain On Sale Of Security": NaN,
        "Net Non Operating Interest Income Expense": -70000000.0,
        "Total Other Finance Cost": 33000000.0,
        "Interest Expense Non Operating": 39000000.0,
        "Interest Income Non Operating": 2000000.0,
        "Operating Income": 142000000.0,
        "Operating Expense": 25000000.0,
        "Other Operating Expenses": -17000000.0,
        "Other Taxes": NaN,
        "Depreciation Amortization Depletion Income Statement": NaN,
        "Depreciation And Amortization In Income Statement": NaN,
        "Depreciation Income Statement": NaN,
        "Selling General And Administration": 42000000.0,
        "Selling And Marketing Expense": 11000000.0,
        "General And Administrative Expense": 31000000.0,
        "Other Gand A": 31000000.0,
        "Rent And Landing Fees": NaN,
        "Salaries And Wages": NaN,
        "Gross Profit": 167000000.0,
        "Cost Of Revenue": 295000000.0,
        "Total Revenue": 462000000.0,
        "Operating Revenue": 462000000.0
    },
    "2022-03-31": {
        "Diluted EPS": 1.75,
        "Total Revenue": 414,
        "Gross Profit": 166,
        "Operating Income": 111,
        "EBIT": 161,
        "Net Income": 97
    },
    "2021-12-31": {
        "Diluted EPS": 0.54,
        "Total Revenue": 400,
        "Gross Profit": 112,
        "Operating Income": 73,
        "EBIT": 135,
        "Net Income": 36
    },
    "2021-09-30": {
        "Diluted EPS": 2.33,
        "Total Revenue": 438,
        "Gross Profit": 157,
        "Operating Income": 160,
        "EBIT": 215,
        "Net Income": 132
    },
    "2021-06-30": {
        "Diluted EPS": 1.26,
        "Total Revenue": 346,
        "Gross Profit": 145,
        "Operating Income": 149,
        "EBIT": 194,
        "Net Income": 70
    },
    "2021-03-31": {
        "Diluted EPS": 0.61,
        "Total Revenue": 324,
        "Gross Profit": 139,
        "Operating Income": 86,
        "EBIT": 130,
        "Net Income": 36
    },
    "2020-12-31": {
        "Diluted EPS": -7.96,
        "Total Revenue": 285,
        "Gross Profit": 104,
        "Operating Income": 104,
        "EBIT": 103,
        "Net Income": -463
    },
    "2020-09-30": {
        "Diluted EPS": 1.33,
        "Total Revenue": 654,
        "Gross Profit": 194,
        "Operating Income": 109,
        "EBIT": 177,
        "Net Income": 84
    },
    "2020-06-30": {
        "Diluted EPS": 0.07,
        "Total Revenue": 206,
        "Gross Profit": 70,
        "Operating Income": 38,
        "EBIT": 38,
        "Net Income": 4
    },
    "2020-03-31": {
        "Diluted EPS": 0.25,
        "Total Revenue": 607,
        "Gross Profit": 171,
        "Operating Income": 91,
        "EBIT": 91,
        "Net Income": 14
    },
    "2019-12-31": {
        "Diluted EPS": 0.14,
        "Total Revenue": 318,
        "Gross Profit": 102,
        "Operating Income": 97,
        "EBIT": 92,
        "Net Income": 9
    },
    "2019-09-30": {
        "Diluted EPS": 2.26,
        "Total Revenue": 903,
        "Gross Profit": 274,
        "Operating Income": 168,
        "EBIT": 234,
        "Net Income": 166
    },
    "2019-06-30": {
        "Diluted EPS": 5.47,
        "Total Revenue": 788,
        "Gross Profit": 241,
        "Operating Income": 140,
        "EBIT": 199,
        "Net Income": 400
    },
    "2019-03-31": {
        "Diluted EPS": 2.25,
        "Total Revenue": 727,
        "Gross Profit": 204,
        "Operating Income": 104,
        "EBIT": 169,
        "Net Income": 167
    },
    "2018-12-31": {
        "Diluted EPS": 5.19,
        "Total Revenue": 211,
        "Gross Profit": -89,
        "Operating Income": -150,
        "EBIT": -1,
        "Net Income": 414
    },
    "2018-09-30": {
        "Diluted EPS": -2.87,
        "Total Revenue": 842,
        "Gross Profit": 324,
        "Operating Income": 212,
        "EBIT": 221,
        "Net Income": -228
    },
    "2018-06-30": {
        "Diluted EPS": -1.41,
        "Total Revenue": 880,
        "Gross Profit": 324,
        "Operating Income": 197,
        "EBIT": 230,
        "Net Income": -115
    },
    "2018-03-31": {
        "Diluted EPS": 1.85,
        "Total Revenue": 988,
        "Gross Profit": 394,
        "Operating Income": 324,
        "EBIT": 369,
        "Net Income": 153
    },
    "2017-12-31": {
        "Diluted EPS": 1.07,
        "Total Revenue": 68,
        "Gross Profit": 86,
        "Operating Income": 57,
        "EBIT": 34,
        "Net Income": 152
    },
    "2017-09-30": {
        "Diluted EPS": 0.96,
        "Total Revenue": NaN,
        "Gross Profit": 312,
        "Operating Income": 173,
        "EBIT": 241,
        "Net Income": 74
    },
    "2017-06-30": {
        "Diluted EPS": -0.08,
        "Total Revenue": 998,
        "Gross Profit": 264,
        "Operating Income": 114,
        "EBIT": 197,
        "Net Income": -6
    },
    "2017-03-31": {
        "Diluted EPS": 1.57,
        "Total Revenue": 969,
        "Gross Profit": 299,
        "Operating Income": 170,
        "EBIT": 248,
        "Net Income": 121
    },
    "2016-12-31": {
        "Diluted EPS": 0.98,
        "Total Revenue": 867,
        "Gross Profit": 229,
        "Operating Income": 32,
        "EBIT": 116,
        "Net Income": 66
    },
    "2016-09-30": {
        "Diluted EPS": -0.92,
        "Total Revenue": 663,
        "Gross Profit": 115,
        "Operating Income": -12,
        "EBIT": 66,
        "Net Income": -62
    },
    "2016-06-30": {
        "Diluted EPS": -0.7,
        "Total Revenue": 294,
        "Gross Profit": 7,
        "Operating Income": -49,
        "EBIT": -26,
        "Net Income": -47
    },
    "2016-03-31": {
        "Diluted EPS": 0.63,
        "Total Revenue": 295,
        "Gross Profit": 66,
        "Operating Income": 30,
        "EBIT": 48,
        "Net Income": 42
    },
    "2015-12-31": {
        "Diluted EPS": 3.21,
        "Total Revenue": 180,
        "Gross Profit": -10,
        "Operating Income": -55,
        "EBIT": -28,
        "Net Income": 207
    },
    "2015-09-30": {
        "Diluted EPS": 0.07,
        "Total Revenue": 206,
        "Gross Profit": 3,
        "Operating Income": -63,
        "EBIT": -44,
        "Net Income": 4
    },
    "2015-06-30": {
        "Diluted EPS": 0.11,
        "Total Revenue": 196,
        "Gross Profit": -1,
        "Operating Income": -59,
        "EBIT": -41,
        "Net Income": 7
    },
    "2015-03-31": {
        "Diluted EPS": 1.63,
        "Total Revenue": 190,
        "Gross Profit": 8,
        "Operating Income": -42,
        "EBIT": -27,
        "Net Income": 101
    },
    "2014-12-31": {
        "Diluted EPS": 1.41,
        "Total Revenue": 190,
        "Gross Profit": -6,
        "Operating Income": -67,
        "EBIT": -49,
        "Net Income": 83
    },
    "2014-09-30": {
        "Diluted EPS": 0.2,
        "Total Revenue": 190,
        "Gross Profit": 0,
        "Operating Income": -53,
        "EBIT": -38,
        "Net Income": 11
    },
    "2014-06-30": {
        "Diluted EPS": 0.73,
        "Total Revenue": 185,
        "Gross Profit": -1,
        "Operating Income": -50,
        "EBIT": -38,
        "Net Income": 38
    },
    "2014-03-31": {
        "Diluted EPS": -0.93,
        "Total Revenue": 179,
        "Gross Profit": 3,
        "Operating Income": -42,
        "EBIT": -29,
        "Net Income": -49
    },
    "2013-12-31": {
        "Diluted EPS": -0.24,
        "Total Revenue": 175,
        "Gross Profit": -63,
        "Operating Income": -99,
        "EBIT": -80,
        "Net Income": -13
    },
    "2013-09-30": {
        "Diluted EPS": -0.51,
        "Total Revenue": 237,
        "Gross Profit": -24,
        "Operating Income": -65,
        "EBIT": -49,
        "Net Income": -27
    },
    "2013-06-30": {
        "Diluted EPS": 3.21,
        "Total Revenue": 206,
        "Gross Profit": -27,
        "Operating Income": -72,
        "EBIT": -55,
        "Net Income": 169
    },
    "2013-03-31": {
        "Diluted EPS": -1.4,
        "Total Revenue": 266,
        "Gross Profit": -33,
        "Operating Income": -86,
        "EBIT": -68,
        "Net Income": -74
    },
    "2012-12-31": {
        "Diluted EPS": -0.85,
        "Total Revenue": 356,
        "Gross Profit": 4,
        "Operating Income": -64,
        "EBIT": -39,
        "Net Income": -53
    },
    "2012-09-30": {
        "Diluted EPS": -0.97,
        "Total Revenue": 410,
        "Gross Profit": -24,
        "Operating Income": -82,
        "EBIT": -64,
        "Net Income": -51
    },
    "2012-06-30": {
        "Diluted EPS": -0.42,
        "Total Revenue": 443,
        "Gross Profit": 8,
        "Operating Income": -30,
        "EBIT": -7,
        "Net Income": -22
    },
    "2012-03-31": {
        "Diluted EPS": -0.23,
        "Total Revenue": 361,
        "Gross Profit": 40,
        "Operating Income": -8,
        "EBIT": 15,
        "Net Income": -16
    },
    "2011-12-31": {
        "Diluted EPS": -2.62,
        "Total Revenue": 363,
        "Gross Profit": 64,
        "Operating Income": -4,
        "EBIT": -4,
        "Net Income": -159
    },
    "2011-09-30": {
        "Diluted EPS": -0.5,
        "Total Revenue": 473,
        "Gross Profit": 79,
        "Operating Income": 17,
        "EBIT": 17,
        "Net Income": -25
    },
    "2011-06-30": {
        "Diluted EPS": -0.36,
        "Total Revenue": 388,
        "Gross Profit": 40,
        "Operating Income": -31,
        "EBIT": -4,
        "Net Income": -22
    },
    "2011-03-31": {
        "Diluted EPS": 0.05,
        "Total Revenue": 384,
        "Gross Profit": 69,
        "Operating Income": 25,
        "EBIT": 49,
        "Net Income": 4
    },
    "2010-12-31": {
        "Diluted EPS": 0.15,
        "Total Revenue": 305,
        "Gross Profit": 46,
        "Operating Income": 4,
        "EBIT": 33,
        "Net Income": 9
    },
    "2010-09-30": {
        "Diluted EPS": 0.0,
        "Total Revenue": 348,
        "Gross Profit": 56,
        "Operating Income": 17,
        "EBIT": 39,
        "Net Income": 0
    },
    "2010-06-30": {
        "Diluted EPS": -0.01,
        "Total Revenue": 317,
        "Gross Profit": 55,
        "Operating Income": 19,
        "EBIT": 41,
        "Net Income": -22
    },
    "2010-03-31": {
        "Diluted EPS": 0.0,
        "Total Revenue": 267,
        "Gross Profit": 57,
        "Operating Income": 20,
        "EBIT": 42,
        "Net Income": 1
    },
    "2009-12-31": {
        "Diluted EPS": -0.01,
        "Total Revenue": 213,
        "Gross Profit": 213,
        "Operating Income": 213,
        "EBIT": 238,
        "Net Income": -10
    },
    "2009-09-30": {
        "Diluted EPS": 0.01,
        "Total Revenue": 341,
        "Gross Profit": 61,
        "Operating Income": 28,
        "EBIT": 28,
        "Net Income": 15
    },
    "2023-06-30": {
        "Tax Effect Of Unusual Items": NaN,
        "Tax Rate For Calcs": NaN,
        "Normalized EBITDA": NaN,
        "Total Unusual Items": NaN,
        "Total Unusual Items Excluding Goodwill": NaN,
        "Net Income From Continuing Operation Net Minority Interest": NaN,
        "Reconciled Depreciation": 50416109.341071,
        "Reconciled Cost Of Revenue": NaN,
        "EBITDA": NaN,
        "EBIT": NaN,
        "Net Interest Income": NaN,
        "Interest Expense": NaN,
        "Interest Income": NaN,
        "Normalized Income": NaN,
        "Net Income From Continuing And Discontinued Operation": NaN,
        "Total Expenses": NaN,
        "Rent Expense Supplemental": NaN,
        "Total Operating Income As Reported": NaN,
        "Diluted Average Shares": NaN,
        "Basic Average Shares": NaN,
        "Diluted EPS": NaN,
        "Basic EPS": NaN,
        "Diluted NI Availto Com Stockholders": NaN,
        "Net Income Common Stockholders": NaN,
        "Net Income": NaN,
        "Minority Interests": NaN,
        "Net Income Including Noncontrolling Interests": NaN,
        "Net Income Continuous Operations": NaN,
        "Tax Provision": NaN,
        "Pretax Income": NaN,
        "Other Income Expense": NaN,
        "Special Income Charges": NaN,
        "Gain On Sale Of Ppe": NaN,
        "Gain On Sale Of Business": NaN,
        "Other Special Charges": NaN,
        "Write Off": NaN,
        "Impairment Of Capital Assets": NaN,
        "Restructuring And Mergern Acquisition": NaN,
        "Earnings From Equity Interest": NaN,
        "Gain On Sale Of Security": NaN,
        "Net Non Operating Interest Income Expense": NaN,
        "Total Other Finance Cost": NaN,
        "Interest Expense Non Operating": NaN,
        "Interest Income Non Operating": NaN,
        "Operating Income": NaN,
        "Operating Expense": NaN,
        "Other Operating Expenses": NaN,
        "Other Taxes": NaN,
        "Depreciation Amortization Depletion Income Statement": NaN,
        "Depreciation And Amortization In Income Statement": NaN,
        "Depreciation Income Statement": NaN,
        "Selling General And Administration": NaN,
        "Selling And Marketing Expense": NaN,
        "General And Administrative Expense": NaN,
        "Other Gand A": NaN,
        "Rent And Landing Fees": NaN,
        "Salaries And Wages": NaN,
        "Gross Profit": NaN,
        "Cost Of Revenue": NaN,
        "Total Revenue": NaN,
        "Operating Revenue": NaN
    },
    "2023-09-30": {
        "Tax Effect Of Unusual Items": NaN,
        "Tax Rate For Calcs": NaN,
        "Normalized EBITDA": NaN,
        "Total Unusual Items": NaN,
        "Total Unusual Items Excluding Goodwill": NaN,
        "Net Income From Continuing Operation Net Minority Interest": NaN,
        "Reconciled Depreciation": NaN,
        "Reconciled Cost Of Revenue": NaN,
        "EBITDA": NaN,
        "EBIT": NaN,
        "Net Interest Income": NaN,
        "Interest Expense": NaN,
        "Interest Income": NaN,
        "Normalized Income": NaN,
        "Net Income From Continuing And Discontinued Operation": NaN,
        "Total Expenses": NaN,
        "Rent Expense Supplemental": NaN,
        "Total Operating Income As Reported": NaN,
        "Diluted Average Shares": 54400000.0,
        "Basic Average Shares": 54400000.0,
        "Diluted EPS": 2.663075,
        "Basic EPS": 2.663075,
        "Diluted NI Availto Com Stockholders": NaN,
        "Net Income Common Stockholders": NaN,
        "Net Income": NaN,
        "Minority Interests": NaN,
        "Net Income Including Noncontrolling Interests": NaN,
        "Net Income Continuous Operations": NaN,
        "Tax Provision": NaN,
        "Pretax Income": NaN,
        "Other Income Expense": NaN,
        "Special Income Charges": NaN,
        "Gain On Sale Of Ppe": NaN,
        "Gain On Sale Of Business": NaN,
        "Other Special Charges": NaN,
        "Write Off": NaN,
        "Impairment Of Capital Assets": NaN,
        "Restructuring And Mergern Acquisition": NaN,
        "Earnings From Equity Interest": NaN,
        "Gain On Sale Of Security": NaN,
        "Net Non Operating Interest Income Expense": NaN,
        "Total Other Finance Cost": NaN,
        "Interest Expense Non Operating": NaN,
        "Interest Income Non Operating": NaN,
        "Operating Income": NaN,
        "Operating Expense": NaN,
        "Other Operating Expenses": NaN,
        "Other Taxes": NaN,
        "Depreciation Amortization Depletion Income Statement": NaN,
        "Depreciation And Amortization In Income Statement": NaN,
        "Depreciation Income Statement": NaN,
        "Selling General And Administration": NaN,
        "Selling And Marketing Expense": NaN,
        "General And Administrative Expense": NaN,
        "Other Gand A": NaN,
        "Rent And Landing Fees": NaN,
        "Salaries And Wages": NaN,
        "Gross Profit": NaN,
        "Cost Of Revenue": NaN,
        "Total Revenue": NaN,
        "Operating Revenue": NaN
    },
    "2023-12-31": {
        "Tax Effect Of Unusual Items": NaN,
        "Tax Rate For Calcs": NaN,
        "Normalized EBITDA": NaN,
        "Total Unusual Items": NaN,
        "Total Unusual Items Excluding Goodwill": NaN,
        "Net Income From Continuing Operation Net Minority Interest": NaN,
        "Reconciled Depreciation": NaN,
        "Reconciled Cost Of Revenue": NaN,
        "EBITDA": NaN,
        "EBIT": NaN,
        "Net Interest Income": NaN,
        "Interest Expense": NaN,
        "Interest Income": NaN,
        "Normalized Income": NaN,
        "Net Income From Continuing And Discontinued Operation": NaN,
        "Total Expenses": NaN,
        "Rent Expense Supplemental": 19021668.403742,
        "Total Operating Income As Reported": NaN,
        "Diluted Average Shares": NaN,
        "Basic Average Shares": NaN,
        "Diluted EPS": NaN,
        "Basic EPS": NaN,
        "Diluted NI Availto Com Stockholders": NaN,
        "Net Income Common Stockholders": NaN,
        "Net Income": NaN,
        "Minority Interests": NaN,
        "Net Income Including Noncontrolling Interests": NaN,
        "Net Income Continuous Operations": NaN,
        "Tax Provision": NaN,
        "Pretax Income": NaN,
        "Other Income Expense": NaN,
        "Special Income Charges": NaN,
        "Gain On Sale Of Ppe": -1480890.98107,
        "Gain On Sale Of Business": NaN,
        "Other Special Charges": -605988.64416,
        "Write Off": NaN,
        "Impairment Of Capital Assets": NaN,
        "Restructuring And Mergern Acquisition": -11322293.936998,
        "Earnings From Equity Interest": NaN,
        "Gain On Sale Of Security": 278866153.842234,
        "Net Non Operating Interest Income Expense": NaN,
        "Total Other Finance Cost": NaN,
        "Interest Expense Non Operating": NaN,
        "Interest Income Non Operating": NaN,
        "Operating Income": NaN,
        "Operating Expense": NaN,
        "Other Operating Expenses": NaN,
        "Other Taxes": 23210052.407671,
        "Depreciation Amortization Depletion Income Statement": 3210121.077758,
        "Depreciation And Amortization In Income Statement": 3210121.077758,
        "Depreciation Income Statement": 3210121.077758,
        "Selling General And Administration": NaN,
        "Selling And Marketing Expense": NaN,
        "General And Administrative Expense": NaN,
        "Other Gand A": NaN,
        "Rent And Landing Fees": 645056.656829,
        "Salaries And Wages": 45337718.915958,
        "Gross Profit": NaN,
        "Cost Of Revenue": NaN,
        "Total Revenue": NaN,
        "Operating Revenue": NaN
    },
    "2024-03-31": {
        "Tax Effect Of Unusual Items": NaN,
        "Tax Rate For Calcs": NaN,
        "Normalized EBITDA": NaN,
        "Total Unusual Items": NaN,
        "Total Unusual Items Excluding Goodwill": NaN,
        "Net Income From Continuing Operation Net Minority Interest": NaN,
        "Reconciled Depreciation": NaN,
        "Reconciled Cost Of Revenue": NaN,
        "EBITDA": NaN,
        "EBIT": NaN,
        "Net Interest Income": NaN,
        "Interest Expense": NaN,
        "Interest Income": NaN,
        "Normalized Income": NaN,
        "Net Income From Continuing And Discontinued Operation": NaN,
        "Total Expenses": NaN,
        "Rent Expense Supplemental": 6851847520.0,
        "Total Operating Income As Reported": NaN,
        "Diluted Average Shares": NaN,
        "Basic Average Shares": NaN,
        "Diluted EPS": NaN,
        "Basic EPS": NaN,
        "Diluted NI Availto Com Stockholders": NaN,
        "Net Income Common Stockholders": NaN,
        "Net Income": NaN,
        "Minority Interests": NaN,
        "Net Income Including Noncontrolling Interests": NaN,
        "Net Income Continuous Operations": NaN,
        "Tax Provision": NaN,
        "Pretax Income": NaN,
        "Other Income Expense": NaN,
        "Special Income Charges": NaN,
        "Gain On Sale Of Ppe": -63048.688509,
        "Gain On Sale Of Business": NaN,
        "Other Special Charges": -3425923760.0,
        "Write Off": NaN,
        "Impairment Of Capital Assets": NaN,
        "Earnings From Equity Interest": NaN,
        "Gain On Sale Of Security": 46249970760.0,
        "Net Non Operating Interest Income Expense": NaN,
        "Total Other Finance Cost": NaN,
        "Interest Expense Non Operating": NaN,
        "Interest Income Non Operating": NaN,
        "Operating Income": NaN,
        "Operating Expense": NaN,
        "Other Operating Expenses": NaN,
        "Other Taxes": 9421290340.0,
        "Depreciation Amortization Depletion Income Statement": 1712961880.0,
        "Depreciation And Amortization In Income Statement": 1712961880.0,
        "Depreciation Income Statement": 1712961880.0,
        "Selling General And Administration": NaN,
        "Selling And Marketing Expense": NaN,
        "General And Administrative Expense": NaN,
        "Other Gand A": NaN,
        "Rent And Landing Fees": 77059.508178,
        "Salaries And Wages": 19699061620.0,
        "Gross Profit": NaN,
        "Cost Of Revenue": NaN,
        "Total Revenue": NaN,
        "Operating Revenue": NaN
    },
    "2024-06-30": {
        "Tax Effect Of Unusual Items": -170000.0,
        "Tax Rate For Calcs": 0.01,
        "Normalized EBITDA": 242000000.0,
        "Total Unusual Items": -17000000.0,
        "Total Unusual Items Excluding Goodwill": -17000000.0,
        "Net Income From Continuing Operation Net Minority Interest": 100000000.0,
        "Reconciled Depreciation": 84000000.0,
        "Reconciled Cost Of Revenue": 307000000.0,
        "EBITDA": 225000000.0,
        "EBIT": 141000000.0,
        "Net Interest Income": -19000000.0,
        "Interest Expense": 41000000.0,
        "Interest Income": 0.0,
        "Normalized Income": 116830000.0,
        "Net Income From Continuing And Discontinued Operation": 100000000.0,
        "Total Expenses": 342000000.0,
        "Rent Expense Supplemental": NaN,
        "Total Operating Income As Reported": 119000000.0,
        "Diluted Average Shares": 54400000.0,
        "Basic Average Shares": 54400000.0,
        "Diluted EPS": 1.75,
        "Basic EPS": 1.75,
        "Diluted NI Availto Com Stockholders": 100000000.0,
        "Net Income Common Stockholders": 100000000.0,
        "Net Income": 100000000.0,
        "Minority Interests": 1000000.0,
        "Net Income Including Noncontrolling Interests": 99000000.0,
        "Net Income Continuous Operations": 99000000.0,
        "Tax Provision": 1000000.0,
        "Pretax Income": 100000000.0,
        "Other Income Expense": -39000000.0,
        "Special Income Charges": -17000000.0,
        "Gain On Sale Of Ppe": NaN,
        "Gain On Sale Of Business": 5000000.0,
        "Other Special Charges": NaN,
        "Write Off": 22000000.0,
        "Impairment Of Capital Assets": 0.0,
        "Earnings From Equity Interest": -22000000.0,
        "Gain On Sale Of Security": NaN,
        "Net Non Operating Interest Income Expense": -19000000.0,
        "Total Other Finance Cost": -22000000.0,
        "Interest Expense Non Operating": 41000000.0,
        "Interest Income Non Operating": 0.0,
        "Operating Income": 158000000.0,
        "Operating Expense": 35000000.0,
        "Other Operating Expenses": -27000000.0,
        "Other Taxes": NaN,
        "Depreciation Amortization Depletion Income Statement": NaN,
        "Depreciation And Amortization In Income Statement": NaN,
        "Depreciation Income Statement": NaN,
        "Selling General And Administration": 62000000.0,
        "Selling And Marketing Expense": 20000000.0,
        "General And Administrative Expense": 42000000.0,
        "Other Gand A": 42000000.0,
        "Rent And Landing Fees": NaN,
        "Salaries And Wages": NaN,
        "Gross Profit": 193000000.0,
        "Cost Of Revenue": 307000000.0,
        "Total Revenue": 500000000.0,
        "Operating Revenue": 500000000.0
    },
    "2024-09-30": {
        "Tax Effect Of Unusual Items": -1127366972.785231,
        "Tax Rate For Calcs": 0.063492,
        "Normalized EBITDA": 205853000000.0,
        "Total Unusual Items": -17756000000.0,
        "Total Unusual Items Excluding Goodwill": -17756000000.0,
        "Net Income From Continuing Operation Net Minority Interest": 139470000000.0,
        "Reconciled Depreciation": 86437095.377199,
        "Reconciled Cost Of Revenue": 344291000000.0,
        "EBITDA": 188097000000.0,
        "EBIT": 188097000000.0,
        "Net Interest Income": -213000000.0,
        "Interest Expense": 39244000000.0,
        "Interest Income": 2086000000.0,
        "Normalized Income": 156098633027.21478,
        "Net Income From Continuing And Discontinued Operation": 139470000000.0,
        "Total Expenses": 406321000000.0,
        "Rent Expense Supplemental": NaN,
        "Total Operating Income As Reported": 149066000000.0,
        "Diluted Average Shares": 54400780.0,
        "Basic Average Shares": 54400780.0,
        "Diluted EPS": 2563.75,
        "Basic EPS": 2563.75,
        "Diluted NI Availto Com Stockholders": 139470000000.0,
        "Net Income Common Stockholders": 139470000000.0,
        "Net Income": 139470000000.0,
        "Minority Interests": 68000000.0,
        "Net Income Including Noncontrolling Interests": 139402000000.0,
        "Net Income Continuous Operations": 139402000000.0,
        "Tax Provision": 9451000000.0,
        "Pretax Income": 148853000000.0,
        "Other Income Expense": 44681000000.0,
        "Special Income Charges": -17756000000.0,
        "Gain On Sale Of Ppe": NaN,
        "Gain On Sale Of Business": 0.0,
        "Other Special Charges": NaN,
        "Write Off": -680000000.0,
        "Impairment Of Capital Assets": 18436000000.0,
        "Earnings From Equity Interest": 62437000000.0,
        "Gain On Sale Of Security": NaN,
        "Net Non Operating Interest Income Expense": -213000000.0,
        "Total Other Finance Cost": -36945000000.0,
        "Interest Expense Non Operating": 39244000000.0,
        "Interest Income Non Operating": 2086000000.0,
        "Operating Income": 104385000000.0,
        "Operating Expense": 62030000000.0,
        "Other Operating Expenses": -10934000000.0,
        "Other Taxes": NaN,
        "Depreciation Amortization Depletion Income Statement": NaN,
        "Depreciation And Amortization In Income Statement": NaN,
        "Depreciation Income Statement": NaN,
        "Selling General And Administration": 72964000000.0,
        "Selling And Marketing Expense": 19798000000.0,
        "General And Administrative Expense": 53166000000.0,
        "Other Gand A": 53166000000.0,
        "Rent And Landing Fees": NaN,
        "Salaries And Wages": NaN,
        "Gross Profit": 166415000000.0,
        "Cost Of Revenue": 344291000000.0,
        "Total Revenue": 510706000000.0,
        "Operating Revenue": 510706000000.0
    },
    "2024-12-31": {
        "Tax Effect Of Unusual Items": 35730879170.0,
        "Tax Rate For Calcs": 0.35,
        "Normalized EBITDA": 260433055600.0,
        "Total Unusual Items": 102088226200.0,
        "Total Unusual Items Excluding Goodwill": 102088226200.0,
        "Net Income From Continuing Operation Net Minority Interest": 185549461210.0,
        "Reconciled Depreciation": 122356729780.0,
        "Reconciled Cost Of Revenue": 366651437550.0,
        "EBITDA": 362521281800.0,
        "EBIT": 240164552020.0,
        "Net Interest Income": -31695304900.0,
        "Interest Expense": 67358226200.0,
        "Interest Income": 39706736380.0,
        "Normalized Income": 119192114180.0,
        "Net Income From Continuing And Discontinued Operation": 185549461210.0,
        "Total Expenses": 580400436460.0,
        "Rent Expense Supplemental": 10851537700.0,
        "Total Operating Income As Reported": 95978219600.0,
        "Diluted Average Shares": 54400000.0,
        "Basic Average Shares": 54400000.0,
        "Diluted EPS": 2577.461475,
        "Basic EPS": 2577.461475,
        "Diluted NI Availto Com Stockholders": 185549461210.0,
        "Net Income Common Stockholders": 185549461210.0,
        "Net Income": 185549461210.0,
        "Minority Interests": -291000000.0,
        "Net Income Including Noncontrolling Interests": 185840461210.0,
        "Net Income Continuous Operations": 185840461210.0,
        "Tax Provision": -13034135390.0,
        "Pretax Income": 172806325820.0,
        "Other Income Expense": 145268976340.0,
        "Special Income Charges": -19254260320.0,
        "Gain On Sale Of Ppe": 11266830490.0,
        "Gain On Sale Of Business": 29288476060.0,
        "Other Special Charges": 34510953770.0,
        "Write Off": 8823137040.0,
        "Impairment Of Capital Assets": 16475476060.0,
        "Earnings From Equity Interest": 56192750140.0,
        "Gain On Sale Of Security": 121342486520.0,
        "Net Non Operating Interest Income Expense": -31695304900.0,
        "Total Other Finance Cost": 4043815080.0,
        "Interest Expense Non Operating": 67358226200.0,
        "Interest Income Non Operating": 39706736380.0,
        "Operating Income": 59232654380.0,
        "Operating Expense": 93490145850.0,
        "Other Operating Expenses": -62191660980.0,
        "Other Taxes": 20829214090.0,
        "Depreciation Amortization Depletion Income Statement": 2097876720.0,
        "Depreciation And Amortization In Income Statement": 2097876720.0,
        "Depreciation Income Statement": 2097876720.0,
        "Selling General And Administration": 131910762250.0,
        "Selling And Marketing Expense": 19350152450.0,
        "General And Administrative Expense": 112560609800.0,
        "Other Gand A": 68574289490.0,
        "Rent And Landing Fees": 2103953770.0,
        "Salaries And Wages": 41882366540.0,
        "Gross Profit": 152722800230.0,
        "Cost Of Revenue": 486910290610.0,
        "Total Revenue": 639633090840.0,
        "Operating Revenue": 598393707240.0
    },
    "2025-03-31": {
        "Tax Effect Of Unusual Items": 17165575441.0,
        "Tax Rate For Calcs": 0.35,
        "Normalized EBITDA": 242023951870.0,
        "Total Unusual Items": 49044501260.0,
        "Total Unusual Items Excluding Goodwill": 49044501260.0,
        "Net Income From Continuing Operation Net Minority Interest": 163126275930.0,
        "Reconciled Depreciation": 89559524040.0,
        "Reconciled Cost Of Revenue": 216435516430.0,
        "EBITDA": 291068453130.0,
        "EBIT": 201508929090.0,
        "Net Interest Income": -6397108860.0,
        "Interest Expense": 41581207590.0,
        "Interest Income": 38382653160.0,
        "Normalized Income": 131247350111.0,
        "Net Income From Continuing And Discontinued Operation": 163126275930.0,
        "Total Expenses": 373164683500.0,
        "Rent Expense Supplemental": 5330924050.0,
        "Total Operating Income As Reported": 129008362010.0,
        "Diluted Average Shares": 54400000.0,
        "Basic Average Shares": 54400000.0,
        "Diluted EPS": 2932.008228,
        "Basic EPS": 2932.008228,
        "Diluted NI Availto Com Stockholders": 163126275930.0,
        "Net Income Common Stockholders": 163126275930.0,
        "Net Income": 163126275930.0,
        "Minority Interests": -1066184810.0,
        "Net Income Including Noncontrolling Interests": 164192460740.0,
        "Net Income Continuous Operations": 164192460740.0,
        "Tax Provision": -4264739240.0,
        "Pretax Income": 159927721500.0,
        "Other Income Expense": 98089002520.0,
        "Special Income Charges": 8529478480.0,
        "Gain On Sale Of Ppe": 0.0,
        "Gain On Sale Of Business": 0.0,
        "Other Special Charges": -8529478480.0,
        "Write Off": 0.0,
        "Impairment Of Capital Assets": 807000000.0,
        "Earnings From Equity Interest": 49044501260.0,
        "Gain On Sale Of Security": 40515022780.0,
        "Net Non Operating Interest Income Expense": -6397108860.0,
        "Total Other Finance Cost": 3198554430.0,
        "Interest Expense Non Operating": 41581207590.0,
        "Interest Income Non Operating": 38382653160.0,
        "Operating Income": 68235827840.0,
        "Operating Expense": 69302012650.0,
        "Other Operating Expenses": -6397108860.0,
        "Other Taxes": 15992772150.0,
        "Depreciation Amortization Depletion Income Statement": 2132369620.0,
        "Depreciation And Amortization In Income Statement": 2132369620.0,
        "Depreciation Income Statement": 2132369620.0,
        "Selling General And Administration": 55441610120.0,
        "Selling And Marketing Expense": 17058956960.0,
        "General And Administrative Expense": 38382653160.0,
        "Other Gand A": 12794217720.0,
        "Rent And Landing Fees": 154000000.0,
        "Salaries And Wages": 25588435440.0,
        "Gross Profit": 137537840490.0,
        "Cost Of Revenue": 303862670850.0,
        "Total Revenue": 441400511340.0,
        "Operating Revenue": 441400511340.0
    },
    "2025-06-30": {
        "Tax Effect Of Unusual Items": -1246671688.5,
        "Tax Rate For Calcs": 0.35,
        "Normalized EBITDA": 366366122040.0,
        "Total Unusual Items": -3561919110.0,
        "Total Unusual Items Excluding Goodwill": -3561919110.0,
        "Net Income From Continuing Operation Net Minority Interest": 47492254800.0,
        "Reconciled Depreciation": 125342928930.0,
        "Reconciled Cost Of Revenue": 403684165800.0,
        "EBITDA": 362804202930.0,
        "EBIT": 237461274000.0,
        "Net Interest Income": 34431884730.0,
        "Interest Expense": 68863769460.0,
        "Interest Income": 2374612740.0,
        "Normalized Income": 49807502221.5,
        "Net Income From Continuing And Discontinued Operation": 47492254800.0,
        "Total Expenses": 474922548000.0,
        "Rent Expense Supplemental": NaN,
        "Total Operating Income As Reported": 134165619810.0,
        "Diluted Average Shares": 54400000.0,
        "Basic Average Shares": 54400000.0,
        "Diluted EPS": 890.479778,
        "Basic EPS": 890.479778,
        "Diluted NI Availto Com Stockholders": 47492254800.0,
        "Net Income Common Stockholders": 47492254800.0,
        "Net Income": 47492254800.0,
        "Minority Interests": 1187306370.0,
        "Net Income Including Noncontrolling Interests": 46304948430.0,
        "Net Income Continuous Operations": 46304948430.0,
        "Tax Provision": 122292556110.0,
        "Pretax Income": 168597504540.0,
        "Other Income Expense": 32057271990.0,
        "Special Income Charges": -3561919110.0,
        "Gain On Sale Of Ppe": NaN,
        "Gain On Sale Of Business": 0.0,
        "Other Special Charges": NaN,
        "Write Off": 3561919110.0,
        "Impairment Of Capital Assets": 1000000.0,
        "Earnings From Equity Interest": 35619191100.0,
        "Gain On Sale Of Security": NaN,
        "Net Non Operating Interest Income Expense": 34431884730.0,
        "Total Other Finance Cost": -100921041450.0,
        "Interest Expense Non Operating": 68863769460.0,
        "Interest Income Non Operating": 2374612740.0,
        "Operating Income": 102108347820.0,
        "Operating Expense": 71238382200.0,
        "Other Operating Expenses": -3561919110.0,
        "Other Taxes": NaN,
        "Depreciation Amortization Depletion Income Statement": NaN,
        "Depreciation And Amortization In Income Statement": NaN,
        "Depreciation Income Statement": NaN,
        "Selling General And Administration": 74800301310.0,
        "Selling And Marketing Expense": 26120740140.0,
        "General And Administrative Expense": 48679561170.0,
        "Other Gand A": 48679561170.0,
        "Rent And Landing Fees": NaN,
        "Salaries And Wages": NaN,
        "Gross Profit": 173346730020.0,
        "Cost Of Revenue": 403684165800.0,
        "Total Revenue": 577030895820.0,
        "Operating Revenue": 577030895820.0
    },
    "2025-09-30": {
        "Tax Effect Of Unusual Items": -4578350000.0,
        "Tax Rate For Calcs": 0.35,
        "Normalized EBITDA": 425523547030.0,
        "Total Unusual Items": -13081000000.0,
        "Total Unusual Items Excluding Goodwill": -13081000000.0,
        "Net Income From Continuing Operation Net Minority Interest": 40207000000.0,
        "Reconciled Depreciation": 151046547030.0,
        "Reconciled Cost Of Revenue": 513313000000.0,
        "EBITDA": 412442547030.0,
        "EBIT": 261396000000.0,
        "Net Interest Income": -34796000000.0,
        "Interest Expense": 68958000000.0,
        "Interest Income": 8781000000.0,
        "Normalized Income": 48709650000.0,
        "Net Income From Continuing And Discontinued Operation": 40207000000.0,
        "Total Expenses": 598077000000.0,
        "Rent Expense Supplemental": NaN,
        "Total Operating Income As Reported": 227234000000.0,
        "Diluted Average Shares": 54407307.0,
        "Basic Average Shares": 54407307.0,
        "Diluted EPS": 739.0,
        "Basic EPS": 739.0,
        "Diluted NI Availto Com Stockholders": 40207000000.0,
        "Net Income Common Stockholders": 40207000000.0,
        "Net Income": 40207000000.0,
        "Minority Interests": -76000000.0,
        "Net Income Including Noncontrolling Interests": 40283000000.0,
        "Net Income Continuous Operations": 40283000000.0,
        "Tax Provision": 152155000000.0,
        "Pretax Income": 192438000000.0,
        "Other Income Expense": 28676000000.0,
        "Special Income Charges": -13081000000.0,
        "Gain On Sale Of Ppe": NaN,
        "Gain On Sale Of Business": 0.0,
        "Other Special Charges": NaN,
        "Write Off": 3559000000.0,
        "Impairment Of Capital Assets": 9522000000.0,
        "Earnings From Equity Interest": 41757000000.0,
        "Gain On Sale Of Security": NaN,
        "Net Non Operating Interest Income Expense": -34796000000.0,
        "Total Other Finance Cost": -25381000000.0,
        "Interest Expense Non Operating": 68958000000.0,
        "Interest Income Non Operating": 8781000000.0,
        "Operating Income": 198558000000.0,
        "Operating Expense": 84764000000.0,
        "Other Operating Expenses": -14451000000.0,
        "Other Taxes": NaN,
        "Depreciation Amortization Depletion Income Statement": NaN,
        "Depreciation And Amortization In Income Statement": NaN,
        "Depreciation Income Statement": NaN,
        "Selling General And Administration": 99215000000.0,
        "Selling And Marketing Expense": 35913000000.0,
        "General And Administrative Expense": 63302000000.0,
        "Other Gand A": 63302000000.0,
        "Rent And Landing Fees": NaN,
        "Salaries And Wages": NaN,
        "Gross Profit": 283322000000.0,
        "Cost Of Revenue": 513313000000.0,
        "Total Revenue": 796635000000.0,
        "Operating Revenue": 796635000000.0
    }
}