{
    "2023-03-31": {
        "Tax Effect Of Unusual Items": NaN,
        "Tax Rate For Calcs": NaN,
        "Normalized EBITDA": NaN,
        "Total Unusual Items": NaN,
        "Total Unusual Items Excluding Goodwill": NaN,
        "Net Income From Continuing Operation Net Minority Interest": NaN,
        "Reconciled Depreciation": NaN,
        "Reconciled Cost Of Revenue": NaN,
        "EBITDA": NaN,
        "EBIT": NaN,
        "Net Interest Income": NaN,
        "Interest Expense": NaN,
        "Interest Income": NaN,
        "Normalized Income": NaN,
        "Net Income From Continuing And Discontinued Operation": NaN,
        "Total Expenses": NaN,
        "Rent Expense Supplemental": NaN,
        "Total Operating Income As Reported": NaN,
        "Diluted Average Shares": NaN,
        "Basic Average Shares": NaN,
        "Diluted EPS": NaN,
        "Basic EPS": NaN,
        "Diluted NI Availto Com Stockholders": NaN,
        "Net Income Common Stockholders": NaN,
        "Net Income": NaN,
        "Minority Interests": NaN,
        "Net Income Including Noncontrolling Interests": NaN,
        "Net Income Continuous Operations": NaN,
        "Pretax Income": NaN,
        "Other Income Expense": NaN,
        "Other Non Operating Income Expenses": NaN,
        "Special Income Charges": NaN,
        "Gain On Sale Of Ppe": NaN,
        "Impairment Of Capital Assets": 0.0,
        "Gain On Sale Of Security": NaN,
        "Net Non Operating Interest Income Expense": NaN,
        "Interest Expense Non Operating": NaN,
        "Interest Income Non Operating": NaN,
        "Operating Income": NaN,
        "Operating Expense": NaN,
        "Selling General And Administration": NaN,
        "General And Administrative Expense": NaN,
        "Other Gand A": NaN,
        "Gross Profit": NaN,
        "Cost Of Revenue": NaN,
        "Total Revenue": NaN,
        "Operating Revenue": NaN
    },
    "2022-12-31": {
        "Tax Effect Of Unusual Items": NaN,
        "Tax Rate For Calcs": NaN,
        "Normalized EBITDA": NaN,
        "Total Unusual Items": NaN,
        "Total Unusual Items Excluding Goodwill": NaN,
        "Net Income From Continuing Operation Net Minority Interest": NaN,
        "Reconciled Depreciation": NaN,
        "Reconciled Cost Of Revenue": NaN,
        "EBITDA": NaN,
        "EBIT": NaN,
        "Net Interest Income": NaN,
        "Interest Expense": NaN,
        "Interest Income": NaN,
        "Normalized Income": NaN,
        "Net Income From Continuing And Discontinued Operation": NaN,
        "Total Expenses": NaN,
        "Rent Expense Supplemental": NaN,
        "Total Operating Income As Reported": NaN,
        "Diluted Average Shares": NaN,
        "Basic Average Shares": NaN,
        "Diluted EPS": NaN,
        "Basic EPS": NaN,
        "Diluted NI Availto Com Stockholders": NaN,
        "Net Income Common Stockholders": NaN,
        "Net Income": NaN,
        "Minority Interests": NaN,
        "Net Income Including Noncontrolling Interests": NaN,
        "Net Income Continuous Operations": NaN,
        "Pretax Income": NaN,
        "Other Income Expense": NaN,
        "Other Non Operating Income Expenses": NaN,
        "Special Income Charges": NaN,
        "Gain On Sale Of Ppe": NaN,
        "Impairment Of Capital Assets": 0.0,
        "Gain On Sale Of Security": NaN,
        "Net Non Operating Interest Income Expense": NaN,
        "Interest Expense Non Operating": NaN,
        "Interest Income Non Operating": NaN,
        "Operating Income": NaN,
        "Operating Expense": NaN,
        "Selling General And Administration": NaN,
        "General And Administrative Expense": NaN,
        "Other Gand A": NaN,
        "Gross Profit": NaN,
        "Cost Of Revenue": NaN,
        "Total Revenue": NaN,
        "Operating Revenue": NaN
    },
    "2022-09-30": {
        "Tax Effect Of Unusual Items": -1803503.2,
        "Tax Rate For Calcs": 0.4,
        "Normalized EBITDA": 38170507.0,
        "Total Unusual Items": -4508758.0,
        "Total Unusual Items Excluding Goodwill": -4508758.0,
        "Net Income From Continuing Operation Net Minority Interest": 18788414.0,
        "Reconciled Depreciation": 7365561.0,
        "Reconciled Cost Of Revenue": 148194204.0,
        "EBITDA": 33661749.0,
        "EBIT": 26296188.0,
        "Net Interest Income": -6535163.0,
        "Interest Expense": 6535163.0,
        "Interest Income": NaN,
        "Normalized Income": 21493668.8,
        "Net Income From Continuing And Discontinued Operation": 18788414.0,
        "Total Expenses": 153970870.0,
        "Rent Expense Supplemental": 50750809.0,
        "Total Operating Income As Reported": 30506267.0,
        "Diluted Average Shares": 44640278.0,
        "Basic Average Shares": 44415575.0,
        "Diluted EPS": 0.42,
        "Basic EPS": 0.42,
        "Diluted NI Availto Com Stockholders": 18788414.0,
        "Net Income Common Stockholders": 18788414.0,
        "Net Income": 18788414.0,
        "Minority Interests": -972611.0,
        "Net Income Including Noncontrolling Interests": 19761025.0,
        "Net Income Continuous Operations": 19761025.0,
        "Pretax Income": 19761025.0,
        "Other Income Expense": -4210079.0,
        "Other Non Operating Income Expenses": 298679.0,
        "Special Income Charges": 0.0,
        "Gain On Sale Of Ppe": 0.0,
        "Impairment Of Capital Assets": 0.0,
        "Gain On Sale Of Security": -4508758.0,
        "Net Non Operating Interest Income Expense": -6535163.0,
        "Interest Expense Non Operating": 6535163.0,
        "Interest Income Non Operating": NaN,
        "Operating Income": 30506267.0,
        "Operating Expense": 5776666.0,
        "Selling General And Administration": 5776666.0,
        "General And Administrative Expense": 5776666.0,
        "Other Gand A": 5776666.0,
        "Gross Profit": 36282933.0,
        "Cost Of Revenue": 148194204.0,
        "Total Revenue": 184477137.0,
        "Operating Revenue": 184477137.0
    },
    "2022-06-30": {
        "Tax Effect Of Unusual Items": -1527872.4,
        "Tax Rate For Calcs": 0.4,
        "Normalized EBITDA": 42234586.0,
        "Total Unusual Items": -3819681.0,
        "Total Unusual Items Excluding Goodwill": -3819681.0,
        "Net Income From Continuing Operation Net Minority Interest": 25032433.0,
        "Reconciled Depreciation": 7293433.0,
        "Reconciled Cost Of Revenue": 153843973.0,
        "EBITDA": 38414905.0,
        "EBIT": 31121472.0,
        "Net Interest Income": -3634732.0,
        "Interest Expense": 3634732.0,
        "Interest Income": NaN,
        "Normalized Income": 27324241.6,
        "Net Income From Continuing And Discontinued Operation": 25032433.0,
        "Total Expenses": 158981360.0,
        "Rent Expense Supplemental": 65713016.0,
        "Total Operating Income As Reported": 36244564.0,
        "Diluted Average Shares": 45070533.0,
        "Basic Average Shares": 44430487.0,
        "Diluted EPS": 0.56,
        "Basic EPS": 0.56,
        "Diluted NI Availto Com Stockholders": 25032433.0,
        "Net Income Common Stockholders": 25032433.0,
        "Net Income": 25032433.0,
        "Minority Interests": -2454307.0,
        "Net Income Including Noncontrolling Interests": 27486740.0,
        "Net Income Continuous Operations": 27486740.0,
        "Pretax Income": 27486740.0,
        "Other Income Expense": -5441124.0,
        "Other Non Operating Income Expenses": -1621443.0,
        "Special Income Charges": -318032.0,
        "Gain On Sale Of Ppe": -318032.0,
        "Impairment Of Capital Assets": 0.0,
        "Gain On Sale Of Security": -3501649.0,
        "Net Non Operating Interest Income Expense": -3634732.0,
        "Interest Expense Non Operating": 3634732.0,
        "Interest Income Non Operating": NaN,
        "Operating Income": 36562596.0,
        "Operating Expense": 5137387.0,
        "Selling General And Administration": 5137387.0,
        "General And Administrative Expense": 5137387.0,
        "Other Gand A": 5137387.0,
        "Gross Profit": 41699983.0,
        "Cost Of Revenue": 153843973.0,
        "Total Revenue": 195543956.0,
        "Operating Revenue": 195543956.0
    },
    "2022-03-31": {
        "Diluted EPS": 0.45,
        "Total Revenue": 192,
        "Gross Profit": 49,
        "Operating Income": 20,
        "EBIT": 28,
        "Net Income": 20
    },
    "2021-12-31": {
        "Diluted EPS": 0.34,
        "Total Revenue": 235,
        "Gross Profit": 54,
        "Operating Income": 31,
        "EBIT": 38,
        "Net Income": 15
    },
    "2021-09-30": {
        "Diluted EPS": 0.6,
        "Total Revenue": 213,
        "Gross Profit": 49,
        "Operating Income": 26,
        "EBIT": 33,
        "Net Income": 27
    },
    "2021-06-30": {
        "Diluted EPS": 0.43,
        "Total Revenue": 146,
        "Gross Profit": 37,
        "Operating Income": 16,
        "EBIT": 21,
        "Net Income": 19
    },
    "2021-03-31": {
        "Diluted EPS": 0.13,
        "Total Revenue": 125,
        "Gross Profit": 23,
        "Operating Income": 6,
        "EBIT": 11,
        "Net Income": 6
    },
    "2020-12-31": {
        "Diluted EPS": 0.18,
        "Total Revenue": 113,
        "Gross Profit": 26,
        "Operating Income": 8,
        "EBIT": 13,
        "Net Income": 8
    },
    "2020-09-30": {
        "Diluted EPS": 0.17,
        "Total Revenue": 104,
        "Gross Profit": 28,
        "Operating Income": 10,
        "EBIT": 14,
        "Net Income": 8
    },
    "2020-06-30": {
        "Diluted EPS": 0.07,
        "Total Revenue": 70,
        "Gross Profit": 23,
        "Operating Income": 4,
        "EBIT": 8,
        "Net Income": 3
    },
    "2020-03-31": {
        "Diluted EPS": -0.16,
        "Total Revenue": 96,
        "Gross Profit": 16,
        "Operating Income": -2,
        "EBIT": 2,
        "Net Income": -7
    },
    "2019-12-31": {
        "Diluted EPS": -0.1,
        "Total Revenue": 130,
        "Gross Profit": 32,
        "Operating Income": -1,
        "EBIT": 4,
        "Net Income": -4
    },
    "2019-09-30": {
        "Diluted EPS": 0.19,
        "Total Revenue": 119,
        "Gross Profit": 32,
        "Operating Income": 13,
        "EBIT": 18,
        "Net Income": 8
    },
    "2019-06-30": {
        "Diluted EPS": 0.09,
        "Total Revenue": 83,
        "Gross Profit": 28,
        "Operating Income": 7,
        "EBIT": 12,
        "Net Income": 4
    },
    "2019-03-31": {
        "Diluted EPS": 0.09,
        "Total Revenue": 80,
        "Gross Profit": 22,
        "Operating Income": 4,
        "EBIT": 9,
        "Net Income": 4
    },
    "2018-12-31": {
        "Diluted EPS": 0.0,
        "Total Revenue": 102,
        "Gross Profit": 27,
        "Operating Income": 8,
        "EBIT": 12,
        "Net Income": -1
    },
    "2018-09-30": {
        "Diluted EPS": 0.19,
        "Total Revenue": 95,
        "Gross Profit": 30,
        "Operating Income": 12,
        "EBIT": 17,
        "Net Income": 8
    },
    "2018-06-30": {
        "Diluted EPS": 0.13,
        "Total Revenue": 97,
        "Gross Profit": 28,
        "Operating Income": 8,
        "EBIT": 13,
        "Net Income": 6
    },
    "2018-03-31": {
        "Diluted EPS": 0.1,
        "Total Revenue": 79,
        "Gross Profit": 26,
        "Operating Income": 8,
        "EBIT": 12,
        "Net Income": 4
    },
    "2017-12-31": {
        "Diluted EPS": 0.12,
        "Total Revenue": 103,
        "Gross Profit": 25,
        "Operating Income": 8,
        "EBIT": 12,
        "Net Income": 4
    },
    "2017-09-30": {
        "Diluted EPS": 0.17,
        "Total Revenue": 107,
        "Gross Profit": 28,
        "Operating Income": 10,
        "EBIT": 14,
        "Net Income": 7
    },
    "2017-06-30": {
        "Diluted EPS": -0.13,
        "Total Revenue": 91,
        "Gross Profit": 20,
        "Operating Income": -1,
        "EBIT": 3,
        "Net Income": -5
    },
    "2017-03-31": {
        "Diluted EPS": 0.04,
        "Total Revenue": 84,
        "Gross Profit": 20,
        "Operating Income": 0,
        "EBIT": 4,
        "Net Income": 1
    },
    "2016-12-31": {
        "Diluted EPS": 0.01,
        "Total Revenue": 66,
        "Gross Profit": 17,
        "Operating Income": 1,
        "EBIT": 5,
        "Net Income": 0
    },
    "2016-09-30": {
        "Diluted EPS": 0.17,
        "Total Revenue": 71,
        "Gross Profit": 22,
        "Operating Income": 8,
        "EBIT": 11,
        "Net Income": 6
    },
    "2016-06-30": {
        "Diluted EPS": 0.0,
        "Total Revenue": 57,
        "Gross Profit": 15,
        "Operating Income": 1,
        "EBIT": 4,
        "Net Income": 0
    },
    "2016-03-31": {
        "Diluted EPS": 0.03,
        "Total Revenue": 44,
        "Gross Profit": 17,
        "Operating Income": 3,
        "EBIT": 7,
        "Net Income": 1
    },
    "2015-12-31": {
        "Diluted EPS": -0.13,
        "Total Revenue": 56,
        "Gross Profit": 19,
        "Operating Income": -1,
        "EBIT": 2,
        "Net Income": -5
    },
    "2015-09-30": {
        "Diluted EPS": 0.08,
        "Total Revenue": 71,
        "Gross Profit": 20,
        "Operating Income": 5,
        "EBIT": 8,
        "Net Income": 3
    },
    "2015-06-30": {
        "Diluted EPS": 0.15,
        "Total Revenue": 65,
        "Gross Profit": 22,
        "Operating Income": 7,
        "EBIT": 10,
        "Net Income": 5
    },
    "2015-03-31": {
        "Diluted EPS": 0.22,
        "Total Revenue": 95,
        "Gross Profit": 25,
        "Operating Income": 10,
        "EBIT": 13,
        "Net Income": 8
    },
    "2014-12-31": {
        "Diluted EPS": -1.32,
        "Total Revenue": 103,
        "Gross Profit": 13,
        "Operating Income": -14,
        "EBIT": -10,
        "Net Income": -26
    },
    "2014-09-30": {
        "Diluted EPS": -0.42,
        "Total Revenue": 91,
        "Gross Profit": 10,
        "Operating Income": -2,
        "EBIT": 1,
        "Net Income": -6
    },
    "2014-06-30": {
        "Diluted EPS": -0.04,
        "Total Revenue": 90,
        "Gross Profit": 14,
        "Operating Income": 3,
        "EBIT": 6,
        "Net Income": -1
    },
    "2014-03-31": {
        "Diluted EPS": 0.17,
        "Total Revenue": 114,
        "Gross Profit": 22,
        "Operating Income": 10,
        "EBIT": 13,
        "Net Income": 2
    },
    "2013-12-31": {
        "Diluted EPS": 0.0,
        "Total Revenue": NaN,
        "Gross Profit": NaN,
        "Operating Income": NaN,
        "EBIT": NaN,
        "Net Income": NaN
    },
    "2013-06-30": {
        "Diluted EPS": -53.96,
        "Total Revenue": 91,
        "Gross Profit": 13,
        "Operating Income": 3,
        "EBIT": 6,
        "Net Income": -5
    },
    "2013-03-31": {
        "Diluted EPS": -1.58,
        "Total Revenue": 95,
        "Gross Profit": 17,
        "Operating Income": 7,
        "EBIT": 9,
        "Net Income": 0
    },
    "2012-12-31": {
        "Diluted EPS": 0.0,
        "Total Revenue": NaN,
        "Gross Profit": NaN,
        "Operating Income": NaN,
        "EBIT": NaN,
        "Net Income": NaN
    },
    "2011-12-31": {
        "Diluted EPS": 0.0,
        "Total Revenue": NaN,
        "Gross Profit": NaN,
        "Operating Income": NaN,
        "EBIT": NaN,
        "Net Income": NaN
    },
    "2023-06-30": {
        "Tax Effect Of Unusual Items": NaN,
        "Tax Rate For Calcs": NaN,
        "Normalized EBITDA": NaN,
        "Total Unusual Items": NaN,
        "Total Unusual Items Excluding Goodwill": NaN,
        "Net Income From Continuing Operation Net Minority Interest": NaN,
        "Reconciled Depreciation": NaN,
        "Reconciled Cost Of Revenue": NaN,
        "EBITDA": NaN,
        "EBIT": NaN,
        "Net Interest Income": NaN,
        "Interest Expense": NaN,
        "Interest Income": NaN,
        "Normalized Income": NaN,
        "Net Income From Continuing And Discontinued Operation": NaN,
        "Total Expenses": NaN,
        "Rent Expense Supplemental": NaN,
        "Total Operating Income As Reported": NaN,
        "Diluted Average Shares": NaN,
        "Basic Average Shares": NaN,
        "Diluted EPS": NaN,
        "Basic EPS": NaN,
        "Diluted NI Availto Com Stockholders": NaN,
        "Net Income Common Stockholders": NaN,
        "Net Income": NaN,
        "Minority Interests": NaN,
        "Net Income Including Noncontrolling Interests": NaN,
        "Net Income Continuous Operations": NaN,
        "Pretax Income": NaN,
        "Other Income Expense": NaN,
        "Other Non Operating Income Expenses": NaN,
        "Special Income Charges": NaN,
        "Gain On Sale Of Ppe": NaN,
        "Impairment Of Capital Assets": 0.0,
        "Gain On Sale Of Security": NaN,
        "Net Non Operating Interest Income Expense": NaN,
        "Interest Expense Non Operating": NaN,
        "Interest Income Non Operating": NaN,
        "Operating Income": NaN,
        "Operating Expense": NaN,
        "Selling General And Administration": NaN,
        "General And Administrative Expense": NaN,
        "Other Gand A": NaN,
        "Gross Profit": NaN,
        "Cost Of Revenue": NaN,
        "Total Revenue": NaN,
        "Operating Revenue": NaN
    },
    "2023-09-30": {
        "Tax Effect Of Unusual Items": NaN,
        "Tax Rate For Calcs": NaN,
        "Normalized EBITDA": NaN,
        "Total Unusual Items": NaN,
        "Total Unusual Items Excluding Goodwill": NaN,
        "Net Income From Continuing Operation Net Minority Interest": NaN,
        "Reconciled Depreciation": NaN,
        "Reconciled Cost Of Revenue": NaN,
        "EBITDA": NaN,
        "EBIT": NaN,
        "Net Interest Income": NaN,
        "Interest Expense": NaN,
        "Interest Income": NaN,
        "Normalized Income": NaN,
        "Net Income From Continuing And Discontinued Operation": NaN,
        "Total Expenses": NaN,
        "Rent Expense Supplemental": NaN,
        "Total Operating Income As Reported": NaN,
        "Diluted Average Shares": NaN,
        "Basic Average Shares": NaN,
        "Diluted EPS": NaN,
        "Basic EPS": NaN,
        "Diluted NI Availto Com Stockholders": NaN,
        "Net Income Common Stockholders": NaN,
        "Net Income": NaN,
        "Minority Interests": NaN,
        "Net Income Including Noncontrolling Interests": NaN,
        "Net Income Continuous Operations": NaN,
        "Pretax Income": NaN,
        "Other Income Expense": NaN,
        "Other Non Operating Income Expenses": NaN,
        "Special Income Charges": NaN,
        "Gain On Sale Of Ppe": NaN,
        "Impairment Of Capital Assets": 0.0,
        "Gain On Sale Of Security": NaN,
        "Net Non Operating Interest Income Expense": NaN,
        "Interest Expense Non Operating": NaN,
        "Interest Income Non Operating": NaN,
        "Operating Income": NaN,
        "Operating Expense": NaN,
        "Selling General And Administration": NaN,
        "General And Administrative Expense": NaN,
        "Other Gand A": NaN,
        "Gross Profit": NaN,
        "Cost Of Revenue": NaN,
        "Total Revenue": NaN,
        "Operating Revenue": NaN
    },
    "2023-12-31": {
        "Tax Effect Of Unusual Items": NaN,
        "Tax Rate For Calcs": NaN,
        "Normalized EBITDA": NaN,
        "Total Unusual Items": NaN,
        "Total Unusual Items Excluding Goodwill": NaN,
        "Net Income From Continuing Operation Net Minority Interest": NaN,
        "Reconciled Depreciation": NaN,
        "Reconciled Cost Of Revenue": NaN,
        "EBITDA": NaN,
        "EBIT": NaN,
        "Net Interest Income": NaN,
        "Interest Expense": NaN,
        "Interest Income": NaN,
        "Normalized Income": NaN,
        "Net Income From Continuing And Discontinued Operation": NaN,
        "Total Expenses": NaN,
        "Rent Expense Supplemental": NaN,
        "Total Operating Income As Reported": NaN,
        "Diluted Average Shares": NaN,
        "Basic Average Shares": NaN,
        "Diluted EPS": NaN,
        "Basic EPS": NaN,
        "Diluted NI Availto Com Stockholders": NaN,
        "Net Income Common Stockholders": NaN,
        "Net Income": NaN,
        "Minority Interests": NaN,
        "Net Income Including Noncontrolling Interests": NaN,
        "Net Income Continuous Operations": NaN,
        "Pretax Income": NaN,
        "Other Income Expense": NaN,
        "Other Non Operating Income Expenses": NaN,
        "Special Income Charges": -566315.0,
        "Gain On Sale Of Ppe": -566315.0,
        "Impairment Of Capital Assets": 0.0,
        "Gain On Sale Of Security": NaN,
        "Net Non Operating Interest Income Expense": NaN,
        "Interest Expense Non Operating": NaN,
        "Interest Income Non Operating": NaN,
        "Operating Income": NaN,
        "Operating Expense": NaN,
        "Selling General And Administration": NaN,
        "General And Administrative Expense": NaN,
        "Other Gand A": NaN,
        "Gross Profit": NaN,
        "Cost Of Revenue": NaN,
        "Total Revenue": NaN,
        "Operating Revenue": NaN
    },
    "2024-03-31": {
        "Tax Effect Of Unusual Items": NaN,
        "Tax Rate For Calcs": NaN,
        "Normalized EBITDA": NaN,
        "Total Unusual Items": NaN,
        "Total Unusual Items Excluding Goodwill": NaN,
        "Net Income From Continuing Operation Net Minority Interest": NaN,
        "Reconciled Depreciation": NaN,
        "Reconciled Cost Of Revenue": NaN,
        "EBITDA": NaN,
        "EBIT": NaN,
        "Net Interest Income": NaN,
        "Interest Expense": NaN,
        "Interest Income": NaN,
        "Normalized Income": NaN,
        "Net Income From Continuing And Discontinued Operation": NaN,
        "Total Expenses": NaN,
        "Rent Expense Supplemental": NaN,
        "Total Operating Income As Reported": NaN,
        "Diluted Average Shares": NaN,
        "Basic Average Shares": NaN,
        "Diluted EPS": NaN,
        "Basic EPS": NaN,
        "Diluted NI Availto Com Stockholders": NaN,
        "Net Income Common Stockholders": NaN,
        "Net Income": NaN,
        "Minority Interests": NaN,
        "Net Income Including Noncontrolling Interests": NaN,
        "Net Income Continuous Operations": NaN,
        "Pretax Income": NaN,
        "Other Income Expense": NaN,
        "Other Non Operating Income Expenses": NaN,
        "Special Income Charges": 0.0,
        "Gain On Sale Of Ppe": 0.0,
        "Gain On Sale Of Security": NaN,
        "Net Non Operating Interest Income Expense": NaN,
        "Interest Expense Non Operating": NaN,
        "Interest Income Non Operating": NaN,
        "Operating Income": NaN,
        "Operating Expense": NaN,
        "Selling General And Administration": NaN,
        "General And Administrative Expense": NaN,
        "Other Gand A": NaN,
        "Gross Profit": NaN,
        "Cost Of Revenue": NaN,
        "Total Revenue": NaN,
        "Operating Revenue": NaN
    },
    "2024-06-30": {
        "Tax Effect Of Unusual Items": -194775.63,
        "Tax Rate For Calcs": 0.21,
        "Normalized EBITDA": 16187461.0,
        "Total Unusual Items": -927503.0,
        "Total Unusual Items Excluding Goodwill": -927503.0,
        "Net Income From Continuing Operation Net Minority Interest": 3682775.0,
        "Reconciled Depreciation": 7453675.0,
        "Reconciled Cost Of Revenue": 118853930.0,
        "EBITDA": 15259958.0,
        "EBIT": 7806283.0,
        "Net Interest Income": -3147421.0,
        "Interest Expense": 3812783.0,
        "Interest Income": 665362.0,
        "Normalized Income": 4415502.37,
        "Net Income From Continuing And Discontinued Operation": 3682775.0,
        "Total Expenses": 123883626.0,
        "Rent Expense Supplemental": 32685075.0,
        "Total Operating Income As Reported": 7614226.0,
        "Diluted Average Shares": 46028902.0,
        "Basic Average Shares": 45276791.0,
        "Diluted EPS": 0.08,
        "Basic EPS": 0.08,
        "Diluted NI Availto Com Stockholders": 3682775.0,
        "Net Income Common Stockholders": 3682775.0,
        "Net Income": 3682775.0,
        "Minority Interests": -310725.0,
        "Net Income Including Noncontrolling Interests": 3993500.0,
        "Net Income Continuous Operations": 3993500.0,
        "Pretax Income": 3993500.0,
        "Other Income Expense": -473305.0,
        "Other Non Operating Income Expenses": 454198.0,
        "Special Income Charges": 0.0,
        "Gain On Sale Of Ppe": 0.0,
        "Gain On Sale Of Security": -927503.0,
        "Net Non Operating Interest Income Expense": -3147421.0,
        "Interest Expense Non Operating": 3812783.0,
        "Interest Income Non Operating": 665362.0,
        "Operating Income": 7614226.0,
        "Operating Expense": 5029696.0,
        "Selling General And Administration": 5029696.0,
        "General And Administrative Expense": 5029696.0,
        "Other Gand A": 5029696.0,
        "Gross Profit": 12643922.0,
        "Cost Of Revenue": 118853930.0,
        "Total Revenue": 131497852.0,
        "Operating Revenue": 131497852.0
    },
    "2024-09-30": {
        "Tax Effect Of Unusual Items": -1251857.04,
        "Tax Rate For Calcs": 0.21,
        "Normalized EBITDA": 24439530.0,
        "Total Unusual Items": -5961224.0,
        "Total Unusual Items Excluding Goodwill": -5961224.0,
        "Net Income From Continuing Operation Net Minority Interest": 5111040.0,
        "Reconciled Depreciation": 7719083.0,
        "Reconciled Cost Of Revenue": 132071986.0,
        "EBITDA": 18478306.0,
        "EBIT": 10759223.0,
        "Net Interest Income": -3533896.0,
        "Interest Expense": 4702101.0,
        "Interest Income": 1168205.0,
        "Normalized Income": 9820406.96,
        "Net Income From Continuing And Discontinued Operation": 5111040.0,
        "Total Expenses": 138113843.0,
        "Rent Expense Supplemental": 36511251.0,
        "Total Operating Income As Reported": 15001221.0,
        "Diluted Average Shares": 46011402.0,
        "Basic Average Shares": 45279813.0,
        "Diluted EPS": 0.11,
        "Basic EPS": 0.11,
        "Diluted NI Availto Com Stockholders": 5111040.0,
        "Net Income Common Stockholders": 5111040.0,
        "Net Income": 5111040.0,
        "Minority Interests": -946082.0,
        "Net Income Including Noncontrolling Interests": 6057122.0,
        "Net Income Continuous Operations": 6057122.0,
        "Pretax Income": 6057122.0,
        "Other Income Expense": -5410203.0,
        "Other Non Operating Income Expenses": 551021.0,
        "Special Income Charges": 0.0,
        "Gain On Sale Of Ppe": 0.0,
        "Gain On Sale Of Security": -5961224.0,
        "Net Non Operating Interest Income Expense": -3533896.0,
        "Interest Expense Non Operating": 4702101.0,
        "Interest Income Non Operating": 1168205.0,
        "Operating Income": 15001221.0,
        "Operating Expense": 6041857.0,
        "Selling General And Administration": 6041857.0,
        "General And Administrative Expense": 6041857.0,
        "Other Gand A": 6041857.0,
        "Gross Profit": 21043078.0,
        "Cost Of Revenue": 132071986.0,
        "Total Revenue": 153115064.0,
        "Operating Revenue": 153115064.0
    },
    "2024-12-31": {
        "Tax Effect Of Unusual Items": 178782.66,
        "Tax Rate For Calcs": 0.21,
        "Normalized EBITDA": 23358143.0,
        "Total Unusual Items": 851346.0,
        "Total Unusual Items Excluding Goodwill": 851346.0,
        "Net Income From Continuing Operation Net Minority Interest": 8435392.0,
        "Reconciled Depreciation": 7766490.0,
        "Reconciled Cost Of Revenue": 126092816.0,
        "EBITDA": 24209489.0,
        "EBIT": 16442999.0,
        "Net Interest Income": -6801494.0,
        "Interest Expense": 7389762.0,
        "Interest Income": 588268.0,
        "Normalized Income": 7762828.66,
        "Net Income From Continuing And Discontinued Operation": 8435392.0,
        "Total Expenses": 132369729.0,
        "Rent Expense Supplemental": 34424625.0,
        "Total Operating Income As Reported": 14805048.0,
        "Diluted Average Shares": 46527775.0,
        "Basic Average Shares": 45792112.0,
        "Diluted EPS": 0.18,
        "Basic EPS": 0.18,
        "Diluted NI Availto Com Stockholders": 8435392.0,
        "Net Income Common Stockholders": 8435392.0,
        "Net Income": 8435392.0,
        "Minority Interests": -617845.0,
        "Net Income Including Noncontrolling Interests": 9053237.0,
        "Net Income Continuous Operations": 9053237.0,
        "Pretax Income": 9053237.0,
        "Other Income Expense": 1049683.0,
        "Other Non Operating Income Expenses": 198337.0,
        "Special Income Charges": 0.0,
        "Gain On Sale Of Ppe": 0.0,
        "Gain On Sale Of Security": 851346.0,
        "Net Non Operating Interest Income Expense": -6801494.0,
        "Interest Expense Non Operating": 7389762.0,
        "Interest Income Non Operating": 588268.0,
        "Operating Income": 14805048.0,
        "Operating Expense": 6276913.0,
        "Selling General And Administration": 6276913.0,
        "General And Administrative Expense": 6276913.0,
        "Other Gand A": 6276913.0,
        "Gross Profit": 21081961.0,
        "Cost Of Revenue": 126092816.0,
        "Total Revenue": 147174777.0,
        "Operating Revenue": 147174777.0
    },
    "2025-03-31": {
        "Tax Effect Of Unusual Items": 0.0,
        "Tax Rate For Calcs": 0.0,
        "Normalized EBITDA": 13687222.0,
        "Total Unusual Items": 183540.0,
        "Total Unusual Items Excluding Goodwill": 183540.0,
        "Net Income From Continuing Operation Net Minority Interest": -1980877.0,
        "Reconciled Depreciation": 9923492.0,
        "Reconciled Cost Of Revenue": 112600947.0,
        "EBITDA": 13870762.0,
        "EBIT": 3947270.0,
        "Net Interest Income": -5701566.0,
        "Interest Expense": 6145944.0,
        "Interest Income": 444378.0,
        "Normalized Income": -2164417.0,
        "Net Income From Continuing And Discontinued Operation": -1980877.0,
        "Total Expenses": 119875440.0,
        "Rent Expense Supplemental": 17640670.0,
        "Total Operating Income As Reported": 2926446.0,
        "Diluted Average Shares": 63851090.0,
        "Basic Average Shares": 63851090.0,
        "Diluted EPS": -0.03,
        "Basic EPS": -0.03,
        "Diluted NI Availto Com Stockholders": -1980877.0,
        "Net Income Common Stockholders": -1980877.0,
        "Net Income": -1980877.0,
        "Minority Interests": 217797.0,
        "Net Income Including Noncontrolling Interests": -2198674.0,
        "Net Income Continuous Operations": -2198674.0,
        "Pretax Income": -2198674.0,
        "Other Income Expense": 576446.0,
        "Other Non Operating Income Expenses": 392906.0,
        "Special Income Charges": NaN,
        "Gain On Sale Of Ppe": NaN,
        "Gain On Sale Of Security": 183540.0,
        "Net Non Operating Interest Income Expense": -5701566.0,
        "Interest Expense Non Operating": 6145944.0,
        "Interest Income Non Operating": 444378.0,
        "Operating Income": 2926446.0,
        "Operating Expense": 7274493.0,
        "Selling General And Administration": 7274493.0,
        "General And Administrative Expense": 7274493.0,
        "Other Gand A": 7274493.0,
        "Gross Profit": 10200939.0,
        "Cost Of Revenue": 112600947.0,
        "Total Revenue": 122801886.0,
        "Operating Revenue": 122801886.0
    },
    "2025-06-30": {
        "Tax Effect Of Unusual Items": 0.0,
        "Tax Rate For Calcs": 0.0,
        "Normalized EBITDA": 15026604.0,
        "Total Unusual Items": -1300932.0,
        "Total Unusual Items Excluding Goodwill": -1300932.0,
        "Net Income From Continuing Operation Net Minority Interest": -2742116.0,
        "Reconciled Depreciation": 10597483.0,
        "Reconciled Cost Of Revenue": 145864010.0,
        "EBITDA": 13725672.0,
        "EBIT": 3128189.0,
        "Net Interest Income": -5736608.0,
        "Interest Expense": 6028255.0,
        "Interest Income": 291647.0,
        "Normalized Income": -1441184.0,
        "Net Income From Continuing And Discontinued Operation": -2742116.0,
        "Total Expenses": 153035850.0,
        "Rent Expense Supplemental": 31423415.0,
        "Total Operating Income As Reported": 3653592.0,
        "Diluted Average Shares": 64042209.0,
        "Basic Average Shares": 64042209.0,
        "Diluted EPS": -0.04,
        "Basic EPS": -0.04,
        "Diluted NI Availto Com Stockholders": -2742116.0,
        "Net Income Common Stockholders": -2742116.0,
        "Net Income": -2742116.0,
        "Minority Interests": 157950.0,
        "Net Income Including Noncontrolling Interests": -2900066.0,
        "Net Income Continuous Operations": -2900066.0,
        "Pretax Income": -2900066.0,
        "Other Income Expense": -817050.0,
        "Other Non Operating Income Expenses": 483882.0,
        "Special Income Charges": NaN,
        "Gain On Sale Of Ppe": NaN,
        "Gain On Sale Of Security": -1300932.0,
        "Net Non Operating Interest Income Expense": -5736608.0,
        "Interest Expense Non Operating": 6028255.0,
        "Interest Income Non Operating": 291647.0,
        "Operating Income": 3653592.0,
        "Operating Expense": 7171840.0,
        "Selling General And Administration": 7171840.0,
        "General And Administrative Expense": 7171840.0,
        "Other Gand A": 7171840.0,
        "Gross Profit": 10825432.0,
        "Cost Of Revenue": 145864010.0,
        "Total Revenue": 156689442.0,
        "Operating Revenue": 156689442.0
    }
}