{
    "2023-04-30": {
        "Tax Effect Of Unusual Items": NaN,
        "Tax Rate For Calcs": NaN,
        "Normalized EBITDA": NaN,
        "Total Unusual Items": NaN,
        "Total Unusual Items Excluding Goodwill": NaN,
        "Net Income From Continuing Operation Net Minority Interest": NaN,
        "Reconciled Depreciation": NaN,
        "Reconciled Cost Of Revenue": NaN,
        "EBITDA": NaN,
        "EBIT": NaN,
        "Net Interest Income": NaN,
        "Interest Expense": NaN,
        "Interest Income": NaN,
        "Normalized Income": NaN,
        "Net Income From Continuing And Discontinued Operation": NaN,
        "Total Expenses": NaN,
        "Total Operating Income As Reported": NaN,
        "Diluted Average Shares": 344700000.0,
        "Basic Average Shares": 303900000.0,
        "Diluted EPS": 0.31,
        "Basic EPS": 0.35,
        "Diluted NI Availto Com Stockholders": NaN,
        "Net Income Common Stockholders": NaN,
        "Net Income": NaN,
        "Net Income Including Noncontrolling Interests": NaN,
        "Net Income Continuous Operations": NaN,
        "Tax Provision": NaN,
        "Pretax Income": NaN,
        "Other Income Expense": NaN,
        "Other Non Operating Income Expenses": NaN,
        "Gain On Sale Of Security": NaN,
        "Net Non Operating Interest Income Expense": NaN,
        "Total Other Finance Cost": NaN,
        "Interest Expense Non Operating": NaN,
        "Interest Income Non Operating": NaN,
        "Operating Income": NaN,
        "Operating Expense": NaN,
        "Research And Development": NaN,
        "Selling General And Administration": NaN,
        "Selling And Marketing Expense": NaN,
        "General And Administrative Expense": NaN,
        "Other Gand A": NaN,
        "Gross Profit": NaN,
        "Cost Of Revenue": NaN,
        "Total Revenue": NaN,
        "Operating Revenue": NaN
    },
    "2023-01-31": {
        "Tax Effect Of Unusual Items": NaN,
        "Tax Rate For Calcs": NaN,
        "Normalized EBITDA": NaN,
        "Total Unusual Items": NaN,
        "Total Unusual Items Excluding Goodwill": NaN,
        "Net Income From Continuing Operation Net Minority Interest": NaN,
        "Reconciled Depreciation": NaN,
        "Reconciled Cost Of Revenue": NaN,
        "EBITDA": NaN,
        "EBIT": NaN,
        "Net Interest Income": NaN,
        "Interest Expense": NaN,
        "Interest Income": NaN,
        "Normalized Income": NaN,
        "Net Income From Continuing And Discontinued Operation": NaN,
        "Total Expenses": NaN,
        "Total Operating Income As Reported": NaN,
        "Diluted Average Shares": NaN,
        "Basic Average Shares": NaN,
        "Diluted EPS": NaN,
        "Basic EPS": NaN,
        "Diluted NI Availto Com Stockholders": NaN,
        "Net Income Common Stockholders": NaN,
        "Net Income": NaN,
        "Net Income Including Noncontrolling Interests": NaN,
        "Net Income Continuous Operations": NaN,
        "Tax Provision": NaN,
        "Pretax Income": NaN,
        "Other Income Expense": NaN,
        "Other Non Operating Income Expenses": NaN,
        "Gain On Sale Of Security": NaN,
        "Net Non Operating Interest Income Expense": NaN,
        "Total Other Finance Cost": 1700000.0,
        "Interest Expense Non Operating": NaN,
        "Interest Income Non Operating": NaN,
        "Operating Income": NaN,
        "Operating Expense": NaN,
        "Research And Development": NaN,
        "Selling General And Administration": NaN,
        "Selling And Marketing Expense": NaN,
        "General And Administrative Expense": NaN,
        "Other Gand A": NaN,
        "Gross Profit": NaN,
        "Cost Of Revenue": NaN,
        "Total Revenue": NaN,
        "Operating Revenue": NaN
    },
    "2022-10-31": {
        "Tax Effect Of Unusual Items": NaN,
        "Tax Rate For Calcs": NaN,
        "Normalized EBITDA": NaN,
        "Total Unusual Items": NaN,
        "Total Unusual Items Excluding Goodwill": NaN,
        "Net Income From Continuing Operation Net Minority Interest": NaN,
        "Reconciled Depreciation": NaN,
        "Reconciled Cost Of Revenue": NaN,
        "EBITDA": NaN,
        "EBIT": NaN,
        "Net Interest Income": NaN,
        "Interest Expense": NaN,
        "Interest Income": NaN,
        "Normalized Income": NaN,
        "Net Income From Continuing And Discontinued Operation": NaN,
        "Total Expenses": NaN,
        "Total Operating Income As Reported": NaN,
        "Diluted Average Shares": NaN,
        "Basic Average Shares": NaN,
        "Diluted EPS": NaN,
        "Basic EPS": NaN,
        "Diluted NI Availto Com Stockholders": NaN,
        "Net Income Common Stockholders": NaN,
        "Net Income": NaN,
        "Net Income Including Noncontrolling Interests": NaN,
        "Net Income Continuous Operations": NaN,
        "Tax Provision": NaN,
        "Pretax Income": NaN,
        "Other Income Expense": NaN,
        "Other Non Operating Income Expenses": NaN,
        "Gain On Sale Of Security": NaN,
        "Net Non Operating Interest Income Expense": NaN,
        "Total Other Finance Cost": 1800000.0,
        "Interest Expense Non Operating": NaN,
        "Interest Income Non Operating": NaN,
        "Operating Income": NaN,
        "Operating Expense": NaN,
        "Research And Development": NaN,
        "Selling General And Administration": NaN,
        "Selling And Marketing Expense": NaN,
        "General And Administrative Expense": NaN,
        "Other Gand A": NaN,
        "Gross Profit": NaN,
        "Cost Of Revenue": NaN,
        "Total Revenue": NaN,
        "Operating Revenue": NaN
    },
    "2022-07-31": {
        "Tax Effect Of Unusual Items": 0.0,
        "Tax Rate For Calcs": 0.4,
        "Normalized EBITDA": 24200000.0,
        "Total Unusual Items": NaN,
        "Total Unusual Items Excluding Goodwill": NaN,
        "Net Income From Continuing Operation Net Minority Interest": 3300000.0,
        "Reconciled Depreciation": 35000000.0,
        "Reconciled Cost Of Revenue": 492300000.0,
        "EBITDA": 24200000.0,
        "EBIT": 24200000.0,
        "Net Interest Income": -6900000.0,
        "Interest Expense": 6900000.0,
        "Interest Income": NaN,
        "Normalized Income": 3300000.0,
        "Net Income From Continuing And Discontinued Operation": 3300000.0,
        "Total Expenses": 1535100000.0,
        "Total Operating Income As Reported": 15400000.0,
        "Diluted Average Shares": 297900000.0,
        "Basic Average Shares": 297900000.0,
        "Diluted EPS": 0.01,
        "Basic EPS": 0.01,
        "Diluted NI Availto Com Stockholders": 3300000.0,
        "Net Income Common Stockholders": 3300000.0,
        "Net Income": 3300000.0,
        "Net Income Including Noncontrolling Interests": 3300000.0,
        "Net Income Continuous Operations": 3300000.0,
        "Tax Provision": 14000000.0,
        "Pretax Income": 17300000.0,
        "Other Income Expense": 8800000.0,
        "Other Non Operating Income Expenses": 8800000.0,
        "Gain On Sale Of Security": NaN,
        "Net Non Operating Interest Income Expense": -6900000.0,
        "Total Other Finance Cost": 1800000.0,
        "Interest Expense Non Operating": 6900000.0,
        "Interest Income Non Operating": NaN,
        "Operating Income": 15400000.0,
        "Operating Expense": 1042800000.0,
        "Research And Development": 363800000.0,
        "Selling General And Administration": 679000000.0,
        "Selling And Marketing Expense": 570600000.0,
        "General And Administrative Expense": 108400000.0,
        "Other Gand A": 108400000.0,
        "Gross Profit": 1058200000.0,
        "Cost Of Revenue": 492300000.0,
        "Total Revenue": 1550500000.0,
        "Operating Revenue": 1550500000.0
    },
    "2022-04-30": {
        "Diluted EPS": -0.25,
        "Total Revenue": NaN,
        "Gross Profit": 946,
        "Operating Income": -48,
        "EBIT": 130,
        "Net Income": -73
    },
    "2022-01-31": {
        "Diluted EPS": -0.32,
        "Total Revenue": NaN,
        "Gross Profit": 912,
        "Operating Income": -74,
        "EBIT": 100,
        "Net Income": -94
    },
    "2021-10-31": {
        "Diluted EPS": -0.35,
        "Total Revenue": NaN,
        "Gross Profit": 867,
        "Operating Income": -83,
        "EBIT": 90,
        "Net Income": -104
    },
    "2021-07-31": {
        "Diluted EPS": -0.41,
        "Total Revenue": NaN,
        "Gross Profit": 860,
        "Operating Income": -60,
        "EBIT": 150,
        "Net Income": -119
    },
    "2021-04-30": {
        "Diluted EPS": -0.5,
        "Total Revenue": NaN,
        "Gross Profit": 743,
        "Operating Income": -110,
        "EBIT": 83,
        "Net Income": -145
    },
    "2021-01-31": {
        "Diluted EPS": -0.49,
        "Total Revenue": NaN,
        "Gross Profit": 709,
        "Operating Income": -89,
        "EBIT": 94,
        "Net Income": -142
    },
    "2020-10-31": {
        "Diluted EPS": -0.32,
        "Total Revenue": 946,
        "Gross Profit": 668,
        "Operating Income": -45,
        "EBIT": 127,
        "Net Income": -92
    },
    "2020-07-31": {
        "Diluted EPS": -0.21,
        "Total Revenue": 950,
        "Gross Profit": 660,
        "Operating Income": -18,
        "EBIT": 166,
        "Net Income": -59
    },
    "2020-04-30": {
        "Diluted EPS": -0.26,
        "Total Revenue": 869,
        "Gross Profit": 611,
        "Operating Income": -57,
        "EBIT": 85,
        "Net Income": -75
    },
    "2020-01-31": {
        "Diluted EPS": -0.25,
        "Total Revenue": 817,
        "Gross Profit": 584,
        "Operating Income": -53,
        "EBIT": 76,
        "Net Income": -74
    },
    "2019-10-31": {
        "Diluted EPS": -0.21,
        "Total Revenue": 772,
        "Gross Profit": 554,
        "Operating Income": -52,
        "EBIT": 71,
        "Net Income": -60
    },
    "2019-07-31": {
        "Diluted EPS": -0.07,
        "Total Revenue": 806,
        "Gross Profit": 588,
        "Operating Income": -10,
        "EBIT": 121,
        "Net Income": -21
    },
    "2019-04-30": {
        "Diluted EPS": -0.07,
        "Total Revenue": 727,
        "Gross Profit": 522,
        "Operating Income": -19,
        "EBIT": 91,
        "Net Income": -20
    },
    "2019-01-31": {
        "Diluted EPS": -0.01,
        "Total Revenue": 711,
        "Gross Profit": 509,
        "Operating Income": 7,
        "EBIT": 104,
        "Net Income": -3
    },
    "2018-10-31": {
        "Diluted EPS": -0.14,
        "Total Revenue": 656,
        "Gross Profit": 473,
        "Operating Income": -32,
        "EBIT": 61,
        "Net Income": -38
    },
    "2018-07-31": {
        "Diluted EPS": 0.03,
        "Total Revenue": 659,
        "Gross Profit": 474,
        "Operating Income": 17,
        "EBIT": 103,
        "Net Income": 7
    },
    "2018-04-30": {
        "Diluted EPS": -0.15,
        "Total Revenue": 568,
        "Gross Profit": 408,
        "Operating Income": -45,
        "EBIT": 30,
        "Net Income": -40
    },
    "2018-01-31": {
        "Diluted EPS": -0.09,
        "Total Revenue": 546,
        "Gross Profit": 386,
        "Operating Income": -23,
        "EBIT": 35,
        "Net Income": -26
    },
    "2017-10-31": {
        "Diluted EPS": -0.23,
        "Total Revenue": 502,
        "Gross Profit": 361,
        "Operating Income": -54,
        "EBIT": 3,
        "Net Income": -63
    },
    "2017-07-31": {
        "Diluted EPS": -0.09,
        "Total Revenue": 503,
        "Gross Profit": 364,
        "Operating Income": -13,
        "EBIT": 118,
        "Net Income": -25
    },
    "2017-04-30": {
        "Diluted EPS": -0.22,
        "Total Revenue": 432,
        "Gross Profit": 308,
        "Operating Income": -49,
        "EBIT": -27,
        "Net Income": -61
    },
    "2017-01-31": {
        "Diluted EPS": -0.22,
        "Total Revenue": 423,
        "Gross Profit": 309,
        "Operating Income": -54,
        "EBIT": -33,
        "Net Income": -61
    },
    "2016-10-31": {
        "Diluted EPS": -0.21,
        "Total Revenue": 398,
        "Gross Profit": 297,
        "Operating Income": -49,
        "EBIT": -29,
        "Net Income": -57
    },
    "2016-07-31": {
        "Diluted EPS": -0.12,
        "Total Revenue": 401,
        "Gross Profit": 299,
        "Operating Income": -23,
        "EBIT": -4,
        "Net Income": -31
    },
    "2016-04-30": {
        "Diluted EPS": -0.24,
        "Total Revenue": 346,
        "Gross Profit": 251,
        "Operating Income": -53,
        "EBIT": -35,
        "Net Income": -64
    },
    "2016-01-31": {
        "Diluted EPS": -0.22,
        "Total Revenue": 335,
        "Gross Profit": 241,
        "Operating Income": -50,
        "EBIT": -33,
        "Net Income": -57
    },
    "2015-10-31": {
        "Diluted EPS": -0.16,
        "Total Revenue": 297,
        "Gross Profit": 218,
        "Operating Income": -32,
        "EBIT": -16,
        "Net Income": -40
    },
    "2015-07-31": {
        "Diluted EPS": -0.05,
        "Total Revenue": 284,
        "Gross Profit": 210,
        "Operating Income": -1,
        "EBIT": 14,
        "Net Income": -12
    },
    "2015-04-30": {
        "Diluted EPS": -0.19,
        "Total Revenue": 234,
        "Gross Profit": 170,
        "Operating Income": -37,
        "EBIT": -23,
        "Net Income": -46
    },
    "2015-01-31": {
        "Diluted EPS": -0.18,
        "Total Revenue": 218,
        "Gross Profit": 158,
        "Operating Income": -39,
        "EBIT": -25,
        "Net Income": -43
    },
    "2014-10-31": {
        "Diluted EPS": -0.13,
        "Total Revenue": 192,
        "Gross Profit": 139,
        "Operating Income": -24,
        "EBIT": -12,
        "Net Income": -30
    },
    "2014-07-31": {
        "Diluted EPS": -0.14,
        "Total Revenue": 178,
        "Gross Profit": 130,
        "Operating Income": -25,
        "EBIT": -16,
        "Net Income": -32
    },
    "2014-04-30": {
        "Diluted EPS": -0.65,
        "Total Revenue": 151,
        "Gross Profit": 111,
        "Operating Income": -146,
        "EBIT": -141,
        "Net Income": -147
    },
    "2014-01-31": {
        "Diluted EPS": -0.18,
        "Total Revenue": 141,
        "Gross Profit": 104,
        "Operating Income": -37,
        "EBIT": -33,
        "Net Income": -40
    },
    "2013-10-31": {
        "Diluted EPS": -0.04,
        "Total Revenue": 128,
        "Gross Profit": 94,
        "Operating Income": -7,
        "EBIT": -3,
        "Net Income": -8
    },
    "2013-07-31": {
        "Diluted EPS": -0.08,
        "Total Revenue": 112,
        "Gross Profit": 82,
        "Operating Income": -7,
        "EBIT": -4,
        "Net Income": -16
    },
    "2013-04-30": {
        "Diluted EPS": -0.03,
        "Total Revenue": 101,
        "Gross Profit": 74,
        "Operating Income": -6,
        "EBIT": -3,
        "Net Income": -7
    },
    "2013-01-31": {
        "Diluted EPS": -0.01,
        "Total Revenue": 96,
        "Gross Profit": 69,
        "Operating Income": -2,
        "EBIT": 1,
        "Net Income": -3
    },
    "2012-10-31": {
        "Diluted EPS": -0.02,
        "Total Revenue": 86,
        "Gross Profit": 62,
        "Operating Income": -3,
        "EBIT": -1,
        "Net Income": -4
    },
    "2012-07-31": {
        "Diluted EPS": -0.06,
        "Total Revenue": 76,
        "Gross Profit": 54,
        "Operating Income": -4,
        "EBIT": -2,
        "Net Income": -5
    },
    "2012-04-30": {
        "Diluted EPS": 0.0,
        "Total Revenue": 66,
        "Gross Profit": 47,
        "Operating Income": 0,
        "EBIT": 2,
        "Net Income": 1
    },
    "2012-01-31": {
        "Diluted EPS": 0.0,
        "Total Revenue": 57,
        "Gross Profit": 41,
        "Operating Income": 1,
        "EBIT": 3,
        "Net Income": NaN
    },
    "2011-10-31": {
        "Diluted EPS": 0.0,
        "Total Revenue": 57,
        "Gross Profit": 42,
        "Operating Income": 7,
        "EBIT": 8,
        "Net Income": NaN
    },
    "2011-07-31": {
        "Diluted EPS": 0.0,
        "Total Revenue": NaN,
        "Gross Profit": NaN,
        "Operating Income": NaN,
        "EBIT": NaN,
        "Net Income": NaN
    },
    "2010-07-31": {
        "Diluted EPS": 0.0,
        "Total Revenue": NaN,
        "Gross Profit": NaN,
        "Operating Income": NaN,
        "EBIT": NaN,
        "Net Income": NaN
    },
    "2023-07-31": {
        "Tax Effect Of Unusual Items": -785592.417062,
        "Tax Rate For Calcs": 0.280569,
        "Normalized EBITDA": 387600000.0,
        "Total Unusual Items": -2800000.0,
        "Total Unusual Items Excluding Goodwill": -2800000.0,
        "Net Income From Continuing Operation Net Minority Interest": 227700000.0,
        "Reconciled Depreciation": 69300000.0,
        "Reconciled Cost Of Revenue": 506800000.0,
        "EBITDA": 384800000.0,
        "EBIT": 315500000.0,
        "Net Interest Income": 66800000.0,
        "Interest Expense": -1000000.0,
        "Interest Income": 72500000.0,
        "Normalized Income": 229714407.582938,
        "Net Income From Continuing And Discontinued Operation": 227700000.0,
        "Total Expenses": 1699800000.0,
        "Total Operating Income As Reported": 253500000.0,
        "Diluted Average Shares": 354500000.0,
        "Basic Average Shares": 306900000.0,
        "Diluted EPS": 0.64,
        "Basic EPS": 0.74,
        "Diluted NI Availto Com Stockholders": 227700000.0,
        "Net Income Common Stockholders": 227700000.0,
        "Net Income": 227700000.0,
        "Net Income Including Noncontrolling Interests": 227700000.0,
        "Net Income Continuous Operations": 227700000.0,
        "Tax Provision": 88800000.0,
        "Pretax Income": 316500000.0,
        "Other Income Expense": -3800000.0,
        "Other Non Operating Income Expenses": -1000000.0,
        "Gain On Sale Of Security": -2800000.0,
        "Net Non Operating Interest Income Expense": 66800000.0,
        "Total Other Finance Cost": NaN,
        "Interest Expense Non Operating": -1000000.0,
        "Interest Income Non Operating": 72500000.0,
        "Operating Income": 253500000.0,
        "Operating Expense": 1193000000.0,
        "Research And Development": 414400000.0,
        "Selling General And Administration": 778600000.0,
        "Selling And Marketing Expense": 664000000.0,
        "General And Administrative Expense": 114600000.0,
        "Other Gand A": 114600000.0,
        "Gross Profit": 1446500000.0,
        "Cost Of Revenue": 506800000.0,
        "Total Revenue": 1953300000.0,
        "Operating Revenue": 1953300000.0
    },
    "2023-10-31": {
        "Tax Effect Of Unusual Items": NaN,
        "Tax Rate For Calcs": NaN,
        "Normalized EBITDA": NaN,
        "Total Unusual Items": NaN,
        "Total Unusual Items Excluding Goodwill": NaN,
        "Net Income From Continuing Operation Net Minority Interest": NaN,
        "Reconciled Depreciation": NaN,
        "Reconciled Cost Of Revenue": NaN,
        "EBITDA": NaN,
        "EBIT": NaN,
        "Net Interest Income": NaN,
        "Interest Expense": NaN,
        "Interest Income": NaN,
        "Normalized Income": NaN,
        "Net Income From Continuing And Discontinued Operation": NaN,
        "Total Expenses": NaN,
        "Total Operating Income As Reported": NaN,
        "Diluted Average Shares": NaN,
        "Basic Average Shares": NaN,
        "Diluted EPS": NaN,
        "Basic EPS": NaN,
        "Diluted NI Availto Com Stockholders": NaN,
        "Net Income Common Stockholders": NaN,
        "Net Income": NaN,
        "Net Income Including Noncontrolling Interests": NaN,
        "Net Income Continuous Operations": NaN,
        "Tax Provision": NaN,
        "Pretax Income": NaN,
        "Other Income Expense": NaN,
        "Other Non Operating Income Expenses": NaN,
        "Gain On Sale Of Security": NaN,
        "Net Non Operating Interest Income Expense": NaN,
        "Total Other Finance Cost": 1000000.0,
        "Interest Expense Non Operating": NaN,
        "Interest Income Non Operating": NaN,
        "Operating Income": NaN,
        "Operating Expense": NaN,
        "Research And Development": NaN,
        "Selling General And Administration": NaN,
        "Selling And Marketing Expense": NaN,
        "General And Administrative Expense": NaN,
        "Other Gand A": NaN,
        "Gross Profit": NaN,
        "Cost Of Revenue": NaN,
        "Total Revenue": NaN,
        "Operating Revenue": NaN
    },
    "2024-01-31": {
        "Tax Effect Of Unusual Items": NaN,
        "Tax Rate For Calcs": NaN,
        "Normalized EBITDA": NaN,
        "Total Unusual Items": NaN,
        "Total Unusual Items Excluding Goodwill": NaN,
        "Net Income From Continuing Operation Net Minority Interest": NaN,
        "Reconciled Depreciation": NaN,
        "Reconciled Cost Of Revenue": NaN,
        "EBITDA": NaN,
        "EBIT": NaN,
        "Net Interest Income": NaN,
        "Interest Expense": NaN,
        "Interest Income": NaN,
        "Normalized Income": NaN,
        "Net Income From Continuing And Discontinued Operation": NaN,
        "Total Expenses": NaN,
        "Total Operating Income As Reported": NaN,
        "Diluted Average Shares": NaN,
        "Basic Average Shares": NaN,
        "Diluted EPS": NaN,
        "Basic EPS": NaN,
        "Diluted NI Availto Com Stockholders": NaN,
        "Net Income Common Stockholders": NaN,
        "Net Income": NaN,
        "Net Income Including Noncontrolling Interests": NaN,
        "Net Income Continuous Operations": NaN,
        "Tax Provision": NaN,
        "Pretax Income": NaN,
        "Other Income Expense": NaN,
        "Other Non Operating Income Expenses": NaN,
        "Gain On Sale Of Security": NaN,
        "Net Non Operating Interest Income Expense": NaN,
        "Total Other Finance Cost": 1100000.0,
        "Interest Expense Non Operating": NaN,
        "Interest Income Non Operating": NaN,
        "Operating Income": NaN,
        "Operating Expense": NaN,
        "Research And Development": NaN,
        "Selling General And Administration": NaN,
        "Selling And Marketing Expense": NaN,
        "General And Administrative Expense": NaN,
        "Other Gand A": NaN,
        "Gross Profit": NaN,
        "Cost Of Revenue": NaN,
        "Total Revenue": NaN,
        "Operating Revenue": NaN
    },
    "2024-04-30": {
        "Tax Effect Of Unusual Items": NaN,
        "Tax Rate For Calcs": NaN,
        "Normalized EBITDA": NaN,
        "Total Unusual Items": NaN,
        "Total Unusual Items Excluding Goodwill": NaN,
        "Net Income From Continuing Operation Net Minority Interest": NaN,
        "Reconciled Depreciation": NaN,
        "Reconciled Cost Of Revenue": NaN,
        "EBITDA": NaN,
        "EBIT": NaN,
        "Net Interest Income": NaN,
        "Interest Expense": NaN,
        "Interest Income": NaN,
        "Normalized Income": NaN,
        "Net Income From Continuing And Discontinued Operation": NaN,
        "Total Expenses": NaN,
        "Total Operating Income As Reported": NaN,
        "Diluted Average Shares": NaN,
        "Basic Average Shares": NaN,
        "Diluted EPS": NaN,
        "Basic EPS": NaN,
        "Diluted NI Availto Com Stockholders": NaN,
        "Net Income Common Stockholders": NaN,
        "Net Income": NaN,
        "Net Income Including Noncontrolling Interests": NaN,
        "Net Income Continuous Operations": NaN,
        "Tax Provision": NaN,
        "Pretax Income": NaN,
        "Other Income Expense": NaN,
        "Other Non Operating Income Expenses": NaN,
        "Gain On Sale Of Security": NaN,
        "Net Non Operating Interest Income Expense": NaN,
        "Total Other Finance Cost": 800000.0,
        "Interest Expense Non Operating": NaN,
        "Interest Income Non Operating": NaN,
        "Operating Income": NaN,
        "Operating Expense": NaN,
        "Research And Development": NaN,
        "Selling General And Administration": NaN,
        "Selling And Marketing Expense": NaN,
        "General And Administrative Expense": NaN,
        "Other Gand A": NaN,
        "Gross Profit": NaN,
        "Cost Of Revenue": NaN,
        "Total Revenue": NaN,
        "Operating Revenue": NaN
    },
    "2024-07-31": {
        "Tax Effect Of Unusual Items": -567000.0,
        "Tax Rate For Calcs": 0.21,
        "Normalized EBITDA": 394600000.0,
        "Total Unusual Items": -2700000.0,
        "Total Unusual Items Excluding Goodwill": -2700000.0,
        "Net Income From Continuing Operation Net Minority Interest": 357700000.0,
        "Reconciled Depreciation": 76100000.0,
        "Reconciled Cost Of Revenue": 573700000.0,
        "EBITDA": 391900000.0,
        "EBIT": 315800000.0,
        "Net Interest Income": 82800000.0,
        "Interest Expense": -3200000.0,
        "Interest Income": 83100000.0,
        "Normalized Income": 359833000.0,
        "Net Income From Continuing And Discontinued Operation": 357700000.0,
        "Total Expenses": 1951100000.0,
        "Total Operating Income As Reported": 238400000.0,
        "Diluted Average Shares": 707800000.0,
        "Basic Average Shares": 648800000.0,
        "Diluted EPS": 0.505,
        "Basic EPS": 0.55,
        "Diluted NI Availto Com Stockholders": 357700000.0,
        "Net Income Common Stockholders": 357700000.0,
        "Net Income": 357700000.0,
        "Net Income Including Noncontrolling Interests": 357700000.0,
        "Net Income Continuous Operations": 357700000.0,
        "Tax Provision": -38700000.0,
        "Pretax Income": 319000000.0,
        "Other Income Expense": -2200000.0,
        "Other Non Operating Income Expenses": 500000.0,
        "Gain On Sale Of Security": -2700000.0,
        "Net Non Operating Interest Income Expense": 82800000.0,
        "Total Other Finance Cost": NaN,
        "Interest Expense Non Operating": -3200000.0,
        "Interest Income Non Operating": 83100000.0,
        "Operating Income": 238400000.0,
        "Operating Expense": 1377400000.0,
        "Research And Development": 494800000.0,
        "Selling General And Administration": 882600000.0,
        "Selling And Marketing Expense": 742300000.0,
        "General And Administrative Expense": 140300000.0,
        "Other Gand A": 140300000.0,
        "Gross Profit": 1615800000.0,
        "Cost Of Revenue": 573700000.0,
        "Total Revenue": 2189500000.0,
        "Operating Revenue": 2189500000.0
    },
    "2024-10-31": {
        "Tax Effect Of Unusual Items": -392000.0,
        "Tax Rate For Calcs": 0.049,
        "Normalized EBITDA": 461000000.0,
        "Total Unusual Items": -8000000.0,
        "Total Unusual Items Excluding Goodwill": -8000000.0,
        "Net Income From Continuing Operation Net Minority Interest": 351000000.0,
        "Reconciled Depreciation": 84000000.0,
        "Reconciled Cost Of Revenue": 554000000.0,
        "EBITDA": 453000000.0,
        "EBIT": 369000000.0,
        "Net Interest Income": 85000000.0,
        "Interest Expense": 1000000.0,
        "Interest Income": 86000000.0,
        "Normalized Income": 358608000.0,
        "Net Income From Continuing And Discontinued Operation": 351000000.0,
        "Total Expenses": 1853000000.0,
        "Total Operating Income As Reported": 286000000.0,
        "Diluted Average Shares": 709000000.0,
        "Basic Average Shares": 653600000.0,
        "Diluted EPS": 0.495,
        "Basic EPS": 0.535,
        "Diluted NI Availto Com Stockholders": 351000000.0,
        "Net Income Common Stockholders": 351000000.0,
        "Net Income": 351000000.0,
        "Net Income Including Noncontrolling Interests": 351000000.0,
        "Net Income Continuous Operations": 351000000.0,
        "Tax Provision": 17000000.0,
        "Pretax Income": 368000000.0,
        "Other Income Expense": -3000000.0,
        "Other Non Operating Income Expenses": 5000000.0,
        "Gain On Sale Of Security": -8000000.0,
        "Net Non Operating Interest Income Expense": 85000000.0,
        "Total Other Finance Cost": 500000.0,
        "Interest Expense Non Operating": 1000000.0,
        "Interest Income Non Operating": 86000000.0,
        "Operating Income": 286000000.0,
        "Operating Expense": 1299000000.0,
        "Research And Development": 481000000.0,
        "Selling General And Administration": 818000000.0,
        "Selling And Marketing Expense": 720000000.0,
        "General And Administrative Expense": 98000000.0,
        "Other Gand A": 98000000.0,
        "Gross Profit": 1585000000.0,
        "Cost Of Revenue": 554000000.0,
        "Total Revenue": 2139000000.0,
        "Operating Revenue": 2139000000.0
    },
    "2025-01-31": {
        "Tax Effect Of Unusual Items": 424800.0,
        "Tax Rate For Calcs": 0.177,
        "Normalized EBITDA": 410500000.0,
        "Total Unusual Items": 2400000.0,
        "Total Unusual Items Excluding Goodwill": 2400000.0,
        "Net Income From Continuing Operation Net Minority Interest": 267300000.0,
        "Reconciled Depreciation": 87500000.0,
        "Reconciled Cost Of Revenue": 599200000.0,
        "EBITDA": 412900000.0,
        "EBIT": 325400000.0,
        "Net Interest Income": 86000000.0,
        "Interest Expense": 600000.0,
        "Interest Income": 86900000.0,
        "Normalized Income": 265324800.0,
        "Net Income From Continuing And Discontinued Operation": 267300000.0,
        "Total Expenses": 2017000000.0,
        "Total Operating Income As Reported": 240400000.0,
        "Diluted Average Shares": 709000000.0,
        "Basic Average Shares": 659300000.0,
        "Diluted EPS": 0.38,
        "Basic EPS": 0.41,
        "Diluted NI Availto Com Stockholders": 267300000.0,
        "Net Income Common Stockholders": 267300000.0,
        "Net Income": 267300000.0,
        "Net Income Including Noncontrolling Interests": 267300000.0,
        "Net Income Continuous Operations": 267300000.0,
        "Tax Provision": 57500000.0,
        "Pretax Income": 324800000.0,
        "Other Income Expense": -1600000.0,
        "Other Non Operating Income Expenses": -4000000.0,
        "Gain On Sale Of Security": 2400000.0,
        "Net Non Operating Interest Income Expense": 86000000.0,
        "Total Other Finance Cost": 300000.0,
        "Interest Expense Non Operating": 600000.0,
        "Interest Income Non Operating": 86900000.0,
        "Operating Income": 240400000.0,
        "Operating Expense": 1417800000.0,
        "Research And Development": 505700000.0,
        "Selling General And Administration": 912100000.0,
        "Selling And Marketing Expense": 758300000.0,
        "General And Administrative Expense": 153800000.0,
        "Other Gand A": 153800000.0,
        "Gross Profit": 1658200000.0,
        "Cost Of Revenue": 599200000.0,
        "Total Revenue": 2257400000.0,
        "Operating Revenue": 2257400000.0
    },
    "2025-04-30": {
        "Tax Effect Of Unusual Items": -1279200.0,
        "Tax Rate For Calcs": 0.156,
        "Normalized EBITDA": 407300000.0,
        "Total Unusual Items": -8200000.0,
        "Total Unusual Items Excluding Goodwill": -8200000.0,
        "Net Income From Continuing Operation Net Minority Interest": 262100000.0,
        "Reconciled Depreciation": 88100000.0,
        "Reconciled Cost Of Revenue": 619300000.0,
        "EBITDA": 399100000.0,
        "EBIT": 311000000.0,
        "Net Interest Income": 92100000.0,
        "Interest Expense": 500000.0,
        "Interest Income": 92800000.0,
        "Normalized Income": 269020800.0,
        "Net Income From Continuing And Discontinued Operation": 262100000.0,
        "Total Expenses": 2070200000.0,
        "Total Operating Income As Reported": 218800000.0,
        "Diluted Average Shares": 707400000.0,
        "Basic Average Shares": 665100000.0,
        "Diluted EPS": 0.37,
        "Basic EPS": 0.39,
        "Diluted NI Availto Com Stockholders": 262100000.0,
        "Net Income Common Stockholders": 262100000.0,
        "Net Income": 262100000.0,
        "Net Income Including Noncontrolling Interests": 262100000.0,
        "Net Income Continuous Operations": 262100000.0,
        "Tax Provision": 48400000.0,
        "Pretax Income": 310500000.0,
        "Other Income Expense": -400000.0,
        "Other Non Operating Income Expenses": 7800000.0,
        "Gain On Sale Of Security": -8200000.0,
        "Net Non Operating Interest Income Expense": 92100000.0,
        "Total Other Finance Cost": 200000.0,
        "Interest Expense Non Operating": 500000.0,
        "Interest Income Non Operating": 92800000.0,
        "Operating Income": 218800000.0,
        "Operating Expense": 1450900000.0,
        "Research And Development": 494500000.0,
        "Selling General And Administration": 956400000.0,
        "Selling And Marketing Expense": 792500000.0,
        "General And Administrative Expense": 163900000.0,
        "Other Gand A": 163900000.0,
        "Gross Profit": 1669700000.0,
        "Cost Of Revenue": 619300000.0,
        "Total Revenue": 2289000000.0,
        "Operating Revenue": 2289000000.0
    },
    "2025-07-31": {
        "Tax Effect Of Unusual Items": -4095000.0,
        "Tax Rate For Calcs": 0.21,
        "Normalized EBITDA": 695200000.0,
        "Total Unusual Items": -19500000.0,
        "Total Unusual Items Excluding Goodwill": -19500000.0,
        "Net Income From Continuing Operation Net Minority Interest": 253800000.0,
        "Reconciled Depreciation": 83800000.0,
        "Reconciled Cost Of Revenue": 679000000.0,
        "EBITDA": 675700000.0,
        "EBIT": 591900000.0,
        "Net Interest Income": 97900000.0,
        "Interest Expense": 100000.0,
        "Interest Income": 98100000.0,
        "Normalized Income": 269205000.0,
        "Net Income From Continuing And Discontinued Operation": 253800000.0,
        "Total Expenses": 2039100000.0,
        "Total Operating Income As Reported": 497200000.0,
        "Diluted Average Shares": 709000000.0,
        "Basic Average Shares": 669400000.0,
        "Diluted EPS": 0.36,
        "Basic EPS": 0.38,
        "Diluted NI Availto Com Stockholders": 253800000.0,
        "Net Income Common Stockholders": 253800000.0,
        "Net Income": 253800000.0,
        "Net Income Including Noncontrolling Interests": 253800000.0,
        "Net Income Continuous Operations": 253800000.0,
        "Tax Provision": 338000000.0,
        "Pretax Income": 591800000.0,
        "Other Income Expense": -3300000.0,
        "Other Non Operating Income Expenses": 16200000.0,
        "Gain On Sale Of Security": -19500000.0,
        "Net Non Operating Interest Income Expense": 97900000.0,
        "Total Other Finance Cost": 100000.0,
        "Interest Expense Non Operating": 100000.0,
        "Interest Income Non Operating": 98100000.0,
        "Operating Income": 497200000.0,
        "Operating Expense": 1360100000.0,
        "Research And Development": 503500000.0,
        "Selling General And Administration": 856600000.0,
        "Selling And Marketing Expense": 829300000.0,
        "General And Administrative Expense": 27300000.0,
        "Other Gand A": 27300000.0,
        "Gross Profit": 1857300000.0,
        "Cost Of Revenue": 679000000.0,
        "Total Revenue": 2536300000.0,
        "Operating Revenue": 2536300000.0
    },
    "2025-10-31": {
        "Tax Effect Of Unusual Items": -2079000.0,
        "Tax Rate For Calcs": 0.189,
        "Normalized EBITDA": 512000000.0,
        "Total Unusual Items": -11000000.0,
        "Total Unusual Items Excluding Goodwill": -11000000.0,
        "Net Income From Continuing Operation Net Minority Interest": 334000000.0,
        "Reconciled Depreciation": 89000000.0,
        "Reconciled Cost Of Revenue": 638000000.0,
        "EBITDA": 501000000.0,
        "EBIT": 412000000.0,
        "Net Interest Income": 105000000.0,
        "Interest Expense": 0.0,
        "Interest Income": 105000000.0,
        "Normalized Income": 342921000.0,
        "Net Income From Continuing And Discontinued Operation": 334000000.0,
        "Total Expenses": 2165000000.0,
        "Total Operating Income As Reported": 309000000.0,
        "Diluted Average Shares": 709000000.0,
        "Basic Average Shares": 679000000.0,
        "Diluted EPS": 0.47,
        "Basic EPS": 0.49,
        "Diluted NI Availto Com Stockholders": 334000000.0,
        "Net Income Common Stockholders": 334000000.0,
        "Net Income": 334000000.0,
        "Net Income Including Noncontrolling Interests": 334000000.0,
        "Net Income Continuous Operations": 334000000.0,
        "Tax Provision": 78000000.0,
        "Pretax Income": 412000000.0,
        "Other Income Expense": -2000000.0,
        "Other Non Operating Income Expenses": 9000000.0,
        "Gain On Sale Of Security": -11000000.0,
        "Net Non Operating Interest Income Expense": 105000000.0,
        "Total Other Finance Cost": NaN,
        "Interest Expense Non Operating": 0.0,
        "Interest Income Non Operating": 105000000.0,
        "Operating Income": 309000000.0,
        "Operating Expense": 1527000000.0,
        "Research And Development": 528000000.0,
        "Selling General And Administration": 999000000.0,
        "Selling And Marketing Expense": 820000000.0,
        "General And Administrative Expense": 179000000.0,
        "Other Gand A": 179000000.0,
        "Gross Profit": 1836000000.0,
        "Cost Of Revenue": 638000000.0,
        "Total Revenue": 2474000000.0,
        "Operating Revenue": 2474000000.0
    }
}