{
    "2023-03-31": {
        "Tax Effect Of Unusual Items": NaN,
        "Tax Rate For Calcs": NaN,
        "Normalized EBITDA": NaN,
        "Total Unusual Items": NaN,
        "Total Unusual Items Excluding Goodwill": NaN,
        "Net Income From Continuing Operation Net Minority Interest": NaN,
        "Reconciled Depreciation": NaN,
        "Reconciled Cost Of Revenue": NaN,
        "EBITDA": NaN,
        "EBIT": NaN,
        "Net Interest Income": NaN,
        "Interest Expense": NaN,
        "Normalized Income": NaN,
        "Net Income From Continuing And Discontinued Operation": NaN,
        "Total Expenses": NaN,
        "Total Operating Income As Reported": NaN,
        "Diluted Average Shares": NaN,
        "Basic Average Shares": NaN,
        "Diluted EPS": NaN,
        "Basic EPS": NaN,
        "Diluted NI Availto Com Stockholders": NaN,
        "Net Income Common Stockholders": NaN,
        "Net Income": NaN,
        "Net Income Including Noncontrolling Interests": NaN,
        "Net Income Discontinuous Operations": NaN,
        "Net Income Continuous Operations": NaN,
        "Tax Provision": NaN,
        "Pretax Income": NaN,
        "Other Income Expense": NaN,
        "Other Non Operating Income Expenses": NaN,
        "Special Income Charges": NaN,
        "Other Special Charges": NaN,
        "Restructuring And Mergern Acquisition": NaN,
        "Net Non Operating Interest Income Expense": NaN,
        "Interest Expense Non Operating": NaN,
        "Operating Income": NaN,
        "Operating Expense": NaN,
        "Depreciation Amortization Depletion Income Statement": NaN,
        "Depreciation And Amortization In Income Statement": NaN,
        "Amortization": NaN,
        "Amortization Of Intangibles Income Statement": NaN,
        "Research And Development": NaN,
        "Selling General And Administration": NaN,
        "Selling And Marketing Expense": 9398000.0,
        "General And Administrative Expense": 18080000.0,
        "Other Gand A": 18080000.0,
        "Gross Profit": NaN,
        "Cost Of Revenue": NaN,
        "Total Revenue": NaN,
        "Operating Revenue": NaN
    },
    "2022-12-31": {
        "Tax Effect Of Unusual Items": 924000.0,
        "Tax Rate For Calcs": 0.21,
        "Normalized EBITDA": -9031000.0,
        "Total Unusual Items": 4400000.0,
        "Total Unusual Items Excluding Goodwill": 4400000.0,
        "Net Income From Continuing Operation Net Minority Interest": -13481000.0,
        "Reconciled Depreciation": 6470000.0,
        "Reconciled Cost Of Revenue": 65493000.0,
        "EBITDA": -4631000.0,
        "EBIT": -11101000.0,
        "Net Interest Income": -1757000.0,
        "Interest Expense": 1757000.0,
        "Normalized Income": -16957000.0,
        "Net Income From Continuing And Discontinued Operation": -13481000.0,
        "Total Expenses": 112731000.0,
        "Total Operating Income As Reported": -10681000.0,
        "Diluted Average Shares": 27118000.0,
        "Basic Average Shares": 27118000.0,
        "Diluted EPS": -0.5,
        "Basic EPS": -0.5,
        "Diluted NI Availto Com Stockholders": -13481000.0,
        "Net Income Common Stockholders": -13481000.0,
        "Net Income": -13481000.0,
        "Net Income Including Noncontrolling Interests": -13481000.0,
        "Net Income Continuous Operations": -13481000.0,
        "Tax Provision": 623000.0,
        "Pretax Income": -12858000.0,
        "Other Income Expense": 3980000.0,
        "Other Non Operating Income Expenses": -420000.0,
        "Special Income Charges": 4400000.0,
        "Other Special Charges": NaN,
        "Restructuring And Mergern Acquisition": NaN,
        "Net Non Operating Interest Income Expense": -1757000.0,
        "Interest Expense Non Operating": 1757000.0,
        "Operating Income": -15081000.0,
        "Operating Expense": 41232000.0,
        "Depreciation Amortization Depletion Income Statement": 464000.0,
        "Depreciation And Amortization In Income Statement": 464000.0,
        "Amortization": 464000.0,
        "Amortization Of Intangibles Income Statement": 464000.0,
        "Research And Development": 14858000.0,
        "Selling General And Administration": 25910000.0,
        "Gross Profit": 26151000.0,
        "Cost Of Revenue": 71499000.0,
        "Total Revenue": 97650000.0,
        "Operating Revenue": 97650000.0
    },
    "2022-09-30": {
        "Tax Effect Of Unusual Items": 0.0,
        "Tax Rate For Calcs": 0.21,
        "Normalized EBITDA": -18157000.0,
        "Total Unusual Items": 0.0,
        "Total Unusual Items Excluding Goodwill": 0.0,
        "Net Income From Continuing Operation Net Minority Interest": -21340000.0,
        "Reconciled Depreciation": 465000.0,
        "Reconciled Cost Of Revenue": 71359000.0,
        "EBITDA": -18157000.0,
        "EBIT": -18622000.0,
        "Net Interest Income": -2140000.0,
        "Interest Expense": 2140000.0,
        "Normalized Income": -21340000.0,
        "Net Income From Continuing And Discontinued Operation": -21340000.0,
        "Total Expenses": 111210000.0,
        "Total Operating Income As Reported": -18443000.0,
        "Diluted Average Shares": 27110000.0,
        "Basic Average Shares": 27110000.0,
        "Diluted EPS": -0.79,
        "Basic EPS": -0.79,
        "Diluted NI Availto Com Stockholders": -21340000.0,
        "Net Income Common Stockholders": -21340000.0,
        "Net Income": -21340000.0,
        "Net Income Including Noncontrolling Interests": -21340000.0,
        "Net Income Continuous Operations": -21340000.0,
        "Tax Provision": 578000.0,
        "Pretax Income": -20762000.0,
        "Other Income Expense": -179000.0,
        "Other Non Operating Income Expenses": -179000.0,
        "Special Income Charges": 0.0,
        "Other Special Charges": NaN,
        "Restructuring And Mergern Acquisition": NaN,
        "Net Non Operating Interest Income Expense": -2140000.0,
        "Interest Expense Non Operating": 2140000.0,
        "Operating Income": -18443000.0,
        "Operating Expense": 39851000.0,
        "Depreciation Amortization Depletion Income Statement": 465000.0,
        "Depreciation And Amortization In Income Statement": 465000.0,
        "Amortization": 465000.0,
        "Amortization Of Intangibles Income Statement": 465000.0,
        "Research And Development": 12843000.0,
        "Selling General And Administration": 26543000.0,
        "Gross Profit": 21408000.0,
        "Cost Of Revenue": 71359000.0,
        "Total Revenue": 92767000.0,
        "Operating Revenue": 92767000.0
    },
    "2022-06-30": {
        "Tax Effect Of Unusual Items": 0.0,
        "Tax Rate For Calcs": 0.4,
        "Normalized EBITDA": -9899000.0,
        "Total Unusual Items": 0.0,
        "Total Unusual Items Excluding Goodwill": 0.0,
        "Net Income From Continuing Operation Net Minority Interest": -18848000.0,
        "Reconciled Depreciation": 6457000.0,
        "Reconciled Cost Of Revenue": 58236000.0,
        "EBITDA": -9899000.0,
        "EBIT": -16356000.0,
        "Net Interest Income": -2451000.0,
        "Interest Expense": 2451000.0,
        "Normalized Income": -18848000.0,
        "Net Income From Continuing And Discontinued Operation": -18848000.0,
        "Total Expenses": 101192000.0,
        "Total Operating Income As Reported": -16099000.0,
        "Diluted Average Shares": 26982000.0,
        "Basic Average Shares": 26982000.0,
        "Diluted EPS": -0.7,
        "Basic EPS": -0.7,
        "Diluted NI Availto Com Stockholders": -18848000.0,
        "Net Income Common Stockholders": -18848000.0,
        "Net Income": -18848000.0,
        "Net Income Including Noncontrolling Interests": -18848000.0,
        "Net Income Continuous Operations": -18848000.0,
        "Tax Provision": 41000.0,
        "Pretax Income": -18807000.0,
        "Other Income Expense": -257000.0,
        "Other Non Operating Income Expenses": -257000.0,
        "Special Income Charges": 0.0,
        "Other Special Charges": NaN,
        "Restructuring And Mergern Acquisition": NaN,
        "Net Non Operating Interest Income Expense": -2451000.0,
        "Interest Expense Non Operating": 2451000.0,
        "Operating Income": -16099000.0,
        "Operating Expense": 37220000.0,
        "Depreciation Amortization Depletion Income Statement": 721000.0,
        "Depreciation And Amortization In Income Statement": 721000.0,
        "Amortization": 721000.0,
        "Amortization Of Intangibles Income Statement": 721000.0,
        "Research And Development": 10101000.0,
        "Selling General And Administration": 26398000.0,
        "Gross Profit": 21121000.0,
        "Cost Of Revenue": 63972000.0,
        "Total Revenue": 85093000.0,
        "Operating Revenue": 85093000.0
    },
    "2022-03-31": {
        "Diluted EPS": -0.58,
        "Total Revenue": 80,
        "Gross Profit": 21,
        "Operating Income": -13,
        "EBIT": -6,
        "Net Income": -16
    },
    "2021-12-31": {
        "Diluted EPS": -1.02,
        "Total Revenue": 82,
        "Gross Profit": 19,
        "Operating Income": -17,
        "EBIT": -10,
        "Net Income": -26
    },
    "2021-09-30": {
        "Diluted EPS": -1.23,
        "Total Revenue": 78,
        "Gross Profit": 18,
        "Operating Income": -14,
        "EBIT": -8,
        "Net Income": -32
    },
    "2021-06-30": {
        "Diluted EPS": -0.39,
        "Total Revenue": 69,
        "Gross Profit": 15,
        "Operating Income": -17,
        "EBIT": -11,
        "Net Income": -10
    },
    "2021-03-31": {
        "Diluted EPS": -0.38,
        "Total Revenue": 54,
        "Gross Profit": 10,
        "Operating Income": -6,
        "EBIT": -3,
        "Net Income": -8
    },
    "2020-12-31": {
        "Diluted EPS": -0.62,
        "Total Revenue": 59,
        "Gross Profit": 8,
        "Operating Income": -12,
        "EBIT": -12,
        "Net Income": -13
    },
    "2020-09-30": {
        "Diluted EPS": -0.2,
        "Total Revenue": 55,
        "Gross Profit": 12,
        "Operating Income": -1,
        "EBIT": 5,
        "Net Income": -4
    },
    "2020-06-30": {
        "Diluted EPS": -0.49,
        "Total Revenue": 46,
        "Gross Profit": 9,
        "Operating Income": -6,
        "EBIT": -4,
        "Net Income": -9
    },
    "2020-03-31": {
        "Diluted EPS": -0.61,
        "Total Revenue": 55,
        "Gross Profit": 11,
        "Operating Income": -6,
        "EBIT": -3,
        "Net Income": -11
    },
    "2019-12-31": {
        "Diluted EPS": -0.36,
        "Total Revenue": 53,
        "Gross Profit": 11,
        "Operating Income": -5,
        "EBIT": -5,
        "Net Income": -6
    },
    "2019-09-30": {
        "Diluted EPS": -0.36,
        "Total Revenue": 45,
        "Gross Profit": 9,
        "Operating Income": -4,
        "EBIT": -2,
        "Net Income": -6
    },
    "2019-06-30": {
        "Diluted EPS": -0.07,
        "Total Revenue": 44,
        "Gross Profit": 8,
        "Operating Income": -3,
        "EBIT": -1,
        "Net Income": -1
    },
    "2019-03-31": {
        "Diluted EPS": -0.17,
        "Total Revenue": 45,
        "Gross Profit": 10,
        "Operating Income": -2,
        "EBIT": -1,
        "Net Income": -3
    },
    "2018-12-31": {
        "Diluted EPS": -0.38,
        "Total Revenue": 47,
        "Gross Profit": 6,
        "Operating Income": -7,
        "EBIT": -5,
        "Net Income": -6
    },
    "2018-09-30": {
        "Diluted EPS": -1.04,
        "Total Revenue": 46,
        "Gross Profit": 9,
        "Operating Income": -3,
        "EBIT": -1,
        "Net Income": -17
    },
    "2018-06-30": {
        "Diluted EPS": -0.08,
        "Total Revenue": 53,
        "Gross Profit": 11,
        "Operating Income": -1,
        "EBIT": 0,
        "Net Income": -1
    },
    "2018-03-31": {
        "Diluted EPS": 0.0,
        "Total Revenue": 56,
        "Gross Profit": 12,
        "Operating Income": 0,
        "EBIT": 1,
        "Net Income": 0
    },
    "2017-12-31": {
        "Diluted EPS": -0.33,
        "Total Revenue": 56,
        "Gross Profit": 12,
        "Operating Income": -3,
        "EBIT": -1,
        "Net Income": -5
    },
    "2017-09-30": {
        "Diluted EPS": -0.1,
        "Total Revenue": 49,
        "Gross Profit": 9,
        "Operating Income": -3,
        "EBIT": -2,
        "Net Income": -2
    },
    "2017-06-30": {
        "Diluted EPS": 0.12,
        "Total Revenue": 62,
        "Gross Profit": 15,
        "Operating Income": 3,
        "EBIT": 4,
        "Net Income": 2
    },
    "2017-03-31": {
        "Diluted EPS": 0.09,
        "Total Revenue": 66,
        "Gross Profit": 15,
        "Operating Income": 2,
        "EBIT": 3,
        "Net Income": 1
    },
    "2016-12-31": {
        "Diluted EPS": 0.07,
        "Total Revenue": 60,
        "Gross Profit": 13,
        "Operating Income": 1,
        "EBIT": 2,
        "Net Income": 1
    },
    "2016-09-30": {
        "Diluted EPS": 0.03,
        "Total Revenue": 61,
        "Gross Profit": 13,
        "Operating Income": 1,
        "EBIT": 2,
        "Net Income": 1
    },
    "2016-06-30": {
        "Diluted EPS": 0.01,
        "Total Revenue": 53,
        "Gross Profit": 10,
        "Operating Income": 0,
        "EBIT": 1,
        "Net Income": 0
    },
    "2016-03-31": {
        "Diluted EPS": 0.0,
        "Total Revenue": 55,
        "Gross Profit": 11,
        "Operating Income": 0,
        "EBIT": 1,
        "Net Income": 0
    },
    "2015-12-31": {
        "Diluted EPS": 0.05,
        "Total Revenue": 57,
        "Gross Profit": 12,
        "Operating Income": 2,
        "EBIT": 3,
        "Net Income": 1
    },
    "2015-09-30": {
        "Diluted EPS": -0.1,
        "Total Revenue": 58,
        "Gross Profit": 12,
        "Operating Income": 2,
        "EBIT": 3,
        "Net Income": -1
    },
    "2015-06-30": {
        "Diluted EPS": 0.01,
        "Total Revenue": 59,
        "Gross Profit": 12,
        "Operating Income": 2,
        "EBIT": 3,
        "Net Income": 0
    },
    "2015-03-31": {
        "Diluted EPS": -0.02,
        "Total Revenue": 55,
        "Gross Profit": 10,
        "Operating Income": 1,
        "EBIT": 1,
        "Net Income": 0
    },
    "2014-12-31": {
        "Diluted EPS": -0.14,
        "Total Revenue": 51,
        "Gross Profit": 6,
        "Operating Income": 4,
        "EBIT": 5,
        "Net Income": -2
    },
    "2014-09-30": {
        "Diluted EPS": -0.01,
        "Total Revenue": 53,
        "Gross Profit": 11,
        "Operating Income": 1,
        "EBIT": 1,
        "Net Income": 0
    },
    "2014-06-30": {
        "Diluted EPS": -0.03,
        "Total Revenue": 57,
        "Gross Profit": 12,
        "Operating Income": -1,
        "EBIT": 0,
        "Net Income": -1
    },
    "2014-03-31": {
        "Diluted EPS": -0.06,
        "Total Revenue": 57,
        "Gross Profit": 12,
        "Operating Income": -1,
        "EBIT": 0,
        "Net Income": -1
    },
    "2013-12-31": {
        "Diluted EPS": 0.02,
        "Total Revenue": 60,
        "Gross Profit": 14,
        "Operating Income": 0,
        "EBIT": 1,
        "Net Income": 0
    },
    "2013-09-30": {
        "Diluted EPS": 0.03,
        "Total Revenue": 56,
        "Gross Profit": 12,
        "Operating Income": 0,
        "EBIT": 1,
        "Net Income": 0
    },
    "2013-06-30": {
        "Diluted EPS": 0.0,
        "Total Revenue": 60,
        "Gross Profit": 13,
        "Operating Income": 0,
        "EBIT": 1,
        "Net Income": 0
    },
    "2013-03-31": {
        "Diluted EPS": -0.03,
        "Total Revenue": 67,
        "Gross Profit": 13,
        "Operating Income": -1,
        "EBIT": -1,
        "Net Income": 0
    },
    "2012-12-31": {
        "Diluted EPS": -0.24,
        "Total Revenue": 66,
        "Gross Profit": 10,
        "Operating Income": -6,
        "EBIT": 1,
        "Net Income": -4
    },
    "2012-09-30": {
        "Diluted EPS": 0.09,
        "Total Revenue": 61,
        "Gross Profit": 14,
        "Operating Income": 1,
        "EBIT": 2,
        "Net Income": 1
    },
    "2012-06-30": {
        "Diluted EPS": -0.03,
        "Total Revenue": 62,
        "Gross Profit": 12,
        "Operating Income": -1,
        "EBIT": 0,
        "Net Income": -1
    },
    "2012-03-31": {
        "Diluted EPS": 0.16,
        "Total Revenue": 56,
        "Gross Profit": 15,
        "Operating Income": 1,
        "EBIT": 2,
        "Net Income": 2
    },
    "2011-12-31": {
        "Diluted EPS": 0.04,
        "Total Revenue": 60,
        "Gross Profit": 14,
        "Operating Income": 2,
        "EBIT": 3,
        "Net Income": 1
    },
    "2011-09-30": {
        "Diluted EPS": 0.08,
        "Total Revenue": 59,
        "Gross Profit": 15,
        "Operating Income": 3,
        "EBIT": 3,
        "Net Income": 1
    },
    "2011-06-30": {
        "Diluted EPS": -1.19,
        "Total Revenue": 56,
        "Gross Profit": 7,
        "Operating Income": -27,
        "EBIT": -6,
        "Net Income": -18
    },
    "2011-03-31": {
        "Diluted EPS": 0.03,
        "Total Revenue": 54,
        "Gross Profit": 14,
        "Operating Income": 1,
        "EBIT": 2,
        "Net Income": 0
    },
    "2010-12-31": {
        "Diluted EPS": 0.08,
        "Total Revenue": 64,
        "Gross Profit": 22,
        "Operating Income": 8,
        "EBIT": 9,
        "Net Income": 1
    },
    "2010-09-30": {
        "Diluted EPS": 0.04,
        "Total Revenue": 61,
        "Gross Profit": 16,
        "Operating Income": 1,
        "EBIT": 2,
        "Net Income": 1
    },
    "2010-06-30": {
        "Diluted EPS": 0.06,
        "Total Revenue": 56,
        "Gross Profit": 15,
        "Operating Income": 1,
        "EBIT": 2,
        "Net Income": 1
    },
    "2010-03-31": {
        "Diluted EPS": 0.04,
        "Total Revenue": 58,
        "Gross Profit": 14,
        "Operating Income": 1,
        "EBIT": 2,
        "Net Income": 1
    },
    "2009-12-31": {
        "Diluted EPS": -0.33,
        "Total Revenue": 58,
        "Gross Profit": 13,
        "Operating Income": 1,
        "EBIT": 2,
        "Net Income": -5
    },
    "2009-09-30": {
        "Diluted EPS": -0.05,
        "Total Revenue": 50,
        "Gross Profit": 11,
        "Operating Income": -1,
        "EBIT": 0,
        "Net Income": -1
    },
    "2009-06-30": {
        "Diluted EPS": 0.02,
        "Total Revenue": 54,
        "Gross Profit": 12,
        "Operating Income": 0,
        "EBIT": 1,
        "Net Income": 0
    },
    "2009-03-31": {
        "Diluted EPS": 0.02,
        "Total Revenue": 60,
        "Gross Profit": 14,
        "Operating Income": 0,
        "EBIT": 1,
        "Net Income": 0
    },
    "2023-06-30": {
        "Tax Effect Of Unusual Items": NaN,
        "Tax Rate For Calcs": NaN,
        "Normalized EBITDA": NaN,
        "Total Unusual Items": NaN,
        "Total Unusual Items Excluding Goodwill": NaN,
        "Net Income From Continuing Operation Net Minority Interest": NaN,
        "Reconciled Depreciation": NaN,
        "Reconciled Cost Of Revenue": NaN,
        "EBITDA": NaN,
        "EBIT": NaN,
        "Net Interest Income": NaN,
        "Interest Expense": NaN,
        "Normalized Income": NaN,
        "Net Income From Continuing And Discontinued Operation": NaN,
        "Total Expenses": NaN,
        "Total Operating Income As Reported": NaN,
        "Diluted Average Shares": NaN,
        "Basic Average Shares": NaN,
        "Diluted EPS": NaN,
        "Basic EPS": NaN,
        "Diluted NI Availto Com Stockholders": NaN,
        "Net Income Common Stockholders": NaN,
        "Net Income": NaN,
        "Net Income Including Noncontrolling Interests": NaN,
        "Net Income Discontinuous Operations": 2137000.0,
        "Net Income Continuous Operations": NaN,
        "Tax Provision": NaN,
        "Pretax Income": NaN,
        "Other Income Expense": NaN,
        "Other Non Operating Income Expenses": NaN,
        "Special Income Charges": NaN,
        "Other Special Charges": -500000.0,
        "Restructuring And Mergern Acquisition": NaN,
        "Net Non Operating Interest Income Expense": NaN,
        "Interest Expense Non Operating": NaN,
        "Operating Income": NaN,
        "Operating Expense": NaN,
        "Depreciation Amortization Depletion Income Statement": NaN,
        "Depreciation And Amortization In Income Statement": NaN,
        "Amortization": NaN,
        "Amortization Of Intangibles Income Statement": NaN,
        "Research And Development": NaN,
        "Selling General And Administration": NaN,
        "Selling And Marketing Expense": NaN,
        "General And Administrative Expense": NaN,
        "Other Gand A": NaN,
        "Gross Profit": NaN,
        "Cost Of Revenue": NaN,
        "Total Revenue": NaN,
        "Operating Revenue": NaN
    },
    "2023-09-30": {
        "Tax Effect Of Unusual Items": NaN,
        "Tax Rate For Calcs": NaN,
        "Normalized EBITDA": NaN,
        "Total Unusual Items": NaN,
        "Total Unusual Items Excluding Goodwill": NaN,
        "Net Income From Continuing Operation Net Minority Interest": NaN,
        "Reconciled Depreciation": NaN,
        "Reconciled Cost Of Revenue": NaN,
        "EBITDA": NaN,
        "EBIT": NaN,
        "Net Interest Income": NaN,
        "Interest Expense": NaN,
        "Normalized Income": NaN,
        "Net Income From Continuing And Discontinued Operation": NaN,
        "Total Expenses": NaN,
        "Total Operating Income As Reported": NaN,
        "Diluted Average Shares": 27472000.0,
        "Basic Average Shares": 27472000.0,
        "Diluted EPS": -0.56,
        "Basic EPS": -0.56,
        "Diluted NI Availto Com Stockholders": NaN,
        "Net Income Common Stockholders": NaN,
        "Net Income": NaN,
        "Net Income Including Noncontrolling Interests": NaN,
        "Net Income Discontinuous Operations": 3718000.0,
        "Net Income Continuous Operations": NaN,
        "Tax Provision": NaN,
        "Pretax Income": NaN,
        "Other Income Expense": NaN,
        "Other Non Operating Income Expenses": NaN,
        "Special Income Charges": NaN,
        "Other Special Charges": NaN,
        "Restructuring And Mergern Acquisition": NaN,
        "Net Non Operating Interest Income Expense": NaN,
        "Interest Expense Non Operating": NaN,
        "Operating Income": NaN,
        "Operating Expense": NaN,
        "Depreciation Amortization Depletion Income Statement": NaN,
        "Depreciation And Amortization In Income Statement": NaN,
        "Amortization": NaN,
        "Amortization Of Intangibles Income Statement": NaN,
        "Research And Development": NaN,
        "Selling General And Administration": NaN,
        "Selling And Marketing Expense": 9532000.0,
        "General And Administrative Expense": 17525000.0,
        "Other Gand A": 17525000.0,
        "Gross Profit": NaN,
        "Cost Of Revenue": NaN,
        "Total Revenue": NaN,
        "Operating Revenue": NaN
    },
    "2023-12-31": {
        "Tax Effect Of Unusual Items": 223650.0,
        "Tax Rate For Calcs": 0.21,
        "Normalized EBITDA": -9856000.0,
        "Total Unusual Items": 1065000.0,
        "Total Unusual Items Excluding Goodwill": 1065000.0,
        "Net Income From Continuing Operation Net Minority Interest": -18629000.0,
        "Reconciled Depreciation": 7001000.0,
        "Reconciled Cost Of Revenue": 74771000.0,
        "EBITDA": -8791000.0,
        "EBIT": -15792000.0,
        "Net Interest Income": -1779000.0,
        "Interest Expense": 1779000.0,
        "Normalized Income": -19470350.0,
        "Net Income From Continuing And Discontinued Operation": -18629000.0,
        "Total Expenses": 124413000.0,
        "Total Operating Income As Reported": -15005000.0,
        "Diluted Average Shares": 27968000.0,
        "Basic Average Shares": 27968000.0,
        "Diluted EPS": -0.67,
        "Basic EPS": -0.67,
        "Diluted NI Availto Com Stockholders": -18629000.0,
        "Net Income Common Stockholders": -18629000.0,
        "Net Income": -18629000.0,
        "Net Income Including Noncontrolling Interests": -18629000.0,
        "Net Income Discontinuous Operations": NaN,
        "Net Income Continuous Operations": -18629000.0,
        "Tax Provision": 1058000.0,
        "Pretax Income": -17571000.0,
        "Other Income Expense": 913000.0,
        "Other Non Operating Income Expenses": -152000.0,
        "Special Income Charges": 1065000.0,
        "Other Special Charges": 635000.0,
        "Restructuring And Mergern Acquisition": -1700000.0,
        "Net Non Operating Interest Income Expense": -1779000.0,
        "Interest Expense Non Operating": 1779000.0,
        "Operating Income": -16705000.0,
        "Operating Expense": 43106000.0,
        "Depreciation Amortization Depletion Income Statement": 465000.0,
        "Depreciation And Amortization In Income Statement": 465000.0,
        "Amortization": 465000.0,
        "Amortization Of Intangibles Income Statement": 465000.0,
        "Research And Development": 14493000.0,
        "Selling General And Administration": 28148000.0,
        "Selling And Marketing Expense": NaN,
        "General And Administrative Expense": NaN,
        "Other Gand A": NaN,
        "Gross Profit": 26401000.0,
        "Cost Of Revenue": 81307000.0,
        "Total Revenue": 107708000.0,
        "Operating Revenue": 107708000.0
    },
    "2024-03-31": {
        "Tax Effect Of Unusual Items": 0.0,
        "Tax Rate For Calcs": 0.298585,
        "Normalized EBITDA": -17139000.0,
        "Total Unusual Items": 0.0,
        "Total Unusual Items Excluding Goodwill": 0.0,
        "Net Income From Continuing Operation Net Minority Interest": -18288000.0,
        "Reconciled Depreciation": 7226000.0,
        "Reconciled Cost Of Revenue": 70640000.0,
        "EBITDA": -17139000.0,
        "EBIT": -24365000.0,
        "Net Interest Income": -1708000.0,
        "Interest Expense": 1708000.0,
        "Normalized Income": -18288000.0,
        "Net Income From Continuing And Discontinued Operation": -18288000.0,
        "Total Expenses": 130168000.0,
        "Total Operating Income As Reported": -24671000.0,
        "Diluted Average Shares": 29516000.0,
        "Basic Average Shares": 29516000.0,
        "Diluted EPS": -0.62,
        "Basic EPS": -0.62,
        "Diluted NI Availto Com Stockholders": -18288000.0,
        "Net Income Common Stockholders": -18288000.0,
        "Net Income": -18288000.0,
        "Net Income Including Noncontrolling Interests": -18288000.0,
        "Net Income Discontinuous Operations": NaN,
        "Net Income Continuous Operations": -18288000.0,
        "Tax Provision": -7785000.0,
        "Pretax Income": -26073000.0,
        "Other Income Expense": 306000.0,
        "Other Non Operating Income Expenses": 306000.0,
        "Special Income Charges": 0.0,
        "Other Special Charges": NaN,
        "Restructuring And Mergern Acquisition": 0.0,
        "Net Non Operating Interest Income Expense": -1708000.0,
        "Interest Expense Non Operating": 1708000.0,
        "Operating Income": -24671000.0,
        "Operating Expense": 53234000.0,
        "Depreciation Amortization Depletion Income Statement": 932000.0,
        "Depreciation And Amortization In Income Statement": 932000.0,
        "Amortization": 932000.0,
        "Amortization Of Intangibles Income Statement": 932000.0,
        "Research And Development": 15768000.0,
        "Selling General And Administration": 36534000.0,
        "Selling And Marketing Expense": 10926000.0,
        "General And Administrative Expense": 25608000.0,
        "Other Gand A": 25608000.0,
        "Gross Profit": 28563000.0,
        "Cost Of Revenue": 76934000.0,
        "Total Revenue": 105497000.0,
        "Operating Revenue": 105497000.0
    },
    "2024-06-30": {
        "Tax Effect Of Unusual Items": 126000.0,
        "Tax Rate For Calcs": 0.21,
        "Normalized EBITDA": -13044000.0,
        "Total Unusual Items": 600000.0,
        "Total Unusual Items Excluding Goodwill": 600000.0,
        "Net Income From Continuing Operation Net Minority Interest": -23587000.0,
        "Reconciled Depreciation": 8901000.0,
        "Reconciled Cost Of Revenue": 39167000.0,
        "EBITDA": -12444000.0,
        "EBIT": -21345000.0,
        "Net Interest Income": -1630000.0,
        "Interest Expense": 1630000.0,
        "Normalized Income": -24061000.0,
        "Net Income From Continuing And Discontinued Operation": 54190000.0,
        "Total Expenses": 99485000.0,
        "Total Operating Income As Reported": -20735000.0,
        "Diluted Average Shares": 34015000.0,
        "Basic Average Shares": 34015000.0,
        "Diluted EPS": 1.6,
        "Basic EPS": 1.6,
        "Diluted NI Availto Com Stockholders": 54190000.0,
        "Net Income Common Stockholders": 54190000.0,
        "Net Income": 54190000.0,
        "Net Income Including Noncontrolling Interests": 54190000.0,
        "Net Income Discontinuous Operations": 77777000.0,
        "Net Income Continuous Operations": -23587000.0,
        "Tax Provision": 612000.0,
        "Pretax Income": -22975000.0,
        "Other Income Expense": -10000.0,
        "Other Non Operating Income Expenses": -610000.0,
        "Special Income Charges": 600000.0,
        "Other Special Charges": NaN,
        "Restructuring And Mergern Acquisition": -600000.0,
        "Net Non Operating Interest Income Expense": -1630000.0,
        "Interest Expense Non Operating": 1630000.0,
        "Operating Income": -21335000.0,
        "Operating Expense": 53363000.0,
        "Depreciation Amortization Depletion Income Statement": 1946000.0,
        "Depreciation And Amortization In Income Statement": 1946000.0,
        "Amortization": 1946000.0,
        "Amortization Of Intangibles Income Statement": 1946000.0,
        "Research And Development": 16237000.0,
        "Selling General And Administration": 35180000.0,
        "Selling And Marketing Expense": 9811000.0,
        "General And Administrative Expense": 25369000.0,
        "Other Gand A": 25369000.0,
        "Gross Profit": 32028000.0,
        "Cost Of Revenue": 46122000.0,
        "Total Revenue": 78150000.0,
        "Operating Revenue": 78150000.0
    },
    "2024-09-30": {
        "Tax Effect Of Unusual Items": 30870.0,
        "Tax Rate For Calcs": 0.21,
        "Normalized EBITDA": -6166000.0,
        "Total Unusual Items": 147000.0,
        "Total Unusual Items Excluding Goodwill": 147000.0,
        "Net Income From Continuing Operation Net Minority Interest": -20664000.0,
        "Reconciled Depreciation": 10575000.0,
        "Reconciled Cost Of Revenue": 45847000.0,
        "EBITDA": -6019000.0,
        "EBIT": -16594000.0,
        "Net Interest Income": -3417000.0,
        "Interest Expense": 3417000.0,
        "Normalized Income": -20780130.0,
        "Net Income From Continuing And Discontinued Operation": -19832000.0,
        "Total Expenses": 112095000.0,
        "Total Operating Income As Reported": -15194000.0,
        "Diluted Average Shares": 35865000.0,
        "Basic Average Shares": 35865000.0,
        "Diluted EPS": -0.56,
        "Basic EPS": -0.56,
        "Diluted NI Availto Com Stockholders": -19832000.0,
        "Net Income Common Stockholders": -19832000.0,
        "Net Income": -19832000.0,
        "Net Income Including Noncontrolling Interests": -19832000.0,
        "Net Income Discontinuous Operations": 832000.0,
        "Net Income Continuous Operations": -20664000.0,
        "Tax Provision": 653000.0,
        "Pretax Income": -20011000.0,
        "Other Income Expense": -1253000.0,
        "Other Non Operating Income Expenses": -1400000.0,
        "Special Income Charges": 147000.0,
        "Other Special Charges": -147000.0,
        "Restructuring And Mergern Acquisition": 0.0,
        "Net Non Operating Interest Income Expense": -3417000.0,
        "Interest Expense Non Operating": 3417000.0,
        "Operating Income": -15341000.0,
        "Operating Expense": 58372000.0,
        "Depreciation Amortization Depletion Income Statement": 2699000.0,
        "Depreciation And Amortization In Income Statement": 2699000.0,
        "Amortization": 2699000.0,
        "Amortization Of Intangibles Income Statement": 2699000.0,
        "Research And Development": 17821000.0,
        "Selling General And Administration": 37852000.0,
        "Selling And Marketing Expense": 10500000.0,
        "General And Administrative Expense": 27352000.0,
        "Other Gand A": 27352000.0,
        "Gross Profit": 43031000.0,
        "Cost Of Revenue": 53723000.0,
        "Total Revenue": 96754000.0,
        "Operating Revenue": 96754000.0
    },
    "2024-12-31": {
        "Tax Effect Of Unusual Items": -1304520.0,
        "Tax Rate For Calcs": 0.21,
        "Normalized EBITDA": -2712000.0,
        "Total Unusual Items": -6212000.0,
        "Total Unusual Items Excluding Goodwill": -6212000.0,
        "Net Income From Continuing Operation Net Minority Interest": -25293000.0,
        "Reconciled Depreciation": 11205000.0,
        "Reconciled Cost Of Revenue": 51668000.0,
        "EBITDA": -8924000.0,
        "EBIT": -20129000.0,
        "Net Interest Income": -3412000.0,
        "Interest Expense": 3412000.0,
        "Normalized Income": -20385520.0,
        "Net Income From Continuing And Discontinued Operation": -21057000.0,
        "Total Expenses": 121778000.0,
        "Total Operating Income As Reported": -16425000.0,
        "Diluted Average Shares": NaN,
        "Basic Average Shares": NaN,
        "Diluted EPS": NaN,
        "Basic EPS": NaN,
        "Diluted NI Availto Com Stockholders": -21057000.0,
        "Net Income Common Stockholders": -21057000.0,
        "Net Income": -21057000.0,
        "Net Income Including Noncontrolling Interests": -21057000.0,
        "Net Income Discontinuous Operations": 4236000.0,
        "Net Income Continuous Operations": -25293000.0,
        "Tax Provision": 1752000.0,
        "Pretax Income": -23541000.0,
        "Other Income Expense": -3356000.0,
        "Other Non Operating Income Expenses": 2856000.0,
        "Special Income Charges": -6212000.0,
        "Other Special Charges": 6212000.0,
        "Restructuring And Mergern Acquisition": 0.0,
        "Net Non Operating Interest Income Expense": -3412000.0,
        "Interest Expense Non Operating": 3412000.0,
        "Operating Income": -16773000.0,
        "Operating Expense": 61780000.0,
        "Depreciation Amortization Depletion Income Statement": 2875000.0,
        "Depreciation And Amortization In Income Statement": 2875000.0,
        "Amortization": 2875000.0,
        "Amortization Of Intangibles Income Statement": 2875000.0,
        "Research And Development": 17432000.0,
        "Selling General And Administration": 41473000.0,
        "Selling And Marketing Expense": 10471000.0,
        "General And Administrative Expense": 31002000.0,
        "Other Gand A": 31002000.0,
        "Gross Profit": 45007000.0,
        "Cost Of Revenue": 59998000.0,
        "Total Revenue": 105005000.0,
        "Operating Revenue": 105005000.0
    }
}