{
    "2023-03-31": {
        "Tax Effect Of Unusual Items": NaN,
        "Tax Rate For Calcs": NaN,
        "Normalized EBITDA": NaN,
        "Total Unusual Items": NaN,
        "Total Unusual Items Excluding Goodwill": NaN,
        "Net Income From Continuing Operation Net Minority Interest": NaN,
        "Reconciled Depreciation": NaN,
        "Reconciled Cost Of Revenue": NaN,
        "EBITDA": NaN,
        "EBIT": NaN,
        "Net Interest Income": NaN,
        "Interest Expense": NaN,
        "Normalized Income": NaN,
        "Net Income From Continuing And Discontinued Operation": NaN,
        "Total Expenses": NaN,
        "Total Operating Income As Reported": NaN,
        "Diluted Average Shares": NaN,
        "Basic Average Shares": NaN,
        "Diluted EPS": NaN,
        "Basic EPS": NaN,
        "Diluted NI Availto Com Stockholders": NaN,
        "Average Dilution Earnings": NaN,
        "Net Income Common Stockholders": NaN,
        "Net Income": NaN,
        "Net Income Including Noncontrolling Interests": NaN,
        "Net Income Continuous Operations": NaN,
        "Tax Provision": NaN,
        "Pretax Income": NaN,
        "Other Income Expense": NaN,
        "Other Non Operating Income Expenses": NaN,
        "Special Income Charges": NaN,
        "Gain On Sale Of Ppe": NaN,
        "Other Special Charges": 17720000.0,
        "Restructuring And Mergern Acquisition": NaN,
        "Earnings From Equity Interest": NaN,
        "Net Non Operating Interest Income Expense": NaN,
        "Interest Expense Non Operating": NaN,
        "Operating Income": NaN,
        "Operating Expense": NaN,
        "Other Operating Expenses": NaN,
        "Research And Development": NaN,
        "Selling General And Administration": NaN,
        "General And Administrative Expense": NaN,
        "Other Gand A": NaN,
        "Gross Profit": NaN,
        "Cost Of Revenue": NaN,
        "Total Revenue": NaN,
        "Operating Revenue": NaN
    },
    "2022-12-31": {
        "Tax Effect Of Unusual Items": NaN,
        "Tax Rate For Calcs": NaN,
        "Normalized EBITDA": NaN,
        "Total Unusual Items": NaN,
        "Total Unusual Items Excluding Goodwill": NaN,
        "Net Income From Continuing Operation Net Minority Interest": NaN,
        "Reconciled Depreciation": NaN,
        "Reconciled Cost Of Revenue": NaN,
        "EBITDA": NaN,
        "EBIT": NaN,
        "Net Interest Income": NaN,
        "Interest Expense": NaN,
        "Normalized Income": NaN,
        "Net Income From Continuing And Discontinued Operation": NaN,
        "Total Expenses": NaN,
        "Total Operating Income As Reported": NaN,
        "Diluted Average Shares": NaN,
        "Basic Average Shares": NaN,
        "Diluted EPS": NaN,
        "Basic EPS": NaN,
        "Diluted NI Availto Com Stockholders": NaN,
        "Average Dilution Earnings": NaN,
        "Net Income Common Stockholders": NaN,
        "Net Income": NaN,
        "Net Income Including Noncontrolling Interests": NaN,
        "Net Income Continuous Operations": NaN,
        "Tax Provision": NaN,
        "Pretax Income": NaN,
        "Other Income Expense": NaN,
        "Other Non Operating Income Expenses": NaN,
        "Special Income Charges": NaN,
        "Gain On Sale Of Ppe": NaN,
        "Other Special Charges": 0.0,
        "Restructuring And Mergern Acquisition": NaN,
        "Earnings From Equity Interest": NaN,
        "Net Non Operating Interest Income Expense": NaN,
        "Interest Expense Non Operating": NaN,
        "Operating Income": NaN,
        "Operating Expense": NaN,
        "Other Operating Expenses": NaN,
        "Research And Development": NaN,
        "Selling General And Administration": NaN,
        "General And Administrative Expense": NaN,
        "Other Gand A": NaN,
        "Gross Profit": NaN,
        "Cost Of Revenue": NaN,
        "Total Revenue": NaN,
        "Operating Revenue": NaN
    },
    "2022-09-30": {
        "Tax Effect Of Unusual Items": NaN,
        "Tax Rate For Calcs": NaN,
        "Normalized EBITDA": NaN,
        "Total Unusual Items": NaN,
        "Total Unusual Items Excluding Goodwill": NaN,
        "Net Income From Continuing Operation Net Minority Interest": NaN,
        "Reconciled Depreciation": NaN,
        "Reconciled Cost Of Revenue": NaN,
        "EBITDA": NaN,
        "EBIT": NaN,
        "Net Interest Income": NaN,
        "Interest Expense": NaN,
        "Normalized Income": NaN,
        "Net Income From Continuing And Discontinued Operation": NaN,
        "Total Expenses": NaN,
        "Total Operating Income As Reported": NaN,
        "Diluted Average Shares": NaN,
        "Basic Average Shares": NaN,
        "Diluted EPS": NaN,
        "Basic EPS": NaN,
        "Diluted NI Availto Com Stockholders": NaN,
        "Average Dilution Earnings": 0.0,
        "Net Income Common Stockholders": NaN,
        "Net Income": NaN,
        "Net Income Including Noncontrolling Interests": NaN,
        "Net Income Continuous Operations": NaN,
        "Tax Provision": NaN,
        "Pretax Income": NaN,
        "Other Income Expense": NaN,
        "Other Non Operating Income Expenses": NaN,
        "Special Income Charges": NaN,
        "Gain On Sale Of Ppe": NaN,
        "Other Special Charges": -343000.0,
        "Restructuring And Mergern Acquisition": NaN,
        "Earnings From Equity Interest": NaN,
        "Net Non Operating Interest Income Expense": NaN,
        "Interest Expense Non Operating": NaN,
        "Operating Income": NaN,
        "Operating Expense": NaN,
        "Other Operating Expenses": NaN,
        "Research And Development": NaN,
        "Selling General And Administration": NaN,
        "General And Administrative Expense": NaN,
        "Other Gand A": NaN,
        "Gross Profit": NaN,
        "Cost Of Revenue": NaN,
        "Total Revenue": NaN,
        "Operating Revenue": NaN
    },
    "2022-06-30": {
        "Tax Effect Of Unusual Items": -42581.530782,
        "Tax Rate For Calcs": 0.007488,
        "Normalized EBITDA": 199674000.0,
        "Total Unusual Items": -5687000.0,
        "Total Unusual Items Excluding Goodwill": -5687000.0,
        "Net Income From Continuing Operation Net Minority Interest": 149125000.0,
        "Reconciled Depreciation": 25583000.0,
        "Reconciled Cost Of Revenue": 1834508000.0,
        "EBITDA": 193987000.0,
        "EBIT": 168404000.0,
        "Net Interest Income": -18154000.0,
        "Interest Expense": 18154000.0,
        "Normalized Income": 154769418.469218,
        "Net Income From Continuing And Discontinued Operation": 149125000.0,
        "Total Expenses": 1932288000.0,
        "Total Operating Income As Reported": 174029000.0,
        "Diluted Average Shares": 59642000.0,
        "Basic Average Shares": 59479000.0,
        "Diluted EPS": 2.5,
        "Basic EPS": 2.51,
        "Diluted NI Availto Com Stockholders": 149125000.0,
        "Average Dilution Earnings": NaN,
        "Net Income Common Stockholders": 149125000.0,
        "Net Income": 149125000.0,
        "Net Income Including Noncontrolling Interests": 149125000.0,
        "Net Income Continuous Operations": 149125000.0,
        "Tax Provision": 1125000.0,
        "Pretax Income": 150250000.0,
        "Other Income Expense": -5640000.0,
        "Other Non Operating Income Expenses": 47000.0,
        "Special Income Charges": -5687000.0,
        "Gain On Sale Of Ppe": -15000.0,
        "Other Special Charges": 5672000.0,
        "Write Off": NaN,
        "Restructuring And Mergern Acquisition": 0.0,
        "Earnings From Equity Interest": NaN,
        "Net Non Operating Interest Income Expense": -18154000.0,
        "Interest Expense Non Operating": 18154000.0,
        "Operating Income": 174044000.0,
        "Operating Expense": 97780000.0,
        "Other Operating Expenses": 82342000.0,
        "Research And Development": NaN,
        "Selling General And Administration": 15438000.0,
        "General And Administrative Expense": 15438000.0,
        "Other Gand A": 15438000.0,
        "Gross Profit": 271824000.0,
        "Cost Of Revenue": 1834508000.0,
        "Total Revenue": 2106332000.0,
        "Operating Revenue": 2106332000.0
    },
    "2022-03-31": {
        "Diluted EPS": -2.31,
        "Total Revenue": NaN,
        "Gross Profit": 0,
        "Operating Income": -121,
        "EBIT": -97,
        "Net Income": -137
    },
    "2021-12-31": {
        "Diluted EPS": 0.22,
        "Total Revenue": NaN,
        "Gross Profit": 140,
        "Operating Income": 24,
        "EBIT": 48,
        "Net Income": 8
    },
    "2021-09-30": {
        "Diluted EPS": 1.37,
        "Total Revenue": NaN,
        "Gross Profit": 212,
        "Operating Income": 98,
        "EBIT": 121,
        "Net Income": 82
    },
    "2021-06-30": {
        "Diluted EPS": -1.84,
        "Total Revenue": NaN,
        "Gross Profit": 20,
        "Operating Income": -85,
        "EBIT": -61,
        "Net Income": -109
    },
    "2021-03-31": {
        "Diluted EPS": -1.15,
        "Total Revenue": 889,
        "Gross Profit": 0,
        "Operating Income": -45,
        "EBIT": -22,
        "Net Income": -62
    },
    "2020-12-31": {
        "Diluted EPS": -2.47,
        "Total Revenue": 716,
        "Gross Profit": 5,
        "Operating Income": -114,
        "EBIT": -90,
        "Net Income": -132
    },
    "2020-09-30": {
        "Diluted EPS": -0.27,
        "Total Revenue": 690,
        "Gross Profit": 105,
        "Operating Income": 3,
        "EBIT": 26,
        "Net Income": -14
    },
    "2020-06-30": {
        "Diluted EPS": -0.76,
        "Total Revenue": 515,
        "Gross Profit": 74,
        "Operating Income": -25,
        "EBIT": -3,
        "Net Income": -41
    },
    "2020-03-31": {
        "Diluted EPS": -4.18,
        "Total Revenue": NaN,
        "Gross Profit": -6,
        "Operating Income": -181,
        "EBIT": -160,
        "Net Income": -222
    },
    "2019-12-31": {
        "Diluted EPS": 0.75,
        "Total Revenue": NaN,
        "Gross Profit": 174,
        "Operating Income": 60,
        "EBIT": 81,
        "Net Income": 36
    },
    "2019-09-30": {
        "Diluted EPS": -1.65,
        "Total Revenue": NaN,
        "Gross Profit": 136,
        "Operating Income": 18,
        "EBIT": 41,
        "Net Income": -84
    },
    "2019-06-30": {
        "Diluted EPS": 0.56,
        "Total Revenue": NaN,
        "Gross Profit": 158,
        "Operating Income": 49,
        "EBIT": 71,
        "Net Income": 28
    },
    "2019-03-31": {
        "Diluted EPS": 1.14,
        "Total Revenue": NaN,
        "Gross Profit": 131,
        "Operating Income": 21,
        "EBIT": 42,
        "Net Income": 61
    },
    "2018-12-31": {
        "Diluted EPS": 0.3,
        "Total Revenue": 879,
        "Gross Profit": 109,
        "Operating Income": 20,
        "EBIT": 34,
        "Net Income": 14
    },
    "2018-09-30": {
        "Diluted EPS": -0.13,
        "Total Revenue": 910,
        "Gross Profit": 87,
        "Operating Income": 5,
        "EBIT": 18,
        "Net Income": -6
    },
    "2018-06-30": {
        "Diluted EPS": 0.35,
        "Total Revenue": 856,
        "Gross Profit": 108,
        "Operating Income": 29,
        "EBIT": 42,
        "Net Income": 16
    },
    "2018-03-31": {
        "Diluted EPS": 0.33,
        "Total Revenue": 765,
        "Gross Profit": 104,
        "Operating Income": 28,
        "EBIT": 41,
        "Net Income": 15
    },
    "2017-12-31": {
        "Diluted EPS": 0.43,
        "Total Revenue": 663,
        "Gross Profit": 94,
        "Operating Income": 22,
        "EBIT": 34,
        "Net Income": 17
    },
    "2017-09-30": {
        "Diluted EPS": 0.41,
        "Total Revenue": 611,
        "Gross Profit": 101,
        "Operating Income": 27,
        "EBIT": 38,
        "Net Income": 21
    },
    "2017-06-30": {
        "Diluted EPS": 0.15,
        "Total Revenue": 564,
        "Gross Profit": 90,
        "Operating Income": 16,
        "EBIT": 28,
        "Net Income": 7
    },
    "2017-03-31": {
        "Diluted EPS": 0.58,
        "Total Revenue": 605,
        "Gross Profit": 104,
        "Operating Income": 29,
        "EBIT": 40,
        "Net Income": 27
    },
    "2016-12-31": {
        "Diluted EPS": 0.37,
        "Total Revenue": 563,
        "Gross Profit": 93,
        "Operating Income": 25,
        "EBIT": 37,
        "Net Income": 14
    },
    "2016-09-30": {
        "Diluted EPS": -0.67,
        "Total Revenue": 510,
        "Gross Profit": 51,
        "Operating Income": -22,
        "EBIT": -12,
        "Net Income": -28
    },
    "2016-06-30": {
        "Diluted EPS": -0.32,
        "Total Revenue": 414,
        "Gross Profit": 49,
        "Operating Income": -3,
        "EBIT": 2,
        "Net Income": -13
    },
    "2016-03-31": {
        "Diluted EPS": -0.46,
        "Total Revenue": 378,
        "Gross Profit": 35,
        "Operating Income": -20,
        "EBIT": -15,
        "Net Income": -19
    },
    "2015-12-31": {
        "Diluted EPS": -1.77,
        "Total Revenue": 443,
        "Gross Profit": 44,
        "Operating Income": -10,
        "EBIT": -3,
        "Net Income": -67
    },
    "2015-09-30": {
        "Diluted EPS": 0.39,
        "Total Revenue": 496,
        "Gross Profit": 90,
        "Operating Income": 26,
        "EBIT": 31,
        "Net Income": 15
    },
    "2015-06-30": {
        "Diluted EPS": 0.31,
        "Total Revenue": 584,
        "Gross Profit": 79,
        "Operating Income": 27,
        "EBIT": 32,
        "Net Income": 12
    },
    "2015-03-31": {
        "Diluted EPS": 0.01,
        "Total Revenue": 544,
        "Gross Profit": 66,
        "Operating Income": 18,
        "EBIT": 21,
        "Net Income": 0
    },
    "2014-12-31": {
        "Diluted EPS": 1.04,
        "Total Revenue": 708,
        "Gross Profit": 94,
        "Operating Income": 38,
        "EBIT": 43,
        "Net Income": 32
    },
    "2014-09-30": {
        "Diluted EPS": -1.19,
        "Total Revenue": 854,
        "Gross Profit": 24,
        "Operating Income": -37,
        "EBIT": -33,
        "Net Income": -39
    },
    "2014-06-30": {
        "Diluted EPS": -0.81,
        "Total Revenue": 802,
        "Gross Profit": 23,
        "Operating Income": -24,
        "EBIT": -21,
        "Net Income": -25
    },
    "2014-03-31": {
        "Diluted EPS": -0.48,
        "Total Revenue": 743,
        "Gross Profit": 30,
        "Operating Income": -15,
        "EBIT": -12,
        "Net Income": -15
    },
    "2013-12-31": {
        "Diluted EPS": -2.26,
        "Total Revenue": 756,
        "Gross Profit": 7,
        "Operating Income": -37,
        "EBIT": -34,
        "Net Income": -51
    },
    "2013-09-30": {
        "Diluted EPS": -0.87,
        "Total Revenue": 35,
        "Gross Profit": 5,
        "Operating Income": -8,
        "EBIT": -7,
        "Net Income": -15
    },
    "2013-06-30": {
        "Diluted EPS": -0.58,
        "Total Revenue": 29,
        "Gross Profit": 6,
        "Operating Income": -5,
        "EBIT": -4,
        "Net Income": -9
    },
    "2013-03-31": {
        "Diluted EPS": -0.3,
        "Total Revenue": 65,
        "Gross Profit": 12,
        "Operating Income": 3,
        "EBIT": 3,
        "Net Income": -5
    },
    "2012-12-31": {
        "Diluted EPS": 7.75,
        "Total Revenue": 2,
        "Gross Profit": 2,
        "Operating Income": -3,
        "EBIT": -3,
        "Net Income": -7
    },
    "2012-09-30": {
        "Diluted EPS": -1.1,
        "Total Revenue": 6,
        "Gross Profit": 6,
        "Operating Income": -159,
        "EBIT": -153,
        "Net Income": -18
    },
    "2012-06-30": {
        "Diluted EPS": -5.5,
        "Total Revenue": 8,
        "Gross Profit": 7,
        "Operating Income": -7,
        "EBIT": -2,
        "Net Income": -16
    },
    "2012-03-31": {
        "Diluted EPS": -4.6,
        "Total Revenue": 10,
        "Gross Profit": 10,
        "Operating Income": -6,
        "EBIT": -1,
        "Net Income": -13
    },
    "2011-12-31": {
        "Diluted EPS": 1.3,
        "Total Revenue": 13,
        "Gross Profit": 13,
        "Operating Income": -7,
        "EBIT": 11,
        "Net Income": -12
    },
    "2011-09-30": {
        "Diluted EPS": -154.0,
        "Total Revenue": 17,
        "Gross Profit": 16,
        "Operating Income": -428,
        "EBIT": -421,
        "Net Income": -429
    },
    "2011-06-30": {
        "Diluted EPS": -0.3,
        "Total Revenue": 17,
        "Gross Profit": 16,
        "Operating Income": -8,
        "EBIT": 7,
        "Net Income": -1
    },
    "2011-03-31": {
        "Diluted EPS": -10.0,
        "Total Revenue": 18,
        "Gross Profit": 17,
        "Operating Income": -9,
        "EBIT": 10,
        "Net Income": -28
    },
    "2010-12-31": {
        "Diluted EPS": -1.2,
        "Total Revenue": 36,
        "Gross Profit": 22,
        "Operating Income": -23,
        "EBIT": -10,
        "Net Income": -34
    },
    "2010-09-30": {
        "Diluted EPS": 4.9,
        "Total Revenue": 13,
        "Gross Profit": 12,
        "Operating Income": -14,
        "EBIT": -30,
        "Net Income": 14
    },
    "2010-06-30": {
        "Diluted EPS": -54.3,
        "Total Revenue": 15,
        "Gross Profit": 14,
        "Operating Income": -50,
        "EBIT": -6,
        "Net Income": -150
    },
    "2010-03-31": {
        "Diluted EPS": -0.5,
        "Total Revenue": 29,
        "Gross Profit": 24,
        "Operating Income": -9,
        "EBIT": 10,
        "Net Income": -13
    },
    "2009-12-31": {
        "Diluted EPS": -1.2,
        "Total Revenue": 73,
        "Gross Profit": 68,
        "Operating Income": -9,
        "EBIT": -44,
        "Net Income": -34
    },
    "2009-09-30": {
        "Diluted EPS": -3.5,
        "Total Revenue": 21,
        "Gross Profit": 17,
        "Operating Income": -81,
        "EBIT": -45,
        "Net Income": -97
    },
    "2009-06-30": {
        "Diluted EPS": -8.9,
        "Total Revenue": 21,
        "Gross Profit": 17,
        "Operating Income": -141,
        "EBIT": -100,
        "Net Income": -172
    },
    "2009-03-31": {
        "Diluted EPS": -2.5,
        "Total Revenue": 59,
        "Gross Profit": 51,
        "Operating Income": -9,
        "EBIT": 30,
        "Net Income": -26
    },
    "2023-06-30": {
        "Tax Effect Of Unusual Items": NaN,
        "Tax Rate For Calcs": NaN,
        "Normalized EBITDA": NaN,
        "Total Unusual Items": NaN,
        "Total Unusual Items Excluding Goodwill": NaN,
        "Net Income From Continuing Operation Net Minority Interest": NaN,
        "Reconciled Depreciation": NaN,
        "Reconciled Cost Of Revenue": NaN,
        "EBITDA": NaN,
        "EBIT": NaN,
        "Net Interest Income": NaN,
        "Interest Expense": NaN,
        "Normalized Income": NaN,
        "Net Income From Continuing And Discontinued Operation": NaN,
        "Total Expenses": NaN,
        "Total Operating Income As Reported": NaN,
        "Diluted Average Shares": NaN,
        "Basic Average Shares": NaN,
        "Diluted EPS": NaN,
        "Basic EPS": NaN,
        "Diluted NI Availto Com Stockholders": NaN,
        "Average Dilution Earnings": 0.0,
        "Net Income Common Stockholders": NaN,
        "Net Income": NaN,
        "Net Income Including Noncontrolling Interests": NaN,
        "Net Income Continuous Operations": NaN,
        "Tax Provision": NaN,
        "Pretax Income": NaN,
        "Other Income Expense": NaN,
        "Other Non Operating Income Expenses": NaN,
        "Special Income Charges": NaN,
        "Gain On Sale Of Ppe": NaN,
        "Other Special Charges": -38000.0,
        "Restructuring And Mergern Acquisition": NaN,
        "Earnings From Equity Interest": NaN,
        "Net Non Operating Interest Income Expense": NaN,
        "Interest Expense Non Operating": NaN,
        "Operating Income": NaN,
        "Operating Expense": NaN,
        "Other Operating Expenses": NaN,
        "Research And Development": NaN,
        "Selling General And Administration": NaN,
        "General And Administrative Expense": NaN,
        "Other Gand A": NaN,
        "Gross Profit": NaN,
        "Cost Of Revenue": NaN,
        "Total Revenue": NaN,
        "Operating Revenue": NaN
    },
    "2023-09-30": {
        "Tax Effect Of Unusual Items": NaN,
        "Tax Rate For Calcs": NaN,
        "Normalized EBITDA": NaN,
        "Total Unusual Items": NaN,
        "Total Unusual Items Excluding Goodwill": NaN,
        "Net Income From Continuing Operation Net Minority Interest": NaN,
        "Reconciled Depreciation": NaN,
        "Reconciled Cost Of Revenue": NaN,
        "EBITDA": NaN,
        "EBIT": NaN,
        "Net Interest Income": NaN,
        "Interest Expense": NaN,
        "Normalized Income": NaN,
        "Net Income From Continuing And Discontinued Operation": NaN,
        "Total Expenses": NaN,
        "Total Operating Income As Reported": NaN,
        "Diluted Average Shares": NaN,
        "Basic Average Shares": NaN,
        "Diluted EPS": NaN,
        "Basic EPS": NaN,
        "Diluted NI Availto Com Stockholders": NaN,
        "Average Dilution Earnings": 0.0,
        "Net Income Common Stockholders": NaN,
        "Net Income": NaN,
        "Net Income Including Noncontrolling Interests": NaN,
        "Net Income Continuous Operations": NaN,
        "Tax Provision": NaN,
        "Pretax Income": NaN,
        "Other Income Expense": NaN,
        "Other Non Operating Income Expenses": NaN,
        "Special Income Charges": NaN,
        "Gain On Sale Of Ppe": NaN,
        "Other Special Charges": NaN,
        "Restructuring And Mergern Acquisition": NaN,
        "Earnings From Equity Interest": NaN,
        "Net Non Operating Interest Income Expense": NaN,
        "Interest Expense Non Operating": NaN,
        "Operating Income": NaN,
        "Operating Expense": NaN,
        "Other Operating Expenses": NaN,
        "Research And Development": 3127000.0,
        "Selling General And Administration": NaN,
        "General And Administrative Expense": NaN,
        "Other Gand A": NaN,
        "Gross Profit": NaN,
        "Cost Of Revenue": NaN,
        "Total Revenue": NaN,
        "Operating Revenue": NaN
    },
    "2023-12-31": {
        "Tax Effect Of Unusual Items": NaN,
        "Tax Rate For Calcs": NaN,
        "Normalized EBITDA": NaN,
        "Total Unusual Items": NaN,
        "Total Unusual Items Excluding Goodwill": NaN,
        "Net Income From Continuing Operation Net Minority Interest": NaN,
        "Reconciled Depreciation": NaN,
        "Reconciled Cost Of Revenue": NaN,
        "EBITDA": NaN,
        "EBIT": NaN,
        "Net Interest Income": NaN,
        "Interest Expense": NaN,
        "Normalized Income": NaN,
        "Net Income From Continuing And Discontinued Operation": NaN,
        "Total Expenses": NaN,
        "Total Operating Income As Reported": NaN,
        "Diluted Average Shares": NaN,
        "Basic Average Shares": NaN,
        "Diluted EPS": NaN,
        "Basic EPS": NaN,
        "Diluted NI Availto Com Stockholders": NaN,
        "Average Dilution Earnings": NaN,
        "Net Income Common Stockholders": NaN,
        "Net Income": NaN,
        "Net Income Including Noncontrolling Interests": NaN,
        "Net Income Continuous Operations": NaN,
        "Tax Provision": NaN,
        "Pretax Income": NaN,
        "Other Income Expense": NaN,
        "Other Non Operating Income Expenses": NaN,
        "Special Income Charges": NaN,
        "Gain On Sale Of Ppe": NaN,
        "Other Special Charges": 1500000.0,
        "Restructuring And Mergern Acquisition": NaN,
        "Earnings From Equity Interest": NaN,
        "Net Non Operating Interest Income Expense": NaN,
        "Interest Expense Non Operating": NaN,
        "Operating Income": NaN,
        "Operating Expense": NaN,
        "Other Operating Expenses": NaN,
        "Research And Development": 2907000.0,
        "Selling General And Administration": NaN,
        "General And Administrative Expense": NaN,
        "Other Gand A": NaN,
        "Gross Profit": NaN,
        "Cost Of Revenue": NaN,
        "Total Revenue": NaN,
        "Operating Revenue": NaN
    },
    "2024-03-31": {
        "Tax Effect Of Unusual Items": NaN,
        "Tax Rate For Calcs": NaN,
        "Normalized EBITDA": NaN,
        "Total Unusual Items": NaN,
        "Total Unusual Items Excluding Goodwill": NaN,
        "Net Income From Continuing Operation Net Minority Interest": NaN,
        "Reconciled Depreciation": NaN,
        "Reconciled Cost Of Revenue": NaN,
        "EBITDA": NaN,
        "EBIT": NaN,
        "Net Interest Income": NaN,
        "Interest Expense": NaN,
        "Normalized Income": NaN,
        "Net Income From Continuing And Discontinued Operation": NaN,
        "Total Expenses": NaN,
        "Total Operating Income As Reported": NaN,
        "Diluted Average Shares": NaN,
        "Basic Average Shares": NaN,
        "Diluted EPS": NaN,
        "Basic EPS": NaN,
        "Diluted NI Availto Com Stockholders": NaN,
        "Average Dilution Earnings": NaN,
        "Net Income Common Stockholders": NaN,
        "Net Income": NaN,
        "Net Income Including Noncontrolling Interests": NaN,
        "Net Income Continuous Operations": NaN,
        "Tax Provision": NaN,
        "Pretax Income": NaN,
        "Other Income Expense": NaN,
        "Other Non Operating Income Expenses": NaN,
        "Special Income Charges": NaN,
        "Gain On Sale Of Ppe": NaN,
        "Other Special Charges": NaN,
        "Restructuring And Mergern Acquisition": NaN,
        "Earnings From Equity Interest": NaN,
        "Net Non Operating Interest Income Expense": NaN,
        "Interest Expense Non Operating": NaN,
        "Operating Income": NaN,
        "Operating Expense": NaN,
        "Other Operating Expenses": NaN,
        "Research And Development": 1971000.0,
        "Selling General And Administration": NaN,
        "General And Administrative Expense": NaN,
        "Other Gand A": NaN,
        "Gross Profit": NaN,
        "Cost Of Revenue": NaN,
        "Total Revenue": NaN,
        "Operating Revenue": NaN
    },
    "2024-06-30": {
        "Tax Effect Of Unusual Items": -350145.939538,
        "Tax Rate For Calcs": 0.263466,
        "Normalized EBITDA": 79212000.0,
        "Total Unusual Items": -1329000.0,
        "Total Unusual Items Excluding Goodwill": -1329000.0,
        "Net Income From Continuing Operation Net Minority Interest": 18638000.0,
        "Reconciled Depreciation": 32144000.0,
        "Reconciled Cost Of Revenue": 1802341000.0,
        "EBITDA": 77883000.0,
        "EBIT": 45739000.0,
        "Net Interest Income": -20434000.0,
        "Interest Expense": 20434000.0,
        "Normalized Income": 19616854.060462,
        "Net Income From Continuing And Discontinued Operation": 18638000.0,
        "Total Expenses": 1972660000.0,
        "Total Operating Income As Reported": 48641000.0,
        "Diluted Average Shares": 58045000.0,
        "Basic Average Shares": 57239000.0,
        "Diluted EPS": 0.32,
        "Basic EPS": 0.33,
        "Diluted NI Availto Com Stockholders": 18638000.0,
        "Average Dilution Earnings": 0.0,
        "Net Income Common Stockholders": 18638000.0,
        "Net Income": 18638000.0,
        "Net Income Including Noncontrolling Interests": 18638000.0,
        "Net Income Continuous Operations": 18638000.0,
        "Tax Provision": 6667000.0,
        "Pretax Income": 25305000.0,
        "Other Income Expense": 931000.0,
        "Other Non Operating Income Expenses": -124000.0,
        "Special Income Charges": -1329000.0,
        "Gain On Sale Of Ppe": -63000.0,
        "Other Special Charges": 1418000.0,
        "Restructuring And Mergern Acquisition": -152000.0,
        "Earnings From Equity Interest": 2384000.0,
        "Net Non Operating Interest Income Expense": -20434000.0,
        "Interest Expense Non Operating": 20434000.0,
        "Operating Income": 44808000.0,
        "Operating Expense": 170319000.0,
        "Other Operating Expenses": 147151000.0,
        "Research And Development": 3071000.0,
        "Selling General And Administration": 23168000.0,
        "General And Administrative Expense": 23168000.0,
        "Other Gand A": 23168000.0,
        "Gross Profit": 215127000.0,
        "Cost Of Revenue": 1802341000.0,
        "Total Revenue": 2017468000.0,
        "Operating Revenue": 2017468000.0
    },
    "2024-09-30": {
        "Tax Effect Of Unusual Items": 4830.0,
        "Tax Rate For Calcs": 0.21,
        "Normalized EBITDA": 69204000.0,
        "Total Unusual Items": 23000.0,
        "Total Unusual Items Excluding Goodwill": 23000.0,
        "Net Income From Continuing Operation Net Minority Interest": 7486000.0,
        "Reconciled Depreciation": 31879000.0,
        "Reconciled Cost Of Revenue": 1937079000.0,
        "EBITDA": 69227000.0,
        "EBIT": 37348000.0,
        "Net Interest Income": -23402000.0,
        "Interest Expense": 23402000.0,
        "Normalized Income": 7467830.0,
        "Net Income From Continuing And Discontinued Operation": 7486000.0,
        "Total Expenses": 2110533000.0,
        "Total Operating Income As Reported": 36431000.0,
        "Diluted Average Shares": 56224000.0,
        "Basic Average Shares": 55729000.0,
        "Diluted EPS": 0.13,
        "Basic EPS": 0.13,
        "Diluted NI Availto Com Stockholders": 7486000.0,
        "Average Dilution Earnings": 0.0,
        "Net Income Common Stockholders": 7486000.0,
        "Net Income": 7486000.0,
        "Net Income Including Noncontrolling Interests": 7486000.0,
        "Net Income Continuous Operations": 7486000.0,
        "Tax Provision": 6460000.0,
        "Pretax Income": 13946000.0,
        "Other Income Expense": 3948000.0,
        "Other Non Operating Income Expenses": 1253000.0,
        "Special Income Charges": 23000.0,
        "Gain On Sale Of Ppe": 0.0,
        "Other Special Charges": NaN,
        "Restructuring And Mergern Acquisition": -23000.0,
        "Earnings From Equity Interest": 2672000.0,
        "Net Non Operating Interest Income Expense": -23402000.0,
        "Interest Expense Non Operating": 23402000.0,
        "Operating Income": 33400000.0,
        "Operating Expense": 173454000.0,
        "Other Operating Expenses": 151055000.0,
        "Research And Development": 4006000.0,
        "Selling General And Administration": 22399000.0,
        "General And Administrative Expense": 22399000.0,
        "Other Gand A": 22399000.0,
        "Gross Profit": 206854000.0,
        "Cost Of Revenue": 1937079000.0,
        "Total Revenue": 2143933000.0,
        "Operating Revenue": 2143933000.0
    },
    "2024-12-31": {
        "Tax Effect Of Unusual Items": -92349.381668,
        "Tax Rate For Calcs": 0.225242,
        "Normalized EBITDA": -15493000.0,
        "Total Unusual Items": -410000.0,
        "Total Unusual Items Excluding Goodwill": -410000.0,
        "Net Income From Continuing Operation Net Minority Interest": -55695000.0,
        "Reconciled Depreciation": 34911000.0,
        "Reconciled Cost Of Revenue": 1713184000.0,
        "EBITDA": -15903000.0,
        "EBIT": -50814000.0,
        "Net Interest Income": -21073000.0,
        "Interest Expense": 21073000.0,
        "Normalized Income": -55377349.381668,
        "Net Income From Continuing And Discontinued Operation": -55695000.0,
        "Total Expenses": 1878099000.0,
        "Total Operating Income As Reported": -46959000.0,
        "Diluted Average Shares": 55252000.0,
        "Basic Average Shares": 55252000.0,
        "Diluted EPS": -1.01,
        "Basic EPS": -1.01,
        "Diluted NI Availto Com Stockholders": -55695000.0,
        "Average Dilution Earnings": NaN,
        "Net Income Common Stockholders": -55695000.0,
        "Net Income": -55695000.0,
        "Net Income Including Noncontrolling Interests": -55695000.0,
        "Net Income Continuous Operations": -55695000.0,
        "Tax Provision": -16192000.0,
        "Pretax Income": -71887000.0,
        "Other Income Expense": -4936000.0,
        "Other Non Operating Income Expenses": -422000.0,
        "Special Income Charges": -410000.0,
        "Gain On Sale Of Ppe": -108000.0,
        "Other Special Charges": 270000.0,
        "Restructuring And Mergern Acquisition": 32000.0,
        "Earnings From Equity Interest": -4104000.0,
        "Net Non Operating Interest Income Expense": -21073000.0,
        "Interest Expense Non Operating": 21073000.0,
        "Operating Income": -45878000.0,
        "Operating Expense": 164915000.0,
        "Other Operating Expenses": 143393000.0,
        "Research And Development": NaN,
        "Selling General And Administration": 21522000.0,
        "General And Administrative Expense": 21522000.0,
        "Other Gand A": 21522000.0,
        "Gross Profit": 119037000.0,
        "Cost Of Revenue": 1713184000.0,
        "Total Revenue": 1832221000.0,
        "Operating Revenue": 1832221000.0
    },
    "2025-03-31": {
        "Tax Effect Of Unusual Items": -4806.242291,
        "Tax Rate For Calcs": 0.184855,
        "Normalized EBITDA": 21166000.0,
        "Total Unusual Items": -26000.0,
        "Total Unusual Items Excluding Goodwill": -26000.0,
        "Net Income From Continuing Operation Net Minority Interest": -30400000.0,
        "Reconciled Depreciation": 36586000.0,
        "Reconciled Cost Of Revenue": 1595946000.0,
        "EBITDA": 21140000.0,
        "EBIT": -15446000.0,
        "Net Interest Income": -21848000.0,
        "Interest Expense": 21848000.0,
        "Normalized Income": -30378806.242291,
        "Net Income From Continuing And Discontinued Operation": -30400000.0,
        "Total Expenses": 1768325000.0,
        "Total Operating Income As Reported": -15776000.0,
        "Diluted Average Shares": 53756000.0,
        "Basic Average Shares": 53756000.0,
        "Diluted EPS": -0.57,
        "Basic EPS": -0.57,
        "Diluted NI Availto Com Stockholders": -30400000.0,
        "Average Dilution Earnings": NaN,
        "Net Income Common Stockholders": -30400000.0,
        "Net Income": -30400000.0,
        "Net Income Including Noncontrolling Interests": -30400000.0,
        "Net Income Continuous Operations": -30400000.0,
        "Tax Provision": -6894000.0,
        "Pretax Income": -37294000.0,
        "Other Income Expense": 7843000.0,
        "Other Non Operating Income Expenses": -371000.0,
        "Special Income Charges": -26000.0,
        "Gain On Sale Of Ppe": -1000.0,
        "Other Special Charges": 25000.0,
        "Restructuring And Mergern Acquisition": 0.0,
        "Earnings From Equity Interest": 8240000.0,
        "Net Non Operating Interest Income Expense": -21848000.0,
        "Interest Expense Non Operating": 21848000.0,
        "Operating Income": -23289000.0,
        "Operating Expense": 172379000.0,
        "Other Operating Expenses": 148136000.0,
        "Research And Development": NaN,
        "Selling General And Administration": 24243000.0,
        "General And Administrative Expense": 24243000.0,
        "Other Gand A": 24243000.0,
        "Gross Profit": 149090000.0,
        "Cost Of Revenue": 1595946000.0,
        "Total Revenue": 1745036000.0,
        "Operating Revenue": 1745036000.0
    },
    "2025-06-30": {
        "Tax Effect Of Unusual Items": 271175.84188,
        "Tax Rate For Calcs": 0.221187,
        "Normalized EBITDA": 131939000.0,
        "Total Unusual Items": 1226000.0,
        "Total Unusual Items Excluding Goodwill": 1226000.0,
        "Net Income From Continuing Operation Net Minority Interest": 59460000.0,
        "Reconciled Depreciation": 34712000.0,
        "Reconciled Cost Of Revenue": 1628191000.0,
        "EBITDA": 133165000.0,
        "EBIT": 98453000.0,
        "Net Interest Income": -22106000.0,
        "Interest Expense": 22106000.0,
        "Normalized Income": 58505175.84188,
        "Net Income From Continuing And Discontinued Operation": 59460000.0,
        "Total Expenses": 1805209000.0,
        "Total Operating Income As Reported": 96760000.0,
        "Diluted Average Shares": 50836000.0,
        "Basic Average Shares": 50373000.0,
        "Diluted EPS": 1.17,
        "Basic EPS": 1.18,
        "Diluted NI Availto Com Stockholders": 59460000.0,
        "Average Dilution Earnings": 0.0,
        "Net Income Common Stockholders": 59460000.0,
        "Net Income": 59460000.0,
        "Net Income Including Noncontrolling Interests": 59460000.0,
        "Net Income Continuous Operations": 59460000.0,
        "Tax Provision": 16887000.0,
        "Pretax Income": 76347000.0,
        "Other Income Expense": 10224000.0,
        "Other Non Operating Income Expenses": -163000.0,
        "Special Income Charges": 1226000.0,
        "Gain On Sale Of Ppe": 1226000.0,
        "Other Special Charges": NaN,
        "Restructuring And Mergern Acquisition": 0.0,
        "Earnings From Equity Interest": 9161000.0,
        "Net Non Operating Interest Income Expense": -22106000.0,
        "Interest Expense Non Operating": 22106000.0,
        "Operating Income": 88229000.0,
        "Operating Expense": 177018000.0,
        "Other Operating Expenses": 153370000.0,
        "Research And Development": NaN,
        "Selling General And Administration": 23648000.0,
        "General And Administrative Expense": 23648000.0,
        "Other Gand A": 23648000.0,
        "Gross Profit": 265247000.0,
        "Cost Of Revenue": 1628191000.0,
        "Total Revenue": 1893438000.0,
        "Operating Revenue": 1893438000.0
    }
}