{
    "2023-03-31": {
        "Tax Effect Of Unusual Items": 75572.519084,
        "Tax Rate For Calcs": 0.274809,
        "Normalized EBITDA": 385000.0,
        "Total Unusual Items": 275000.0,
        "Total Unusual Items Excluding Goodwill": 275000.0,
        "Net Income From Continuing Operation Net Minority Interest": 475000.0,
        "Reconciled Depreciation": 1446000.0,
        "Reconciled Cost Of Revenue": 17370000.0,
        "EBITDA": 660000.0,
        "EBIT": 660000.0,
        "Net Interest Income": 71000.0,
        "Interest Expense": 5000.0,
        "Interest Income": 76000.0,
        "Normalized Income": 275572.519084,
        "Net Income From Continuing And Discontinued Operation": 475000.0,
        "Total Expenses": 23156000.0,
        "Rent Expense Supplemental": 643000.0,
        "Total Operating Income As Reported": 584000.0,
        "Diluted Average Shares": 3557000.0,
        "Basic Average Shares": 3518000.0,
        "Diluted EPS": 0.13,
        "Basic EPS": 0.14,
        "Diluted NI Availto Com Stockholders": 475000.0,
        "Net Income Common Stockholders": 475000.0,
        "Net Income": 475000.0,
        "Net Income Including Noncontrolling Interests": 475000.0,
        "Net Income Continuous Operations": 475000.0,
        "Tax Provision": 180000.0,
        "Pretax Income": 655000.0,
        "Other Income Expense": 275000.0,
        "Special Income Charges": 275000.0,
        "Gain On Sale Of Ppe": 275000.0,
        "Net Non Operating Interest Income Expense": 71000.0,
        "Interest Expense Non Operating": 5000.0,
        "Interest Income Non Operating": 76000.0,
        "Operating Income": 309000.0,
        "Operating Expense": 5786000.0,
        "Other Operating Expenses": 1446000.0,
        "Selling General And Administration": 4340000.0,
        "Selling And Marketing Expense": 2696000.0,
        "General And Administrative Expense": 1644000.0,
        "Other Gand A": NaN,
        "Insurance And Claims": 1644000.0,
        "Gross Profit": 6095000.0,
        "Cost Of Revenue": 17370000.0,
        "Total Revenue": 23465000.0,
        "Operating Revenue": 23465000.0
    },
    "2022-12-31": {
        "Tax Effect Of Unusual Items": 18995.594714,
        "Tax Rate For Calcs": 0.287812,
        "Normalized EBITDA": 619000.0,
        "Total Unusual Items": 66000.0,
        "Total Unusual Items Excluding Goodwill": 66000.0,
        "Net Income From Continuing Operation Net Minority Interest": 485000.0,
        "Reconciled Depreciation": 1422000.0,
        "Reconciled Cost Of Revenue": 16801000.0,
        "EBITDA": 685000.0,
        "EBIT": 685000.0,
        "Net Interest Income": 61000.0,
        "Interest Expense": 4000.0,
        "Interest Income": 65000.0,
        "Normalized Income": 437995.594714,
        "Net Income From Continuing And Discontinued Operation": 485000.0,
        "Total Expenses": 22296000.0,
        "Rent Expense Supplemental": 648000.0,
        "Total Operating Income As Reported": 620000.0,
        "Diluted Average Shares": 3532000.0,
        "Basic Average Shares": 3490000.0,
        "Diluted EPS": 0.14,
        "Basic EPS": 0.14,
        "Diluted NI Availto Com Stockholders": 485000.0,
        "Net Income Common Stockholders": 485000.0,
        "Net Income": 485000.0,
        "Net Income Including Noncontrolling Interests": 485000.0,
        "Net Income Continuous Operations": 485000.0,
        "Tax Provision": 196000.0,
        "Pretax Income": 681000.0,
        "Other Income Expense": 66000.0,
        "Special Income Charges": 66000.0,
        "Gain On Sale Of Ppe": 66000.0,
        "Net Non Operating Interest Income Expense": 61000.0,
        "Interest Expense Non Operating": 4000.0,
        "Interest Income Non Operating": 65000.0,
        "Operating Income": 554000.0,
        "Operating Expense": 5495000.0,
        "Other Operating Expenses": 1184000.0,
        "Selling General And Administration": 4311000.0,
        "Selling And Marketing Expense": 2327000.0,
        "General And Administrative Expense": 1984000.0,
        "Other Gand A": 2822000.0,
        "Insurance And Claims": 1984000.0,
        "Gross Profit": 6049000.0,
        "Cost Of Revenue": 16801000.0,
        "Total Revenue": 22850000.0,
        "Operating Revenue": 22850000.0
    },
    "2022-09-30": {
        "Tax Effect Of Unusual Items": 9996.183206,
        "Tax Rate For Calcs": 0.103053,
        "Normalized EBITDA": 432000.0,
        "Total Unusual Items": 97000.0,
        "Total Unusual Items Excluding Goodwill": 97000.0,
        "Net Income From Continuing Operation Net Minority Interest": 470000.0,
        "Reconciled Depreciation": 716000.0,
        "Reconciled Cost Of Revenue": 17037000.0,
        "EBITDA": 529000.0,
        "EBIT": 529000.0,
        "Net Interest Income": 40000.0,
        "Interest Expense": 5000.0,
        "Interest Income": 45000.0,
        "Normalized Income": 382996.183206,
        "Net Income From Continuing And Discontinued Operation": 470000.0,
        "Total Expenses": 22495000.0,
        "Rent Expense Supplemental": 618000.0,
        "Total Operating Income As Reported": 484000.0,
        "Diluted Average Shares": 3510000.0,
        "Basic Average Shares": 3484000.0,
        "Diluted EPS": 0.13,
        "Basic EPS": 0.13,
        "Diluted NI Availto Com Stockholders": 470000.0,
        "Net Income Common Stockholders": 470000.0,
        "Net Income": 470000.0,
        "Net Income Including Noncontrolling Interests": 470000.0,
        "Net Income Continuous Operations": 470000.0,
        "Tax Provision": 54000.0,
        "Pretax Income": 524000.0,
        "Other Income Expense": 97000.0,
        "Special Income Charges": 97000.0,
        "Gain On Sale Of Ppe": 97000.0,
        "Net Non Operating Interest Income Expense": 40000.0,
        "Interest Expense Non Operating": 5000.0,
        "Interest Income Non Operating": 45000.0,
        "Operating Income": 387000.0,
        "Operating Expense": 5458000.0,
        "Other Operating Expenses": 1232000.0,
        "Selling General And Administration": 4226000.0,
        "Selling And Marketing Expense": 2361000.0,
        "General And Administrative Expense": 1865000.0,
        "Other Gand A": 2759000.0,
        "Insurance And Claims": 1865000.0,
        "Gross Profit": 5845000.0,
        "Cost Of Revenue": 17037000.0,
        "Total Revenue": 22882000.0,
        "Operating Revenue": 22882000.0
    },
    "2022-06-30": {
        "Tax Effect Of Unusual Items": 26695.227766,
        "Tax Rate For Calcs": 0.163774,
        "Normalized EBITDA": 763000.0,
        "Total Unusual Items": 163000.0,
        "Total Unusual Items Excluding Goodwill": 163000.0,
        "Net Income From Continuing Operation Net Minority Interest": 771000.0,
        "Reconciled Depreciation": 1736000.0,
        "Reconciled Cost Of Revenue": 17255000.0,
        "EBITDA": 926000.0,
        "EBIT": 926000.0,
        "Net Interest Income": 9000.0,
        "Interest Expense": 4000.0,
        "Interest Income": 13000.0,
        "Normalized Income": 634695.227766,
        "Net Income From Continuing And Discontinued Operation": 771000.0,
        "Total Expenses": 22751000.0,
        "Rent Expense Supplemental": 651000.0,
        "Total Operating Income As Reported": 913000.0,
        "Diluted Average Shares": 3504000.0,
        "Basic Average Shares": 3483000.0,
        "Diluted EPS": 0.22,
        "Basic EPS": 0.22,
        "Diluted NI Availto Com Stockholders": 771000.0,
        "Net Income Common Stockholders": 771000.0,
        "Net Income": 771000.0,
        "Net Income Including Noncontrolling Interests": 771000.0,
        "Net Income Continuous Operations": 771000.0,
        "Tax Provision": 151000.0,
        "Pretax Income": 922000.0,
        "Other Income Expense": 163000.0,
        "Special Income Charges": 163000.0,
        "Gain On Sale Of Ppe": 163000.0,
        "Net Non Operating Interest Income Expense": 9000.0,
        "Interest Expense Non Operating": 4000.0,
        "Interest Income Non Operating": 13000.0,
        "Operating Income": 750000.0,
        "Operating Expense": 5496000.0,
        "Other Operating Expenses": 1250000.0,
        "Selling General And Administration": 4246000.0,
        "Selling And Marketing Expense": 2328000.0,
        "General And Administrative Expense": 1918000.0,
        "Other Gand A": 2839000.0,
        "Insurance And Claims": 1918000.0,
        "Gross Profit": 6246000.0,
        "Cost Of Revenue": 17255000.0,
        "Total Revenue": 23501000.0,
        "Operating Revenue": 23501000.0
    },
    "2022-03-31": {
        "Diluted EPS": -0.14,
        "Total Revenue": 21,
        "Gross Profit": 18,
        "Operating Income": -1,
        "EBIT": 1,
        "Net Income": 0
    },
    "2021-12-31": {
        "Diluted EPS": 1.74,
        "Total Revenue": 21,
        "Gross Profit": 18,
        "Operating Income": 9,
        "EBIT": 10,
        "Net Income": 6
    },
    "2021-09-30": {
        "Diluted EPS": 0.02,
        "Total Revenue": 20,
        "Gross Profit": 18,
        "Operating Income": 0,
        "EBIT": 1,
        "Net Income": 0
    },
    "2021-06-30": {
        "Diluted EPS": 0.09,
        "Total Revenue": 21,
        "Gross Profit": 18,
        "Operating Income": 0,
        "EBIT": 3,
        "Net Income": 0
    },
    "2021-03-31": {
        "Diluted EPS": 0.14,
        "Total Revenue": 20,
        "Gross Profit": 17,
        "Operating Income": 1,
        "EBIT": 3,
        "Net Income": 0
    },
    "2020-12-31": {
        "Diluted EPS": -0.07,
        "Total Revenue": 20,
        "Gross Profit": 18,
        "Operating Income": 0,
        "EBIT": 2,
        "Net Income": 0
    },
    "2020-09-30": {
        "Diluted EPS": 0.17,
        "Total Revenue": 21,
        "Gross Profit": 19,
        "Operating Income": 1,
        "EBIT": 2,
        "Net Income": 1
    },
    "2020-06-30": {
        "Diluted EPS": 0.17,
        "Total Revenue": 19,
        "Gross Profit": 17,
        "Operating Income": 1,
        "EBIT": 3,
        "Net Income": 1
    },
    "2020-03-31": {
        "Diluted EPS": -0.12,
        "Total Revenue": 24,
        "Gross Profit": 21,
        "Operating Income": -1,
        "EBIT": 2,
        "Net Income": 0
    },
    "2019-12-31": {
        "Diluted EPS": -0.14,
        "Total Revenue": 25,
        "Gross Profit": 21,
        "Operating Income": -1,
        "EBIT": 2,
        "Net Income": 0
    },
    "2019-09-30": {
        "Diluted EPS": 0.05,
        "Total Revenue": 26,
        "Gross Profit": 23,
        "Operating Income": 0,
        "EBIT": 2,
        "Net Income": 0
    },
    "2019-06-30": {
        "Diluted EPS": 0.12,
        "Total Revenue": 28,
        "Gross Profit": 24,
        "Operating Income": 0,
        "EBIT": 3,
        "Net Income": 0
    },
    "2019-03-31": {
        "Diluted EPS": 0.09,
        "Total Revenue": 27,
        "Gross Profit": 23,
        "Operating Income": 0,
        "EBIT": 2,
        "Net Income": 0
    },
    "2018-12-31": {
        "Diluted EPS": 0.27,
        "Total Revenue": 28,
        "Gross Profit": 24,
        "Operating Income": 1,
        "EBIT": 3,
        "Net Income": 1
    },
    "2018-09-30": {
        "Diluted EPS": 0.18,
        "Total Revenue": 29,
        "Gross Profit": 24,
        "Operating Income": 0,
        "EBIT": 2,
        "Net Income": 1
    },
    "2018-06-30": {
        "Diluted EPS": 0.33,
        "Total Revenue": 29,
        "Gross Profit": 25,
        "Operating Income": 1,
        "EBIT": 4,
        "Net Income": 1
    },
    "2018-03-31": {
        "Diluted EPS": -0.06,
        "Total Revenue": 28,
        "Gross Profit": 24,
        "Operating Income": 0,
        "EBIT": 2,
        "Net Income": 0
    },
    "2017-12-31": {
        "Diluted EPS": 1.09,
        "Total Revenue": 28,
        "Gross Profit": 24,
        "Operating Income": 1,
        "EBIT": 3,
        "Net Income": 4
    },
    "2017-09-30": {
        "Diluted EPS": 0.05,
        "Total Revenue": 28,
        "Gross Profit": 24,
        "Operating Income": 0,
        "EBIT": 3,
        "Net Income": 0
    },
    "2017-06-30": {
        "Diluted EPS": 0.14,
        "Total Revenue": 28,
        "Gross Profit": 24,
        "Operating Income": 1,
        "EBIT": 3,
        "Net Income": 0
    },
    "2017-03-31": {
        "Diluted EPS": 0.08,
        "Total Revenue": 27,
        "Gross Profit": 24,
        "Operating Income": 0,
        "EBIT": 3,
        "Net Income": 0
    },
    "2016-12-31": {
        "Diluted EPS": 0.28,
        "Total Revenue": 29,
        "Gross Profit": 25,
        "Operating Income": 1,
        "EBIT": 4,
        "Net Income": 1
    },
    "2016-09-30": {
        "Diluted EPS": 0.64,
        "Total Revenue": 30,
        "Gross Profit": 27,
        "Operating Income": 3,
        "EBIT": 6,
        "Net Income": 2
    },
    "2016-06-30": {
        "Diluted EPS": 0.42,
        "Total Revenue": 31,
        "Gross Profit": 27,
        "Operating Income": 2,
        "EBIT": 5,
        "Net Income": 1
    },
    "2016-03-31": {
        "Diluted EPS": 0.26,
        "Total Revenue": 29,
        "Gross Profit": 26,
        "Operating Income": 1,
        "EBIT": 4,
        "Net Income": 1
    },
    "2015-12-31": {
        "Diluted EPS": 0.42,
        "Total Revenue": 29,
        "Gross Profit": 26,
        "Operating Income": 1,
        "EBIT": 3,
        "Net Income": 1
    },
    "2015-09-30": {
        "Diluted EPS": 0.48,
        "Total Revenue": 30,
        "Gross Profit": 26,
        "Operating Income": 3,
        "EBIT": 5,
        "Net Income": 2
    },
    "2015-06-30": {
        "Diluted EPS": 0.31,
        "Total Revenue": 31,
        "Gross Profit": 26,
        "Operating Income": 2,
        "EBIT": 4,
        "Net Income": 1
    },
    "2015-03-31": {
        "Diluted EPS": -0.11,
        "Total Revenue": 30,
        "Gross Profit": 25,
        "Operating Income": -1,
        "EBIT": 2,
        "Net Income": 0
    },
    "2014-12-31": {
        "Diluted EPS": 0.34,
        "Total Revenue": 32,
        "Gross Profit": 26,
        "Operating Income": 2,
        "EBIT": 4,
        "Net Income": 1
    },
    "2014-09-30": {
        "Diluted EPS": 0.47,
        "Total Revenue": 32,
        "Gross Profit": 25,
        "Operating Income": 1,
        "EBIT": 4,
        "Net Income": 1
    },
    "2014-06-30": {
        "Diluted EPS": 0.43,
        "Total Revenue": 34,
        "Gross Profit": 26,
        "Operating Income": 2,
        "EBIT": 5,
        "Net Income": 1
    },
    "2014-03-31": {
        "Diluted EPS": 0.09,
        "Total Revenue": 32,
        "Gross Profit": 24,
        "Operating Income": 0,
        "EBIT": 3,
        "Net Income": 0
    },
    "2013-12-31": {
        "Diluted EPS": 0.0,
        "Total Revenue": 32,
        "Gross Profit": 24,
        "Operating Income": 1,
        "EBIT": 3,
        "Net Income": 1
    },
    "2013-09-30": {
        "Diluted EPS": 0.0,
        "Total Revenue": NaN,
        "Gross Profit": NaN,
        "Operating Income": NaN,
        "EBIT": NaN,
        "Net Income": NaN
    },
    "2023-06-30": {
        "Tax Effect Of Unusual Items": 107863.46397,
        "Tax Rate For Calcs": 0.249684,
        "Normalized EBITDA": 2665000.0,
        "Total Unusual Items": 432000.0,
        "Total Unusual Items Excluding Goodwill": 432000.0,
        "Net Income From Continuing Operation Net Minority Interest": 1187000.0,
        "Reconciled Depreciation": 1511000.0,
        "Reconciled Cost Of Revenue": 17665000.0,
        "EBITDA": 3097000.0,
        "EBIT": 1586000.0,
        "Net Interest Income": 83000.0,
        "Interest Expense": 4000.0,
        "Interest Income": 87000.0,
        "Normalized Income": 862863.46397,
        "Net Income From Continuing And Discontinued Operation": 1187000.0,
        "Total Expenses": 23186000.0,
        "Rent Expense Supplemental": 669000.0,
        "Total Operating Income As Reported": 1499000.0,
        "Diluted Average Shares": 3630000.0,
        "Basic Average Shares": 3527000.0,
        "Diluted EPS": 0.33,
        "Basic EPS": 0.34,
        "Diluted NI Availto Com Stockholders": 1187000.0,
        "Net Income Common Stockholders": 1187000.0,
        "Net Income": 1187000.0,
        "Net Income Including Noncontrolling Interests": 1187000.0,
        "Net Income Continuous Operations": 1187000.0,
        "Tax Provision": 395000.0,
        "Pretax Income": 1582000.0,
        "Other Income Expense": 432000.0,
        "Special Income Charges": 432000.0,
        "Gain On Sale Of Ppe": 432000.0,
        "Net Non Operating Interest Income Expense": 83000.0,
        "Interest Expense Non Operating": 4000.0,
        "Interest Income Non Operating": 87000.0,
        "Operating Income": 1067000.0,
        "Operating Expense": 5521000.0,
        "Other Operating Expenses": 1160000.0,
        "Selling General And Administration": 4361000.0,
        "Selling And Marketing Expense": 2709000.0,
        "General And Administrative Expense": 1652000.0,
        "Other Gand A": NaN,
        "Insurance And Claims": 1652000.0,
        "Gross Profit": 6588000.0,
        "Cost Of Revenue": 17665000.0,
        "Total Revenue": 24253000.0,
        "Operating Revenue": 24253000.0
    },
    "2023-09-30": {
        "Tax Effect Of Unusual Items": 58889.552239,
        "Tax Rate For Calcs": 0.214925,
        "Normalized EBITDA": 401000.0,
        "Total Unusual Items": 274000.0,
        "Total Unusual Items Excluding Goodwill": 274000.0,
        "Net Income From Continuing Operation Net Minority Interest": 526000.0,
        "Reconciled Depreciation": NaN,
        "Reconciled Cost Of Revenue": 17718000.0,
        "EBITDA": 675000.0,
        "EBIT": 675000.0,
        "Net Interest Income": 91000.0,
        "Interest Expense": 5000.0,
        "Interest Income": 96000.0,
        "Normalized Income": 310889.552239,
        "Net Income From Continuing And Discontinued Operation": 526000.0,
        "Total Expenses": 23912000.0,
        "Rent Expense Supplemental": 618000.0,
        "Total Operating Income As Reported": 579000.0,
        "Diluted Average Shares": 3624000.0,
        "Basic Average Shares": 3526000.0,
        "Diluted EPS": 0.15,
        "Basic EPS": 0.15,
        "Diluted NI Availto Com Stockholders": 526000.0,
        "Net Income Common Stockholders": 526000.0,
        "Net Income": 526000.0,
        "Net Income Including Noncontrolling Interests": 526000.0,
        "Net Income Continuous Operations": 526000.0,
        "Tax Provision": 144000.0,
        "Pretax Income": 670000.0,
        "Other Income Expense": 274000.0,
        "Special Income Charges": 274000.0,
        "Gain On Sale Of Ppe": 274000.0,
        "Net Non Operating Interest Income Expense": 91000.0,
        "Interest Expense Non Operating": 5000.0,
        "Interest Income Non Operating": 96000.0,
        "Operating Income": 305000.0,
        "Operating Expense": 6194000.0,
        "Other Operating Expenses": 1550000.0,
        "Selling General And Administration": 4644000.0,
        "Selling And Marketing Expense": 2860000.0,
        "General And Administrative Expense": 1784000.0,
        "Other Gand A": NaN,
        "Insurance And Claims": 1784000.0,
        "Gross Profit": 6499000.0,
        "Cost Of Revenue": 17718000.0,
        "Total Revenue": 24217000.0,
        "Operating Revenue": 24217000.0
    }
}