{
    "2023-06-30": {
        "Tax Effect Of Unusual Items": NaN,
        "Tax Rate For Calcs": NaN,
        "Normalized EBITDA": NaN,
        "Net Income From Continuing Operation Net Minority Interest": NaN,
        "Reconciled Depreciation": NaN,
        "Reconciled Cost Of Revenue": NaN,
        "EBITDA": NaN,
        "EBIT": NaN,
        "Net Interest Income": NaN,
        "Interest Expense": NaN,
        "Normalized Income": NaN,
        "Net Income From Continuing And Discontinued Operation": NaN,
        "Total Expenses": NaN,
        "Total Operating Income As Reported": NaN,
        "Diluted Average Shares": NaN,
        "Basic Average Shares": NaN,
        "Diluted EPS": NaN,
        "Basic EPS": NaN,
        "Diluted NI Availto Com Stockholders": NaN,
        "Average Dilution Earnings": NaN,
        "Net Income Common Stockholders": NaN,
        "Net Income": NaN,
        "Net Income Including Noncontrolling Interests": NaN,
        "Net Income Continuous Operations": NaN,
        "Tax Provision": NaN,
        "Pretax Income": NaN,
        "Net Non Operating Interest Income Expense": NaN,
        "Interest Expense Non Operating": NaN,
        "Operating Income": NaN,
        "Operating Expense": NaN,
        "Other Operating Expenses": 36031000.0,
        "Depreciation Amortization Depletion Income Statement": NaN,
        "Depreciation And Amortization In Income Statement": NaN,
        "Amortization": NaN,
        "Amortization Of Intangibles Income Statement": NaN,
        "Selling General And Administration": NaN,
        "Selling And Marketing Expense": NaN,
        "General And Administrative Expense": NaN,
        "Other Gand A": NaN,
        "Gross Profit": NaN,
        "Cost Of Revenue": NaN,
        "Total Revenue": NaN,
        "Operating Revenue": NaN
    },
    "2023-03-31": {
        "Tax Effect Of Unusual Items": NaN,
        "Tax Rate For Calcs": NaN,
        "Normalized EBITDA": NaN,
        "Net Income From Continuing Operation Net Minority Interest": NaN,
        "Reconciled Depreciation": NaN,
        "Reconciled Cost Of Revenue": NaN,
        "EBITDA": NaN,
        "EBIT": NaN,
        "Net Interest Income": NaN,
        "Interest Expense": NaN,
        "Normalized Income": NaN,
        "Net Income From Continuing And Discontinued Operation": NaN,
        "Total Expenses": NaN,
        "Total Operating Income As Reported": NaN,
        "Diluted Average Shares": NaN,
        "Basic Average Shares": NaN,
        "Diluted EPS": NaN,
        "Basic EPS": NaN,
        "Diluted NI Availto Com Stockholders": NaN,
        "Average Dilution Earnings": NaN,
        "Net Income Common Stockholders": NaN,
        "Net Income": NaN,
        "Net Income Including Noncontrolling Interests": NaN,
        "Net Income Continuous Operations": NaN,
        "Tax Provision": NaN,
        "Pretax Income": NaN,
        "Net Non Operating Interest Income Expense": NaN,
        "Interest Expense Non Operating": NaN,
        "Operating Income": NaN,
        "Operating Expense": NaN,
        "Other Operating Expenses": 35845000.0,
        "Depreciation Amortization Depletion Income Statement": NaN,
        "Depreciation And Amortization In Income Statement": NaN,
        "Amortization": NaN,
        "Amortization Of Intangibles Income Statement": NaN,
        "Selling General And Administration": NaN,
        "Selling And Marketing Expense": NaN,
        "General And Administrative Expense": NaN,
        "Other Gand A": NaN,
        "Gross Profit": NaN,
        "Cost Of Revenue": NaN,
        "Total Revenue": NaN,
        "Operating Revenue": NaN
    },
    "2022-12-31": {
        "Tax Effect Of Unusual Items": NaN,
        "Tax Rate For Calcs": NaN,
        "Normalized EBITDA": NaN,
        "Net Income From Continuing Operation Net Minority Interest": NaN,
        "Reconciled Depreciation": NaN,
        "Reconciled Cost Of Revenue": NaN,
        "EBITDA": NaN,
        "EBIT": NaN,
        "Net Interest Income": NaN,
        "Interest Expense": NaN,
        "Normalized Income": NaN,
        "Net Income From Continuing And Discontinued Operation": NaN,
        "Total Expenses": NaN,
        "Total Operating Income As Reported": NaN,
        "Diluted Average Shares": NaN,
        "Basic Average Shares": NaN,
        "Diluted EPS": NaN,
        "Basic EPS": NaN,
        "Diluted NI Availto Com Stockholders": NaN,
        "Average Dilution Earnings": NaN,
        "Net Income Common Stockholders": NaN,
        "Net Income": NaN,
        "Net Income Including Noncontrolling Interests": NaN,
        "Net Income Continuous Operations": NaN,
        "Tax Provision": NaN,
        "Pretax Income": NaN,
        "Net Non Operating Interest Income Expense": NaN,
        "Interest Expense Non Operating": NaN,
        "Operating Income": NaN,
        "Operating Expense": NaN,
        "Other Operating Expenses": NaN,
        "Depreciation Amortization Depletion Income Statement": NaN,
        "Depreciation And Amortization In Income Statement": NaN,
        "Amortization": NaN,
        "Amortization Of Intangibles Income Statement": NaN,
        "Selling General And Administration": NaN,
        "Selling And Marketing Expense": 37813000.0,
        "General And Administrative Expense": 76544000.0,
        "Other Gand A": 76544000.0,
        "Gross Profit": NaN,
        "Cost Of Revenue": NaN,
        "Total Revenue": NaN,
        "Operating Revenue": NaN
    },
    "2022-09-30": {
        "Tax Effect Of Unusual Items": NaN,
        "Tax Rate For Calcs": NaN,
        "Normalized EBITDA": NaN,
        "Net Income From Continuing Operation Net Minority Interest": NaN,
        "Reconciled Depreciation": NaN,
        "Reconciled Cost Of Revenue": NaN,
        "EBITDA": NaN,
        "EBIT": NaN,
        "Net Interest Income": NaN,
        "Interest Expense": NaN,
        "Normalized Income": NaN,
        "Net Income From Continuing And Discontinued Operation": NaN,
        "Total Expenses": NaN,
        "Total Operating Income As Reported": NaN,
        "Diluted Average Shares": NaN,
        "Basic Average Shares": NaN,
        "Diluted EPS": NaN,
        "Basic EPS": NaN,
        "Diluted NI Availto Com Stockholders": NaN,
        "Average Dilution Earnings": NaN,
        "Net Income Common Stockholders": NaN,
        "Net Income": NaN,
        "Net Income Including Noncontrolling Interests": NaN,
        "Net Income Continuous Operations": NaN,
        "Tax Provision": NaN,
        "Pretax Income": NaN,
        "Net Non Operating Interest Income Expense": NaN,
        "Interest Expense Non Operating": NaN,
        "Operating Income": NaN,
        "Operating Expense": NaN,
        "Other Operating Expenses": NaN,
        "Depreciation Amortization Depletion Income Statement": NaN,
        "Depreciation And Amortization In Income Statement": NaN,
        "Amortization": NaN,
        "Amortization Of Intangibles Income Statement": NaN,
        "Selling General And Administration": NaN,
        "Selling And Marketing Expense": 39997000.0,
        "General And Administrative Expense": 84924000.0,
        "Other Gand A": 84924000.0,
        "Gross Profit": NaN,
        "Cost Of Revenue": NaN,
        "Total Revenue": NaN,
        "Operating Revenue": NaN
    },
    "2022-06-30": {
        "Tax Effect Of Unusual Items": 0.0,
        "Tax Rate For Calcs": 0.26818,
        "Normalized EBITDA": 206801000.0,
        "Net Income From Continuing Operation Net Minority Interest": 116524000.0,
        "Reconciled Depreciation": 32774000.0,
        "Reconciled Cost Of Revenue": 1134360000.0,
        "EBITDA": 206801000.0,
        "EBIT": 174027000.0,
        "Net Interest Income": -14802000.0,
        "Interest Expense": 14802000.0,
        "Normalized Income": 116524000.0,
        "Net Income From Continuing And Discontinued Operation": 116524000.0,
        "Total Expenses": 1301666000.0,
        "Total Operating Income As Reported": 174027000.0,
        "Diluted Average Shares": 24444000.0,
        "Basic Average Shares": 22230000.0,
        "Diluted EPS": 4.79,
        "Basic EPS": 5.24,
        "Diluted NI Availto Com Stockholders": 116524000.0,
        "Average Dilution Earnings": 481000.0,
        "Net Income Common Stockholders": 116524000.0,
        "Net Income": 116524000.0,
        "Net Income Including Noncontrolling Interests": 116524000.0,
        "Net Income Continuous Operations": 116524000.0,
        "Tax Provision": 42701000.0,
        "Pretax Income": 159225000.0,
        "Net Non Operating Interest Income Expense": -14802000.0,
        "Interest Expense Non Operating": 14802000.0,
        "Operating Income": 174027000.0,
        "Operating Expense": 153077000.0,
        "Other Operating Expenses": 44047000.0,
        "Depreciation Amortization Depletion Income Statement": 18545000.0,
        "Depreciation And Amortization In Income Statement": 18545000.0,
        "Amortization": 18545000.0,
        "Amortization Of Intangibles Income Statement": 18545000.0,
        "Selling General And Administration": 90485000.0,
        "Selling And Marketing Expense": 44047000.0,
        "General And Administrative Expense": 90485000.0,
        "Other Gand A": 90485000.0,
        "Gross Profit": 327104000.0,
        "Cost Of Revenue": 1148589000.0,
        "Total Revenue": 1475693000.0,
        "Operating Revenue": 1475693000.0
    },
    "2022-03-31": {
        "Diluted EPS": 4.54,
        "Total Revenue": NaN,
        "Gross Profit": 295,
        "Operating Income": 162,
        "EBIT": 192,
        "Net Income": 113
    },
    "2021-12-31": {
        "Diluted EPS": 2.62,
        "Total Revenue": NaN,
        "Gross Profit": 227,
        "Operating Income": 95,
        "EBIT": 126,
        "Net Income": 61
    },
    "2021-09-30": {
        "Diluted EPS": 2.45,
        "Total Revenue": NaN,
        "Gross Profit": 208,
        "Operating Income": 93,
        "EBIT": 123,
        "Net Income": 57
    },
    "2021-06-30": {
        "Diluted EPS": 2.52,
        "Total Revenue": NaN,
        "Gross Profit": 204,
        "Operating Income": 95,
        "EBIT": 123,
        "Net Income": 59
    },
    "2021-03-31": {
        "Diluted EPS": 2.04,
        "Total Revenue": 850,
        "Gross Profit": 162,
        "Operating Income": 68,
        "EBIT": 93,
        "Net Income": 48
    },
    "2020-12-31": {
        "Diluted EPS": 1.64,
        "Total Revenue": 773,
        "Gross Profit": 142,
        "Operating Income": 62,
        "EBIT": 84,
        "Net Income": 38
    },
    "2020-09-30": {
        "Diluted EPS": 1.62,
        "Total Revenue": 701,
        "Gross Profit": 133,
        "Operating Income": 60,
        "EBIT": 80,
        "Net Income": 37
    },
    "2020-06-30": {
        "Diluted EPS": 0.03,
        "Total Revenue": 424,
        "Gross Profit": 74,
        "Operating Income": 12,
        "EBIT": 31,
        "Net Income": 1
    },
    "2020-03-31": {
        "Diluted EPS": 0.91,
        "Total Revenue": 589,
        "Gross Profit": 109,
        "Operating Income": 39,
        "EBIT": 58,
        "Net Income": 21
    },
    "2019-12-31": {
        "Diluted EPS": 0.85,
        "Total Revenue": 549,
        "Gross Profit": 99,
        "Operating Income": 36,
        "EBIT": 54,
        "Net Income": 20
    },
    "2019-09-30": {
        "Diluted EPS": 0.92,
        "Total Revenue": 566,
        "Gross Profit": 104,
        "Operating Income": 37,
        "EBIT": 55,
        "Net Income": 21
    },
    "2019-06-30": {
        "Diluted EPS": 1.18,
        "Total Revenue": 613,
        "Gross Profit": 113,
        "Operating Income": 45,
        "EBIT": 62,
        "Net Income": 27
    },
    "2019-03-31": {
        "Diluted EPS": 0.9,
        "Total Revenue": 608,
        "Gross Profit": 107,
        "Operating Income": 36,
        "EBIT": 53,
        "Net Income": 21
    },
    "2018-12-31": {
        "Diluted EPS": 1.16,
        "Total Revenue": 531,
        "Gross Profit": 97,
        "Operating Income": 39,
        "EBIT": 55,
        "Net Income": 27
    },
    "2018-09-30": {
        "Diluted EPS": 1.15,
        "Total Revenue": 575,
        "Gross Profit": 107,
        "Operating Income": 45,
        "EBIT": 61,
        "Net Income": 28
    },
    "2018-06-30": {
        "Diluted EPS": 1.42,
        "Total Revenue": 605,
        "Gross Profit": 115,
        "Operating Income": 53,
        "EBIT": 69,
        "Net Income": 35
    },
    "2018-03-31": {
        "Diluted EPS": 1.2,
        "Total Revenue": 552,
        "Gross Profit": 98,
        "Operating Income": 42,
        "EBIT": 54,
        "Net Income": 30
    },
    "2017-12-31": {
        "Diluted EPS": 1.16,
        "Total Revenue": 476,
        "Gross Profit": 81,
        "Operating Income": 34,
        "EBIT": 43,
        "Net Income": 29
    },
    "2017-09-30": {
        "Diluted EPS": 0.72,
        "Total Revenue": 408,
        "Gross Profit": 69,
        "Operating Income": 30,
        "EBIT": 39,
        "Net Income": 18
    },
    "2017-06-30": {
        "Diluted EPS": 0.85,
        "Total Revenue": 407,
        "Gross Profit": 72,
        "Operating Income": 34,
        "EBIT": 42,
        "Net Income": 21
    },
    "2017-03-31": {
        "Diluted EPS": 0.75,
        "Total Revenue": 345,
        "Gross Profit": 58,
        "Operating Income": 24,
        "EBIT": 31,
        "Net Income": 17
    },
    "2016-12-31": {
        "Diluted EPS": 0.6,
        "Total Revenue": 324,
        "Gross Profit": 53,
        "Operating Income": 22,
        "EBIT": 29,
        "Net Income": 14
    },
    "2016-09-30": {
        "Diluted EPS": 0.53,
        "Total Revenue": 304,
        "Gross Profit": 49,
        "Operating Income": 20,
        "EBIT": 27,
        "Net Income": 12
    },
    "2016-06-30": {
        "Diluted EPS": 0.74,
        "Total Revenue": 315,
        "Gross Profit": 55,
        "Operating Income": 28,
        "EBIT": 34,
        "Net Income": 17
    },
    "2016-03-31": {
        "Diluted EPS": 0.57,
        "Total Revenue": 279,
        "Gross Profit": 45,
        "Operating Income": 21,
        "EBIT": 26,
        "Net Income": 13
    },
    "2015-12-31": {
        "Diluted EPS": 0.51,
        "Total Revenue": 249,
        "Gross Profit": 41,
        "Operating Income": 19,
        "EBIT": 23,
        "Net Income": 12
    },
    "2015-09-30": {
        "Diluted EPS": 0.39,
        "Total Revenue": 215,
        "Gross Profit": 35,
        "Operating Income": 15,
        "EBIT": 20,
        "Net Income": 9
    },
    "2015-06-30": {
        "Diluted EPS": 0.52,
        "Total Revenue": 233,
        "Gross Profit": 40,
        "Operating Income": 20,
        "EBIT": 24,
        "Net Income": 12
    },
    "2015-03-31": {
        "Diluted EPS": 0.39,
        "Total Revenue": 223,
        "Gross Profit": 35,
        "Operating Income": 16,
        "EBIT": 19,
        "Net Income": 9
    },
    "2014-12-31": {
        "Diluted EPS": 0.31,
        "Total Revenue": 190,
        "Gross Profit": 30,
        "Operating Income": 12,
        "EBIT": 15,
        "Net Income": 7
    },
    "2014-09-30": {
        "Diluted EPS": 0.3,
        "Total Revenue": 188,
        "Gross Profit": 30,
        "Operating Income": 12,
        "EBIT": 15,
        "Net Income": 7
    },
    "2014-06-30": {
        "Diluted EPS": 0.38,
        "Total Revenue": 188,
        "Gross Profit": 32,
        "Operating Income": 16,
        "EBIT": 18,
        "Net Income": 9
    },
    "2014-03-31": {
        "Diluted EPS": 0.28,
        "Total Revenue": 170,
        "Gross Profit": 27,
        "Operating Income": 12,
        "EBIT": 14,
        "Net Income": 7
    },
    "2013-12-31": {
        "Diluted EPS": 0.21,
        "Total Revenue": 147,
        "Gross Profit": 22,
        "Operating Income": 9,
        "EBIT": 11,
        "Net Income": 5
    },
    "2013-09-30": {
        "Diluted EPS": 0.23,
        "Total Revenue": 147,
        "Gross Profit": 22,
        "Operating Income": 9,
        "EBIT": 11,
        "Net Income": 5
    },
    "2013-06-30": {
        "Diluted EPS": 0.31,
        "Total Revenue": 160,
        "Gross Profit": 25,
        "Operating Income": 13,
        "EBIT": 15,
        "Net Income": 8
    },
    "2013-03-31": {
        "Diluted EPS": 0.24,
        "Total Revenue": 142,
        "Gross Profit": 22,
        "Operating Income": 10,
        "EBIT": 12,
        "Net Income": 6
    },
    "2012-12-31": {
        "Diluted EPS": 0.16,
        "Total Revenue": 106,
        "Gross Profit": 15,
        "Operating Income": 5,
        "EBIT": 7,
        "Net Income": 3
    },
    "2012-09-30": {
        "Diluted EPS": 0.27,
        "Total Revenue": 113,
        "Gross Profit": 17,
        "Operating Income": 7,
        "EBIT": 9,
        "Net Income": 7
    },
    "2012-06-30": {
        "Diluted EPS": 0.54,
        "Total Revenue": 116,
        "Gross Profit": 18,
        "Operating Income": 8,
        "EBIT": 9,
        "Net Income": 13
    },
    "2012-03-31": {
        "Diluted EPS": 0.21,
        "Total Revenue": 103,
        "Gross Profit": 16,
        "Operating Income": 8,
        "EBIT": 9,
        "Net Income": 5
    },
    "2011-12-31": {
        "Diluted EPS": 0.07,
        "Total Revenue": 78,
        "Gross Profit": 11,
        "Operating Income": 3,
        "EBIT": 5,
        "Net Income": 1
    },
    "2011-09-30": {
        "Diluted EPS": 0.2,
        "Total Revenue": 77,
        "Gross Profit": 13,
        "Operating Income": 5,
        "EBIT": 7,
        "Net Income": 5
    },
    "2011-06-30": {
        "Diluted EPS": 0.16,
        "Total Revenue": 83,
        "Gross Profit": 12,
        "Operating Income": 4,
        "EBIT": 6,
        "Net Income": 4
    },
    "2011-03-31": {
        "Diluted EPS": -0.06,
        "Total Revenue": 69,
        "Gross Profit": 8,
        "Operating Income": 1,
        "EBIT": 3,
        "Net Income": -1
    },
    "2010-12-31": {
        "Diluted EPS": -0.04,
        "Total Revenue": 58,
        "Gross Profit": 6,
        "Operating Income": 0,
        "EBIT": 2,
        "Net Income": -1
    },
    "2010-09-30": {
        "Diluted EPS": -0.03,
        "Total Revenue": 73,
        "Gross Profit": 8,
        "Operating Income": 1,
        "EBIT": 2,
        "Net Income": -1
    },
    "2010-06-30": {
        "Diluted EPS": 0.08,
        "Total Revenue": 84,
        "Gross Profit": 10,
        "Operating Income": 3,
        "EBIT": 5,
        "Net Income": 2
    },
    "2010-03-31": {
        "Diluted EPS": 0.04,
        "Total Revenue": 64,
        "Gross Profit": 6,
        "Operating Income": 3,
        "EBIT": 4,
        "Net Income": 1
    },
    "2009-12-31": {
        "Diluted EPS": 0.04,
        "Total Revenue": 53,
        "Gross Profit": 6,
        "Operating Income": 2,
        "EBIT": 4,
        "Net Income": 1
    },
    "2009-09-30": {
        "Diluted EPS": -0.03,
        "Total Revenue": 58,
        "Gross Profit": 7,
        "Operating Income": 2,
        "EBIT": 3,
        "Net Income": -1
    },
    "2009-06-30": {
        "Diluted EPS": -0.03,
        "Total Revenue": 56,
        "Gross Profit": 6,
        "Operating Income": 1,
        "EBIT": 2,
        "Net Income": -1
    },
    "2009-03-31": {
        "Diluted EPS": -0.2,
        "Total Revenue": 45,
        "Gross Profit": 4,
        "Operating Income": -3,
        "EBIT": -1,
        "Net Income": -4
    },
    "2023-09-30": {
        "Tax Effect Of Unusual Items": NaN,
        "Tax Rate For Calcs": NaN,
        "Normalized EBITDA": NaN,
        "Net Income From Continuing Operation Net Minority Interest": NaN,
        "Reconciled Depreciation": NaN,
        "Reconciled Cost Of Revenue": NaN,
        "EBITDA": NaN,
        "EBIT": NaN,
        "Net Interest Income": NaN,
        "Interest Expense": NaN,
        "Normalized Income": NaN,
        "Net Income From Continuing And Discontinued Operation": NaN,
        "Total Expenses": NaN,
        "Total Operating Income As Reported": NaN,
        "Diluted Average Shares": NaN,
        "Basic Average Shares": NaN,
        "Diluted EPS": NaN,
        "Basic EPS": NaN,
        "Diluted NI Availto Com Stockholders": NaN,
        "Average Dilution Earnings": NaN,
        "Net Income Common Stockholders": NaN,
        "Net Income": NaN,
        "Net Income Including Noncontrolling Interests": NaN,
        "Net Income Continuous Operations": NaN,
        "Tax Provision": NaN,
        "Pretax Income": NaN,
        "Net Non Operating Interest Income Expense": NaN,
        "Interest Expense Non Operating": NaN,
        "Operating Income": NaN,
        "Operating Expense": NaN,
        "Other Operating Expenses": 37664000.0,
        "Depreciation Amortization Depletion Income Statement": NaN,
        "Depreciation And Amortization In Income Statement": NaN,
        "Amortization": NaN,
        "Amortization Of Intangibles Income Statement": NaN,
        "Selling General And Administration": NaN,
        "Selling And Marketing Expense": NaN,
        "General And Administrative Expense": NaN,
        "Other Gand A": NaN,
        "Gross Profit": NaN,
        "Cost Of Revenue": NaN,
        "Total Revenue": NaN,
        "Operating Revenue": NaN
    },
    "2023-12-31": {
        "Tax Effect Of Unusual Items": NaN,
        "Tax Rate For Calcs": NaN,
        "Normalized EBITDA": NaN,
        "Net Income From Continuing Operation Net Minority Interest": NaN,
        "Reconciled Depreciation": NaN,
        "Reconciled Cost Of Revenue": NaN,
        "EBITDA": NaN,
        "EBIT": NaN,
        "Net Interest Income": NaN,
        "Interest Expense": NaN,
        "Normalized Income": NaN,
        "Net Income From Continuing And Discontinued Operation": NaN,
        "Total Expenses": NaN,
        "Total Operating Income As Reported": NaN,
        "Diluted Average Shares": NaN,
        "Basic Average Shares": NaN,
        "Diluted EPS": NaN,
        "Basic EPS": NaN,
        "Diluted NI Availto Com Stockholders": NaN,
        "Average Dilution Earnings": 0.0,
        "Net Income Common Stockholders": NaN,
        "Net Income": NaN,
        "Net Income Including Noncontrolling Interests": NaN,
        "Net Income Continuous Operations": NaN,
        "Tax Provision": NaN,
        "Pretax Income": NaN,
        "Other Income Expense": NaN,
        "Other Non Operating Income Expenses": NaN,
        "Net Non Operating Interest Income Expense": NaN,
        "Interest Expense Non Operating": NaN,
        "Operating Income": NaN,
        "Operating Expense": NaN,
        "Other Operating Expenses": 34381000.0,
        "Depreciation Amortization Depletion Income Statement": NaN,
        "Depreciation And Amortization In Income Statement": NaN,
        "Amortization": NaN,
        "Amortization Of Intangibles Income Statement": NaN,
        "Selling General And Administration": NaN,
        "Selling And Marketing Expense": NaN,
        "General And Administrative Expense": NaN,
        "Other Gand A": NaN,
        "Gross Profit": NaN,
        "Cost Of Revenue": NaN,
        "Total Revenue": NaN,
        "Operating Revenue": NaN
    },
    "2024-03-31": {
        "Tax Effect Of Unusual Items": NaN,
        "Tax Rate For Calcs": NaN,
        "Normalized EBITDA": NaN,
        "Net Income From Continuing Operation Net Minority Interest": NaN,
        "Reconciled Depreciation": NaN,
        "Reconciled Cost Of Revenue": NaN,
        "EBITDA": NaN,
        "EBIT": NaN,
        "Net Interest Income": NaN,
        "Interest Expense": NaN,
        "Normalized Income": NaN,
        "Net Income From Continuing And Discontinued Operation": NaN,
        "Total Expenses": NaN,
        "Total Operating Income As Reported": NaN,
        "Diluted Average Shares": NaN,
        "Basic Average Shares": NaN,
        "Diluted EPS": NaN,
        "Basic EPS": NaN,
        "Diluted NI Availto Com Stockholders": NaN,
        "Average Dilution Earnings": 0.0,
        "Net Income Common Stockholders": NaN,
        "Net Income": NaN,
        "Net Income Including Noncontrolling Interests": NaN,
        "Net Income Continuous Operations": NaN,
        "Tax Provision": NaN,
        "Pretax Income": NaN,
        "Other Income Expense": NaN,
        "Other Non Operating Income Expenses": NaN,
        "Net Non Operating Interest Income Expense": NaN,
        "Interest Expense Non Operating": NaN,
        "Operating Income": NaN,
        "Operating Expense": NaN,
        "Other Operating Expenses": 37449000.0,
        "Depreciation Amortization Depletion Income Statement": NaN,
        "Depreciation And Amortization In Income Statement": NaN,
        "Amortization": NaN,
        "Amortization Of Intangibles Income Statement": NaN,
        "Selling General And Administration": NaN,
        "Selling And Marketing Expense": NaN,
        "General And Administrative Expense": NaN,
        "Other Gand A": NaN,
        "Gross Profit": NaN,
        "Cost Of Revenue": NaN,
        "Total Revenue": NaN,
        "Operating Revenue": NaN
    },
    "2024-06-30": {
        "Tax Effect Of Unusual Items": NaN,
        "Tax Rate For Calcs": NaN,
        "Normalized EBITDA": NaN,
        "Net Income From Continuing Operation Net Minority Interest": NaN,
        "Reconciled Depreciation": NaN,
        "Reconciled Cost Of Revenue": NaN,
        "EBITDA": NaN,
        "EBIT": NaN,
        "Net Interest Income": NaN,
        "Interest Expense": NaN,
        "Normalized Income": NaN,
        "Net Income From Continuing And Discontinued Operation": NaN,
        "Total Expenses": NaN,
        "Total Operating Income As Reported": NaN,
        "Diluted Average Shares": NaN,
        "Basic Average Shares": NaN,
        "Diluted EPS": NaN,
        "Basic EPS": NaN,
        "Diluted NI Availto Com Stockholders": NaN,
        "Average Dilution Earnings": 0.0,
        "Net Income Common Stockholders": NaN,
        "Net Income": NaN,
        "Net Income Including Noncontrolling Interests": NaN,
        "Net Income Continuous Operations": NaN,
        "Tax Provision": NaN,
        "Pretax Income": NaN,
        "Other Income Expense": NaN,
        "Other Non Operating Income Expenses": NaN,
        "Net Non Operating Interest Income Expense": NaN,
        "Interest Expense Non Operating": NaN,
        "Operating Income": NaN,
        "Operating Expense": NaN,
        "Other Operating Expenses": NaN,
        "Depreciation Amortization Depletion Income Statement": NaN,
        "Depreciation And Amortization In Income Statement": NaN,
        "Amortization": NaN,
        "Amortization Of Intangibles Income Statement": NaN,
        "Selling General And Administration": NaN,
        "Selling And Marketing Expense": NaN,
        "General And Administrative Expense": NaN,
        "Other Gand A": NaN,
        "Gross Profit": NaN,
        "Cost Of Revenue": NaN,
        "Total Revenue": NaN,
        "Operating Revenue": NaN
    },
    "2024-09-30": {
        "Tax Effect Of Unusual Items": 0.0,
        "Tax Rate For Calcs": 0.248,
        "Normalized EBITDA": 116603000.0,
        "Net Income From Continuing Operation Net Minority Interest": 40866000.0,
        "Reconciled Depreciation": 42186000.0,
        "Reconciled Cost Of Revenue": 689193000.0,
        "EBITDA": 116603000.0,
        "EBIT": 74417000.0,
        "Net Interest Income": -20050000.0,
        "Interest Expense": 20050000.0,
        "Normalized Income": 40866000.0,
        "Net Income From Continuing And Discontinued Operation": 40866000.0,
        "Total Expenses": 845027000.0,
        "Total Operating Income As Reported": 74417000.0,
        "Diluted Average Shares": 33961500.0,
        "Basic Average Shares": 32610000.0,
        "Diluted EPS": 1.2,
        "Basic EPS": 1.253333,
        "Diluted NI Availto Com Stockholders": 40866000.0,
        "Average Dilution Earnings": 0.0,
        "Net Income Common Stockholders": 40866000.0,
        "Net Income": 40866000.0,
        "Net Income Including Noncontrolling Interests": 40866000.0,
        "Net Income Continuous Operations": 40866000.0,
        "Tax Provision": 13501000.0,
        "Pretax Income": 54367000.0,
        "Other Income Expense": NaN,
        "Other Non Operating Income Expenses": NaN,
        "Net Non Operating Interest Income Expense": -20050000.0,
        "Interest Expense Non Operating": 20050000.0,
        "Operating Income": 74417000.0,
        "Operating Expense": 138097000.0,
        "Other Operating Expenses": NaN,
        "Depreciation Amortization Depletion Income Statement": 24449000.0,
        "Depreciation And Amortization In Income Statement": 24449000.0,
        "Amortization": 24449000.0,
        "Amortization Of Intangibles Income Statement": 24449000.0,
        "Selling General And Administration": 113648000.0,
        "Selling And Marketing Expense": 37865000.0,
        "General And Administrative Expense": 75783000.0,
        "Other Gand A": 75783000.0,
        "Gross Profit": 212514000.0,
        "Cost Of Revenue": 706930000.0,
        "Total Revenue": 919444000.0,
        "Operating Revenue": 919444000.0
    },
    "2024-12-31": {
        "Tax Effect Of Unusual Items": 0.0,
        "Tax Rate For Calcs": 0.293472,
        "Normalized EBITDA": 82135000.0,
        "Net Income From Continuing Operation Net Minority Interest": 14558000.0,
        "Reconciled Depreciation": 42543000.0,
        "Reconciled Cost Of Revenue": 641083000.0,
        "EBITDA": 82135000.0,
        "EBIT": 39592000.0,
        "Net Interest Income": -18987000.0,
        "Interest Expense": 18987000.0,
        "Normalized Income": 14558000.0,
        "Net Income From Continuing And Discontinued Operation": 14558000.0,
        "Total Expenses": 806531000.0,
        "Total Operating Income As Reported": 39592000.0,
        "Diluted Average Shares": 34447000.0,
        "Basic Average Shares": 32597000.0,
        "Diluted EPS": 0.42,
        "Basic EPS": 0.45,
        "Diluted NI Availto Com Stockholders": 14558000.0,
        "Average Dilution Earnings": 0.0,
        "Net Income Common Stockholders": 14558000.0,
        "Net Income": 14558000.0,
        "Net Income Including Noncontrolling Interests": 14558000.0,
        "Net Income Continuous Operations": 14558000.0,
        "Tax Provision": 6047000.0,
        "Pretax Income": 20605000.0,
        "Other Income Expense": NaN,
        "Other Non Operating Income Expenses": NaN,
        "Net Non Operating Interest Income Expense": -18987000.0,
        "Interest Expense Non Operating": 18987000.0,
        "Operating Income": 39592000.0,
        "Operating Expense": 147635000.0,
        "Other Operating Expenses": NaN,
        "Depreciation Amortization Depletion Income Statement": 24730000.0,
        "Depreciation And Amortization In Income Statement": 24730000.0,
        "Amortization": 24730000.0,
        "Amortization Of Intangibles Income Statement": 24730000.0,
        "Selling General And Administration": 122905000.0,
        "Selling And Marketing Expense": 41768000.0,
        "General And Administrative Expense": 81137000.0,
        "Other Gand A": 81137000.0,
        "Gross Profit": 187227000.0,
        "Cost Of Revenue": 658896000.0,
        "Total Revenue": 846123000.0,
        "Operating Revenue": 846123000.0
    },
    "2025-03-31": {
        "Tax Effect Of Unusual Items": 0.0,
        "Tax Rate For Calcs": 0.177,
        "Normalized EBITDA": 108215000.0,
        "Net Income From Continuing Operation Net Minority Interest": 38238000.0,
        "Reconciled Depreciation": 42646000.0,
        "Reconciled Cost Of Revenue": 756692000.0,
        "EBITDA": 108215000.0,
        "EBIT": 65569000.0,
        "Net Interest Income": -19112000.0,
        "Interest Expense": 19112000.0,
        "Normalized Income": 38238000.0,
        "Net Income From Continuing And Discontinued Operation": 38238000.0,
        "Total Expenses": 937851000.0,
        "Total Operating Income As Reported": 65569000.0,
        "Diluted Average Shares": 34416000.0,
        "Basic Average Shares": 32671000.0,
        "Diluted EPS": 1.11,
        "Basic EPS": 1.17,
        "Diluted NI Availto Com Stockholders": 38238000.0,
        "Average Dilution Earnings": NaN,
        "Net Income Common Stockholders": 38238000.0,
        "Net Income": 38238000.0,
        "Net Income Including Noncontrolling Interests": 38238000.0,
        "Net Income Continuous Operations": 38238000.0,
        "Tax Provision": 8219000.0,
        "Pretax Income": 46457000.0,
        "Other Income Expense": NaN,
        "Other Non Operating Income Expenses": NaN,
        "Net Non Operating Interest Income Expense": -19112000.0,
        "Interest Expense Non Operating": 19112000.0,
        "Operating Income": 65569000.0,
        "Operating Expense": 163022000.0,
        "Other Operating Expenses": NaN,
        "Depreciation Amortization Depletion Income Statement": 24509000.0,
        "Depreciation And Amortization In Income Statement": 24509000.0,
        "Amortization": 24509000.0,
        "Amortization Of Intangibles Income Statement": 24509000.0,
        "Selling General And Administration": 138513000.0,
        "Selling And Marketing Expense": 44582000.0,
        "General And Administrative Expense": 93931000.0,
        "Other Gand A": 93931000.0,
        "Gross Profit": 228591000.0,
        "Cost Of Revenue": 774829000.0,
        "Total Revenue": 1003420000.0,
        "Operating Revenue": 1003420000.0
    },
    "2025-06-30": {
        "Tax Effect Of Unusual Items": 0.0,
        "Tax Rate For Calcs": 0.253,
        "Normalized EBITDA": 104911000.0,
        "Net Income From Continuing Operation Net Minority Interest": 32436000.0,
        "Reconciled Depreciation": 42609000.0,
        "Reconciled Cost Of Revenue": 778942000.0,
        "EBITDA": 104911000.0,
        "EBIT": 62302000.0,
        "Net Interest Income": -18869000.0,
        "Interest Expense": 18869000.0,
        "Normalized Income": 32436000.0,
        "Net Income From Continuing And Discontinued Operation": 32436000.0,
        "Total Expenses": 960832000.0,
        "Total Operating Income As Reported": 86722000.0,
        "Diluted Average Shares": 33823000.0,
        "Basic Average Shares": 32520000.0,
        "Diluted EPS": 0.96,
        "Basic EPS": 1.0,
        "Diluted NI Availto Com Stockholders": 32436000.0,
        "Average Dilution Earnings": NaN,
        "Net Income Common Stockholders": 32436000.0,
        "Net Income": 32436000.0,
        "Net Income Including Noncontrolling Interests": 32436000.0,
        "Net Income Continuous Operations": 32436000.0,
        "Tax Provision": 10997000.0,
        "Pretax Income": 43433000.0,
        "Other Income Expense": -24420000.0,
        "Other Non Operating Income Expenses": -24420000.0,
        "Net Non Operating Interest Income Expense": -18869000.0,
        "Interest Expense Non Operating": 18869000.0,
        "Operating Income": 86722000.0,
        "Operating Expense": 163910000.0,
        "Other Operating Expenses": NaN,
        "Depreciation Amortization Depletion Income Statement": 24629000.0,
        "Depreciation And Amortization In Income Statement": 24629000.0,
        "Amortization": 24629000.0,
        "Amortization Of Intangibles Income Statement": 24629000.0,
        "Selling General And Administration": 139281000.0,
        "Selling And Marketing Expense": 46075000.0,
        "General And Administrative Expense": 93206000.0,
        "Other Gand A": 93206000.0,
        "Gross Profit": 250632000.0,
        "Cost Of Revenue": 796922000.0,
        "Total Revenue": 1047554000.0,
        "Operating Revenue": 1047554000.0
    },
    "2025-09-30": {
        "Tax Effect Of Unusual Items": 0.0,
        "Tax Rate For Calcs": 0.262,
        "Normalized EBITDA": 108260000.0,
        "Net Income From Continuing Operation Net Minority Interest": 35303000.0,
        "Reconciled Depreciation": 41967000.0,
        "Reconciled Cost Of Revenue": 736900000.0,
        "EBITDA": 108260000.0,
        "EBIT": 66293000.0,
        "Net Interest Income": -18451000.0,
        "Interest Expense": 18451000.0,
        "Normalized Income": 35303000.0,
        "Net Income From Continuing And Discontinued Operation": 35303000.0,
        "Total Expenses": 909338000.0,
        "Total Operating Income As Reported": 66293000.0,
        "Diluted Average Shares": 35081000.0,
        "Basic Average Shares": 32381000.0,
        "Diluted EPS": 1.01,
        "Basic EPS": 1.09,
        "Diluted NI Availto Com Stockholders": 35303000.0,
        "Average Dilution Earnings": NaN,
        "Net Income Common Stockholders": 35303000.0,
        "Net Income": 35303000.0,
        "Net Income Including Noncontrolling Interests": 35303000.0,
        "Net Income Continuous Operations": 35303000.0,
        "Tax Provision": 12539000.0,
        "Pretax Income": 47842000.0,
        "Other Income Expense": NaN,
        "Other Non Operating Income Expenses": NaN,
        "Net Non Operating Interest Income Expense": -18451000.0,
        "Interest Expense Non Operating": 18451000.0,
        "Operating Income": 66293000.0,
        "Operating Expense": 154671000.0,
        "Other Operating Expenses": NaN,
        "Depreciation Amortization Depletion Income Statement": 24200000.0,
        "Depreciation And Amortization In Income Statement": 24200000.0,
        "Amortization": 24200000.0,
        "Amortization Of Intangibles Income Statement": 24200000.0,
        "Selling General And Administration": 130471000.0,
        "Selling And Marketing Expense": 44449000.0,
        "General And Administrative Expense": 86022000.0,
        "Other Gand A": 86022000.0,
        "Gross Profit": 220964000.0,
        "Cost Of Revenue": 754667000.0,
        "Total Revenue": 975631000.0,
        "Operating Revenue": 975631000.0
    }
}