{
    "2023-03-31": {
        "Tax Effect Of Unusual Items": NaN,
        "Tax Rate For Calcs": NaN,
        "Normalized EBITDA": NaN,
        "Total Unusual Items": -8000.0,
        "Total Unusual Items Excluding Goodwill": -8000.0,
        "Net Income From Continuing Operation Net Minority Interest": NaN,
        "Reconciled Depreciation": NaN,
        "Reconciled Cost Of Revenue": NaN,
        "EBITDA": NaN,
        "EBIT": NaN,
        "Net Interest Income": NaN,
        "Interest Income": NaN,
        "Normalized Income": NaN,
        "Net Income From Continuing And Discontinued Operation": NaN,
        "Total Expenses": NaN,
        "Total Operating Income As Reported": NaN,
        "Diluted Average Shares": NaN,
        "Basic Average Shares": NaN,
        "Diluted EPS": NaN,
        "Basic EPS": NaN,
        "Diluted NI Availto Com Stockholders": NaN,
        "Net Income Common Stockholders": NaN,
        "Net Income": NaN,
        "Net Income Including Noncontrolling Interests": NaN,
        "Net Income Continuous Operations": NaN,
        "Tax Provision": NaN,
        "Pretax Income": NaN,
        "Other Income Expense": NaN,
        "Other Non Operating Income Expenses": NaN,
        "Gain On Sale Of Security": -8000.0,
        "Net Non Operating Interest Income Expense": NaN,
        "Total Other Finance Cost": -1440000.0,
        "Interest Income Non Operating": NaN,
        "Operating Income": NaN,
        "Operating Expense": NaN,
        "Research And Development": NaN,
        "Selling General And Administration": NaN,
        "Selling And Marketing Expense": NaN,
        "General And Administrative Expense": NaN,
        "Other Gand A": NaN,
        "Gross Profit": NaN,
        "Cost Of Revenue": NaN,
        "Total Revenue": NaN,
        "Operating Revenue": NaN
    },
    "2022-12-31": {
        "Tax Effect Of Unusual Items": NaN,
        "Tax Rate For Calcs": NaN,
        "Normalized EBITDA": NaN,
        "Total Unusual Items": NaN,
        "Total Unusual Items Excluding Goodwill": NaN,
        "Net Income From Continuing Operation Net Minority Interest": NaN,
        "Reconciled Depreciation": NaN,
        "Reconciled Cost Of Revenue": NaN,
        "EBITDA": NaN,
        "EBIT": NaN,
        "Net Interest Income": NaN,
        "Normalized Income": NaN,
        "Net Income From Continuing And Discontinued Operation": NaN,
        "Total Expenses": NaN,
        "Total Operating Income As Reported": NaN,
        "Diluted Average Shares": 124395447.0,
        "Basic Average Shares": 123090334.0,
        "Diluted EPS": 0.01,
        "Basic EPS": 0.01,
        "Diluted NI Availto Com Stockholders": NaN,
        "Net Income Common Stockholders": NaN,
        "Net Income": NaN,
        "Net Income Including Noncontrolling Interests": NaN,
        "Net Income Continuous Operations": NaN,
        "Tax Provision": NaN,
        "Pretax Income": NaN,
        "Other Income Expense": NaN,
        "Other Non Operating Income Expenses": NaN,
        "Gain On Sale Of Security": NaN,
        "Net Non Operating Interest Income Expense": NaN,
        "Total Other Finance Cost": NaN,
        "Operating Income": NaN,
        "Operating Expense": NaN,
        "Research And Development": NaN,
        "Selling General And Administration": NaN,
        "Selling And Marketing Expense": NaN,
        "General And Administrative Expense": NaN,
        "Other Gand A": NaN,
        "Gross Profit": NaN,
        "Cost Of Revenue": NaN,
        "Total Revenue": NaN,
        "Operating Revenue": NaN
    },
    "2022-09-30": {
        "Tax Effect Of Unusual Items": -5880.0,
        "Tax Rate For Calcs": 0.21,
        "Normalized EBITDA": 5269000.0,
        "Total Unusual Items": -28000.0,
        "Total Unusual Items Excluding Goodwill": -28000.0,
        "Net Income From Continuing Operation Net Minority Interest": -737000.0,
        "Reconciled Depreciation": 6158000.0,
        "Reconciled Cost Of Revenue": 90295000.0,
        "EBITDA": 5241000.0,
        "EBIT": -917000.0,
        "Net Interest Income": 504000.0,
        "Normalized Income": -714880.0,
        "Net Income From Continuing And Discontinued Operation": -737000.0,
        "Total Expenses": 129069000.0,
        "Total Operating Income As Reported": -917000.0,
        "Diluted Average Shares": 122740982.0,
        "Basic Average Shares": 122740982.0,
        "Diluted EPS": -0.01,
        "Basic EPS": -0.01,
        "Diluted NI Availto Com Stockholders": -737000.0,
        "Net Income Common Stockholders": -737000.0,
        "Net Income": -737000.0,
        "Net Income Including Noncontrolling Interests": -737000.0,
        "Net Income Continuous Operations": -737000.0,
        "Tax Provision": 296000.0,
        "Pretax Income": -441000.0,
        "Other Income Expense": -28000.0,
        "Gain On Sale Of Security": -28000.0,
        "Net Non Operating Interest Income Expense": 504000.0,
        "Total Other Finance Cost": -504000.0,
        "Operating Income": -917000.0,
        "Operating Expense": 38774000.0,
        "Research And Development": 10350000.0,
        "Selling General And Administration": 28424000.0,
        "Selling And Marketing Expense": 19048000.0,
        "General And Administrative Expense": 9376000.0,
        "Other Gand A": 9376000.0,
        "Gross Profit": 37857000.0,
        "Cost Of Revenue": 90295000.0,
        "Total Revenue": 128152000.0,
        "Operating Revenue": 128152000.0
    },
    "2022-06-30": {
        "Tax Effect Of Unusual Items": 21600.0,
        "Tax Rate For Calcs": 0.4,
        "Normalized EBITDA": 3607000.0,
        "Total Unusual Items": 54000.0,
        "Total Unusual Items Excluding Goodwill": 54000.0,
        "Net Income From Continuing Operation Net Minority Interest": -2451000.0,
        "Reconciled Depreciation": 5886000.0,
        "Reconciled Cost Of Revenue": 84141000.0,
        "EBITDA": 3661000.0,
        "EBIT": -2225000.0,
        "Net Interest Income": 98000.0,
        "Normalized Income": -2483400.0,
        "Net Income From Continuing And Discontinued Operation": -2451000.0,
        "Total Expenses": 122194000.0,
        "Total Operating Income As Reported": -2225000.0,
        "Diluted Average Shares": 121637711.0,
        "Basic Average Shares": 121637711.0,
        "Diluted EPS": -0.02,
        "Basic EPS": -0.02,
        "Diluted NI Availto Com Stockholders": -2451000.0,
        "Net Income Common Stockholders": -2451000.0,
        "Net Income": -2451000.0,
        "Net Income Including Noncontrolling Interests": -2451000.0,
        "Net Income Continuous Operations": -2451000.0,
        "Tax Provision": 378000.0,
        "Pretax Income": -2073000.0,
        "Other Income Expense": 54000.0,
        "Gain On Sale Of Security": 54000.0,
        "Net Non Operating Interest Income Expense": 98000.0,
        "Total Other Finance Cost": -98000.0,
        "Operating Income": -2225000.0,
        "Operating Expense": 38053000.0,
        "Research And Development": 10185000.0,
        "Selling General And Administration": 27868000.0,
        "Selling And Marketing Expense": 17851000.0,
        "General And Administrative Expense": 10017000.0,
        "Other Gand A": 10017000.0,
        "Gross Profit": 35828000.0,
        "Cost Of Revenue": 84141000.0,
        "Total Revenue": 119969000.0,
        "Operating Revenue": 119969000.0
    },
    "2022-03-31": {
        "Diluted EPS": 0.01,
        "Total Revenue": 117,
        "Gross Profit": 35,
        "Operating Income": -1,
        "EBIT": 5,
        "Net Income": 2
    },
    "2021-12-31": {
        "Diluted EPS": 0.04,
        "Total Revenue": 108,
        "Gross Profit": 34,
        "Operating Income": 0,
        "EBIT": 5,
        "Net Income": 5
    },
    "2021-09-30": {
        "Diluted EPS": 0.0,
        "Total Revenue": 102,
        "Gross Profit": 31,
        "Operating Income": 1,
        "EBIT": 5,
        "Net Income": 0
    },
    "2021-06-30": {
        "Diluted EPS": -0.0,
        "Total Revenue": 93,
        "Gross Profit": 29,
        "Operating Income": 4,
        "EBIT": 7,
        "Net Income": 0
    },
    "2021-03-31": {
        "Diluted EPS": 0.02,
        "Total Revenue": 92,
        "Gross Profit": 28,
        "Operating Income": 5,
        "EBIT": 7,
        "Net Income": 2
    },
    "2020-12-31": {
        "Diluted EPS": 0.0,
        "Total Revenue": NaN,
        "Gross Profit": NaN,
        "Operating Income": NaN,
        "EBIT": NaN,
        "Net Income": NaN
    },
    "2020-09-30": {
        "Diluted EPS": 0.01,
        "Total Revenue": 78,
        "Gross Profit": 23,
        "Operating Income": 3,
        "EBIT": 5,
        "Net Income": 1
    },
    "2020-06-30": {
        "Diluted EPS": 0.03,
        "Total Revenue": 72,
        "Gross Profit": 23,
        "Operating Income": 6,
        "EBIT": 6,
        "Net Income": 3
    },
    "2019-12-31": {
        "Diluted EPS": 0.0,
        "Total Revenue": NaN,
        "Gross Profit": NaN,
        "Operating Income": NaN,
        "EBIT": NaN,
        "Net Income": NaN
    },
    "2023-06-30": {
        "Tax Effect Of Unusual Items": NaN,
        "Tax Rate For Calcs": NaN,
        "Normalized EBITDA": NaN,
        "Total Unusual Items": -7000.0,
        "Total Unusual Items Excluding Goodwill": -7000.0,
        "Net Income From Continuing Operation Net Minority Interest": NaN,
        "Reconciled Depreciation": NaN,
        "Reconciled Cost Of Revenue": NaN,
        "EBITDA": NaN,
        "EBIT": NaN,
        "Net Interest Income": NaN,
        "Interest Income": 1658000.0,
        "Normalized Income": NaN,
        "Net Income From Continuing And Discontinued Operation": NaN,
        "Total Expenses": NaN,
        "Total Operating Income As Reported": NaN,
        "Diluted Average Shares": 124012107.0,
        "Basic Average Shares": 123378128.0,
        "Diluted EPS": 0.05,
        "Basic EPS": 0.05,
        "Diluted NI Availto Com Stockholders": NaN,
        "Net Income Common Stockholders": NaN,
        "Net Income": NaN,
        "Net Income Including Noncontrolling Interests": NaN,
        "Net Income Continuous Operations": NaN,
        "Tax Provision": NaN,
        "Pretax Income": NaN,
        "Other Income Expense": NaN,
        "Other Non Operating Income Expenses": NaN,
        "Gain On Sale Of Security": -7000.0,
        "Net Non Operating Interest Income Expense": NaN,
        "Total Other Finance Cost": -1658000.0,
        "Interest Income Non Operating": 1658000.0,
        "Operating Income": NaN,
        "Operating Expense": NaN,
        "Research And Development": NaN,
        "Selling General And Administration": NaN,
        "Selling And Marketing Expense": NaN,
        "General And Administrative Expense": NaN,
        "Other Gand A": NaN,
        "Gross Profit": NaN,
        "Cost Of Revenue": NaN,
        "Total Revenue": NaN,
        "Operating Revenue": NaN
    },
    "2023-09-30": {
        "Tax Effect Of Unusual Items": NaN,
        "Tax Rate For Calcs": NaN,
        "Normalized EBITDA": NaN,
        "Total Unusual Items": -17000.0,
        "Total Unusual Items Excluding Goodwill": -17000.0,
        "Net Income From Continuing Operation Net Minority Interest": NaN,
        "Reconciled Depreciation": NaN,
        "Reconciled Cost Of Revenue": NaN,
        "EBITDA": NaN,
        "EBIT": NaN,
        "Net Interest Income": NaN,
        "Interest Income": NaN,
        "Normalized Income": NaN,
        "Net Income From Continuing And Discontinued Operation": NaN,
        "Total Expenses": NaN,
        "Total Operating Income As Reported": NaN,
        "Diluted Average Shares": NaN,
        "Basic Average Shares": NaN,
        "Diluted EPS": NaN,
        "Basic EPS": NaN,
        "Diluted NI Availto Com Stockholders": NaN,
        "Net Income Common Stockholders": NaN,
        "Net Income": NaN,
        "Net Income Including Noncontrolling Interests": NaN,
        "Net Income Continuous Operations": NaN,
        "Tax Provision": NaN,
        "Pretax Income": NaN,
        "Other Income Expense": NaN,
        "Other Non Operating Income Expenses": NaN,
        "Gain On Sale Of Security": -17000.0,
        "Net Non Operating Interest Income Expense": NaN,
        "Total Other Finance Cost": -1905000.0,
        "Interest Income Non Operating": NaN,
        "Operating Income": NaN,
        "Operating Expense": NaN,
        "Research And Development": NaN,
        "Selling General And Administration": NaN,
        "Selling And Marketing Expense": NaN,
        "General And Administrative Expense": NaN,
        "Other Gand A": NaN,
        "Gross Profit": NaN,
        "Cost Of Revenue": NaN,
        "Total Revenue": NaN,
        "Operating Revenue": NaN
    },
    "2023-12-31": {
        "Tax Effect Of Unusual Items": NaN,
        "Tax Rate For Calcs": NaN,
        "Normalized EBITDA": NaN,
        "Total Unusual Items": 44000.0,
        "Total Unusual Items Excluding Goodwill": 44000.0,
        "Net Income From Continuing Operation Net Minority Interest": NaN,
        "Reconciled Depreciation": NaN,
        "Reconciled Cost Of Revenue": NaN,
        "EBITDA": NaN,
        "EBIT": NaN,
        "Net Interest Income": NaN,
        "Interest Income": NaN,
        "Normalized Income": NaN,
        "Net Income From Continuing And Discontinued Operation": NaN,
        "Total Expenses": NaN,
        "Total Operating Income As Reported": NaN,
        "Diluted Average Shares": NaN,
        "Basic Average Shares": NaN,
        "Diluted EPS": NaN,
        "Basic EPS": NaN,
        "Diluted NI Availto Com Stockholders": NaN,
        "Net Income Common Stockholders": NaN,
        "Net Income": NaN,
        "Net Income Including Noncontrolling Interests": NaN,
        "Net Income Continuous Operations": NaN,
        "Tax Provision": NaN,
        "Pretax Income": NaN,
        "Other Income Expense": NaN,
        "Other Non Operating Income Expenses": NaN,
        "Gain On Sale Of Security": 44000.0,
        "Net Non Operating Interest Income Expense": NaN,
        "Total Other Finance Cost": -2016000.0,
        "Interest Income Non Operating": NaN,
        "Operating Income": NaN,
        "Operating Expense": NaN,
        "Research And Development": NaN,
        "Selling General And Administration": NaN,
        "Selling And Marketing Expense": NaN,
        "General And Administrative Expense": NaN,
        "Other Gand A": NaN,
        "Gross Profit": NaN,
        "Cost Of Revenue": NaN,
        "Total Revenue": NaN,
        "Operating Revenue": NaN
    },
    "2024-03-31": {
        "Tax Effect Of Unusual Items": NaN,
        "Tax Rate For Calcs": NaN,
        "Normalized EBITDA": NaN,
        "Total Unusual Items": 18000.0,
        "Total Unusual Items Excluding Goodwill": 18000.0,
        "Net Income From Continuing Operation Net Minority Interest": NaN,
        "Reconciled Depreciation": NaN,
        "Reconciled Cost Of Revenue": NaN,
        "EBITDA": NaN,
        "EBIT": NaN,
        "Net Interest Income": NaN,
        "Interest Income": NaN,
        "Normalized Income": NaN,
        "Net Income From Continuing And Discontinued Operation": NaN,
        "Total Expenses": NaN,
        "Total Operating Income As Reported": NaN,
        "Diluted Average Shares": NaN,
        "Basic Average Shares": NaN,
        "Diluted EPS": NaN,
        "Basic EPS": NaN,
        "Diluted NI Availto Com Stockholders": NaN,
        "Net Income Common Stockholders": NaN,
        "Net Income": NaN,
        "Net Income Including Noncontrolling Interests": NaN,
        "Net Income Continuous Operations": NaN,
        "Tax Provision": NaN,
        "Pretax Income": NaN,
        "Other Income Expense": NaN,
        "Other Non Operating Income Expenses": NaN,
        "Gain On Sale Of Security": 18000.0,
        "Net Non Operating Interest Income Expense": NaN,
        "Total Other Finance Cost": -2186000.0,
        "Interest Income Non Operating": NaN,
        "Operating Income": NaN,
        "Operating Expense": NaN,
        "Research And Development": NaN,
        "Selling General And Administration": NaN,
        "Selling And Marketing Expense": NaN,
        "General And Administrative Expense": NaN,
        "Other Gand A": NaN,
        "Gross Profit": NaN,
        "Cost Of Revenue": NaN,
        "Total Revenue": NaN,
        "Operating Revenue": NaN
    },
    "2024-06-30": {
        "Tax Effect Of Unusual Items": 0.0,
        "Tax Rate For Calcs": 0.249,
        "Normalized EBITDA": 19205000.0,
        "Total Unusual Items": NaN,
        "Total Unusual Items Excluding Goodwill": NaN,
        "Net Income From Continuing Operation Net Minority Interest": 9364000.0,
        "Reconciled Depreciation": 8969000.0,
        "Reconciled Cost Of Revenue": 138671000.0,
        "EBITDA": 19205000.0,
        "EBIT": 10236000.0,
        "Net Interest Income": 2194000.0,
        "Interest Income": 2194000.0,
        "Normalized Income": 9364000.0,
        "Net Income From Continuing And Discontinued Operation": 9364000.0,
        "Total Expenses": 187186000.0,
        "Total Operating Income As Reported": 10236000.0,
        "Diluted Average Shares": 127252366.0,
        "Basic Average Shares": 124264789.0,
        "Diluted EPS": 0.07,
        "Basic EPS": 0.08,
        "Diluted NI Availto Com Stockholders": 9364000.0,
        "Net Income Common Stockholders": 9364000.0,
        "Net Income": 9364000.0,
        "Net Income Including Noncontrolling Interests": 9364000.0,
        "Net Income Continuous Operations": 9364000.0,
        "Tax Provision": 3105000.0,
        "Pretax Income": 12469000.0,
        "Other Income Expense": 39000.0,
        "Other Non Operating Income Expenses": 39000.0,
        "Gain On Sale Of Security": NaN,
        "Net Non Operating Interest Income Expense": 2194000.0,
        "Total Other Finance Cost": NaN,
        "Interest Income Non Operating": 2194000.0,
        "Operating Income": 10236000.0,
        "Operating Expense": 48515000.0,
        "Research And Development": 12535000.0,
        "Selling General And Administration": 35980000.0,
        "Selling And Marketing Expense": 26766000.0,
        "General And Administrative Expense": 9214000.0,
        "Other Gand A": 9214000.0,
        "Gross Profit": 58751000.0,
        "Cost Of Revenue": 138671000.0,
        "Total Revenue": 197422000.0,
        "Operating Revenue": 193564000.0
    },
    "2024-09-30": {
        "Tax Effect Of Unusual Items": 0.0,
        "Tax Rate For Calcs": 0.0003,
        "Normalized EBITDA": 21409000.0,
        "Total Unusual Items": NaN,
        "Total Unusual Items Excluding Goodwill": NaN,
        "Net Income From Continuing Operation Net Minority Interest": 14430000.0,
        "Reconciled Depreciation": 9321000.0,
        "Reconciled Cost Of Revenue": 170906000.0,
        "EBITDA": 21409000.0,
        "EBIT": 12088000.0,
        "Net Interest Income": 2342000.0,
        "Interest Income": 2342000.0,
        "Normalized Income": 14430000.0,
        "Net Income From Continuing And Discontinued Operation": 14430000.0,
        "Total Expenses": 219483000.0,
        "Total Operating Income As Reported": 12088000.0,
        "Diluted Average Shares": 127614115.0,
        "Basic Average Shares": 124538195.0,
        "Diluted EPS": 0.11,
        "Basic EPS": 0.12,
        "Diluted NI Availto Com Stockholders": 14430000.0,
        "Net Income Common Stockholders": 14430000.0,
        "Net Income": 14430000.0,
        "Net Income Including Noncontrolling Interests": 14430000.0,
        "Net Income Continuous Operations": 14430000.0,
        "Tax Provision": 5000.0,
        "Pretax Income": 14435000.0,
        "Other Income Expense": 5000.0,
        "Other Non Operating Income Expenses": 5000.0,
        "Gain On Sale Of Security": NaN,
        "Net Non Operating Interest Income Expense": 2342000.0,
        "Total Other Finance Cost": NaN,
        "Interest Income Non Operating": 2342000.0,
        "Operating Income": 12088000.0,
        "Operating Expense": 48577000.0,
        "Research And Development": 13187000.0,
        "Selling General And Administration": 35390000.0,
        "Selling And Marketing Expense": 26451000.0,
        "General And Administrative Expense": 8939000.0,
        "Other Gand A": 8939000.0,
        "Gross Profit": 60665000.0,
        "Cost Of Revenue": 170906000.0,
        "Total Revenue": 231571000.0,
        "Operating Revenue": 228826000.0
    },
    "2024-12-31": {
        "Tax Effect Of Unusual Items": 0.0,
        "Tax Rate For Calcs": 0.192322,
        "Normalized EBITDA": 23847000.0,
        "Total Unusual Items": NaN,
        "Total Unusual Items Excluding Goodwill": NaN,
        "Net Income From Continuing Operation Net Minority Interest": 13149000.0,
        "Reconciled Depreciation": 9657000.0,
        "Reconciled Cost Of Revenue": 191848000.0,
        "EBITDA": 23847000.0,
        "EBIT": 14190000.0,
        "Net Interest Income": 2020000.0,
        "Interest Income": 2020000.0,
        "Normalized Income": 13149000.0,
        "Net Income From Continuing And Discontinued Operation": 13149000.0,
        "Total Expenses": 243687000.0,
        "Total Operating Income As Reported": 14190000.0,
        "Diluted Average Shares": 128714996.0,
        "Basic Average Shares": 124732054.0,
        "Diluted EPS": 0.1,
        "Basic EPS": 0.11,
        "Diluted NI Availto Com Stockholders": 13149000.0,
        "Net Income Common Stockholders": 13149000.0,
        "Net Income": 13149000.0,
        "Net Income Including Noncontrolling Interests": 13149000.0,
        "Net Income Continuous Operations": 13149000.0,
        "Tax Provision": 3131000.0,
        "Pretax Income": 16280000.0,
        "Other Income Expense": 70000.0,
        "Other Non Operating Income Expenses": 70000.0,
        "Gain On Sale Of Security": NaN,
        "Net Non Operating Interest Income Expense": 2020000.0,
        "Total Other Finance Cost": NaN,
        "Interest Income Non Operating": 2020000.0,
        "Operating Income": 14190000.0,
        "Operating Expense": 51839000.0,
        "Research And Development": 13561000.0,
        "Selling General And Administration": 38278000.0,
        "Selling And Marketing Expense": 28596000.0,
        "General And Administrative Expense": 9682000.0,
        "Other Gand A": 9682000.0,
        "Gross Profit": 66029000.0,
        "Cost Of Revenue": 191848000.0,
        "Total Revenue": 257877000.0,
        "Operating Revenue": 256594000.0
    },
    "2025-03-31": {
        "Tax Effect Of Unusual Items": 0.0,
        "Tax Rate For Calcs": 0.224,
        "Normalized EBITDA": 26429000.0,
        "Total Unusual Items": NaN,
        "Total Unusual Items Excluding Goodwill": NaN,
        "Net Income From Continuing Operation Net Minority Interest": 13813000.0,
        "Reconciled Depreciation": 10740000.0,
        "Reconciled Cost Of Revenue": 209211000.0,
        "EBITDA": 26429000.0,
        "EBIT": 15689000.0,
        "Net Interest Income": 2062000.0,
        "Interest Income": 2062000.0,
        "Normalized Income": 13813000.0,
        "Net Income From Continuing And Discontinued Operation": 13813000.0,
        "Total Expenses": 259546000.0,
        "Total Operating Income As Reported": 15689000.0,
        "Diluted Average Shares": 128801974.0,
        "Basic Average Shares": 124941781.0,
        "Diluted EPS": 0.11,
        "Basic EPS": 0.11,
        "Diluted NI Availto Com Stockholders": 13813000.0,
        "Net Income Common Stockholders": 13813000.0,
        "Net Income": 13813000.0,
        "Net Income Including Noncontrolling Interests": 13813000.0,
        "Net Income Continuous Operations": 13813000.0,
        "Tax Provision": 3988000.0,
        "Pretax Income": 17801000.0,
        "Other Income Expense": 50000.0,
        "Other Non Operating Income Expenses": 50000.0,
        "Gain On Sale Of Security": NaN,
        "Net Non Operating Interest Income Expense": 2062000.0,
        "Total Other Finance Cost": NaN,
        "Interest Income Non Operating": 2062000.0,
        "Operating Income": 15689000.0,
        "Operating Expense": 50335000.0,
        "Research And Development": 15101000.0,
        "Selling General And Administration": 35234000.0,
        "Selling And Marketing Expense": 26051000.0,
        "General And Administrative Expense": 9183000.0,
        "Other Gand A": 9183000.0,
        "Gross Profit": 66024000.0,
        "Cost Of Revenue": 209211000.0,
        "Total Revenue": 275235000.0,
        "Operating Revenue": 273280000.0
    },
    "2025-06-30": {
        "Tax Effect Of Unusual Items": 0.0,
        "Tax Rate For Calcs": 0.199,
        "Normalized EBITDA": 26405000.0,
        "Total Unusual Items": NaN,
        "Total Unusual Items Excluding Goodwill": NaN,
        "Net Income From Continuing Operation Net Minority Interest": 14707000.0,
        "Reconciled Depreciation": 10483000.0,
        "Reconciled Cost Of Revenue": 208600000.0,
        "EBITDA": 26405000.0,
        "EBIT": 15922000.0,
        "Net Interest Income": 2336000.0,
        "Interest Income": 2336000.0,
        "Normalized Income": 14707000.0,
        "Net Income From Continuing And Discontinued Operation": 14707000.0,
        "Total Expenses": 264155000.0,
        "Total Operating Income As Reported": 15922000.0,
        "Diluted Average Shares": 129030539.0,
        "Basic Average Shares": 125077964.0,
        "Diluted EPS": 0.11,
        "Basic EPS": 0.12,
        "Diluted NI Availto Com Stockholders": 14707000.0,
        "Net Income Common Stockholders": 14707000.0,
        "Net Income": 14707000.0,
        "Net Income Including Noncontrolling Interests": 14707000.0,
        "Net Income Continuous Operations": 14707000.0,
        "Tax Provision": 3662000.0,
        "Pretax Income": 18369000.0,
        "Other Income Expense": 111000.0,
        "Other Non Operating Income Expenses": 111000.0,
        "Gain On Sale Of Security": NaN,
        "Net Non Operating Interest Income Expense": 2336000.0,
        "Total Other Finance Cost": NaN,
        "Interest Income Non Operating": 2336000.0,
        "Operating Income": 15922000.0,
        "Operating Expense": 55555000.0,
        "Research And Development": 15231000.0,
        "Selling General And Administration": 40324000.0,
        "Selling And Marketing Expense": 29610000.0,
        "General And Administrative Expense": 10714000.0,
        "Other Gand A": 10714000.0,
        "Gross Profit": 71477000.0,
        "Cost Of Revenue": 208600000.0,
        "Total Revenue": 280077000.0,
        "Operating Revenue": 278080000.0
    },
    "2025-09-30": {
        "Tax Effect Of Unusual Items": 0.0,
        "Tax Rate For Calcs": 0.215,
        "Normalized EBITDA": 30129000.0,
        "Total Unusual Items": NaN,
        "Total Unusual Items Excluding Goodwill": NaN,
        "Net Income From Continuing Operation Net Minority Interest": 17744000.0,
        "Reconciled Depreciation": 10268000.0,
        "Reconciled Cost Of Revenue": 235888000.0,
        "EBITDA": 30129000.0,
        "EBIT": 19861000.0,
        "Net Interest Income": 2578000.0,
        "Interest Income": 2578000.0,
        "Normalized Income": 17744000.0,
        "Net Income From Continuing And Discontinued Operation": 17744000.0,
        "Total Expenses": 290876000.0,
        "Total Operating Income As Reported": 19861000.0,
        "Diluted Average Shares": 129249477.0,
        "Basic Average Shares": 125341855.0,
        "Diluted EPS": 0.14,
        "Basic EPS": 0.14,
        "Diluted NI Availto Com Stockholders": 17744000.0,
        "Net Income Common Stockholders": 17744000.0,
        "Net Income": 17744000.0,
        "Net Income Including Noncontrolling Interests": 17744000.0,
        "Net Income Continuous Operations": 17744000.0,
        "Tax Provision": 4858000.0,
        "Pretax Income": 22602000.0,
        "Other Income Expense": 163000.0,
        "Other Non Operating Income Expenses": 163000.0,
        "Gain On Sale Of Security": NaN,
        "Net Non Operating Interest Income Expense": 2578000.0,
        "Total Other Finance Cost": NaN,
        "Interest Income Non Operating": 2578000.0,
        "Operating Income": 19861000.0,
        "Operating Expense": 54988000.0,
        "Research And Development": 15219000.0,
        "Selling General And Administration": 39769000.0,
        "Selling And Marketing Expense": 25478000.0,
        "General And Administrative Expense": 14291000.0,
        "Other Gand A": 14291000.0,
        "Gross Profit": 74849000.0,
        "Cost Of Revenue": 235888000.0,
        "Total Revenue": 310737000.0,
        "Operating Revenue": 308803000.0
    }
}