{
    "2023-03-31": {
        "Tax Effect Of Unusual Items": 0.0,
        "Tax Rate For Calcs": 0.28,
        "Normalized EBITDA": 192708000.0,
        "Net Income From Continuing Operation Net Minority Interest": 119296000.0,
        "Reconciled Depreciation": 26272000.0,
        "Reconciled Cost Of Revenue": 53085000.0,
        "EBITDA": 192708000.0,
        "EBIT": 166436000.0,
        "Net Interest Income": -837000.0,
        "Interest Expense": 837000.0,
        "Normalized Income": 119296000.0,
        "Net Income From Continuing And Discontinued Operation": 119296000.0,
        "Total Expenses": 291205000.0,
        "Total Operating Income As Reported": 160432000.0,
        "Diluted Average Shares": 57991000.0,
        "Basic Average Shares": 57867000.0,
        "Diluted EPS": 2.06,
        "Basic EPS": 2.06,
        "Diluted NI Availto Com Stockholders": 119296000.0,
        "Net Income Common Stockholders": 119296000.0,
        "Net Income": 119296000.0,
        "Net Income Including Noncontrolling Interests": 119296000.0,
        "Net Income Continuous Operations": 119296000.0,
        "Tax Provision": 46303000.0,
        "Pretax Income": 165599000.0,
        "Other Income Expense": 6004000.0,
        "Other Non Operating Income Expenses": 6004000.0,
        "Net Non Operating Interest Income Expense": -837000.0,
        "Interest Expense Non Operating": 837000.0,
        "Operating Income": 160432000.0,
        "Operating Expense": 225973000.0,
        "Depreciation Amortization Depletion Income Statement": 14125000.0,
        "Depreciation And Amortization In Income Statement": 14125000.0,
        "Research And Development": 42669000.0,
        "Selling General And Administration": 169179000.0,
        "Selling And Marketing Expense": 103574000.0,
        "General And Administrative Expense": 65605000.0,
        "Other Gand A": 65605000.0,
        "Gross Profit": 386405000.0,
        "Cost Of Revenue": 65232000.0,
        "Total Revenue": 451637000.0,
        "Operating Revenue": 451637000.0
    },
    "2022-12-31": {
        "Tax Effect Of Unusual Items": 0.0,
        "Tax Rate For Calcs": 0.298608,
        "Normalized EBITDA": 139854000.0,
        "Net Income From Continuing Operation Net Minority Interest": 79951000.0,
        "Reconciled Depreciation": 24916000.0,
        "Reconciled Cost Of Revenue": 47541000.0,
        "EBITDA": 139854000.0,
        "EBIT": 114938000.0,
        "Net Interest Income": -949000.0,
        "Interest Expense": 949000.0,
        "Normalized Income": 79951000.0,
        "Net Income From Continuing And Discontinued Operation": 79951000.0,
        "Total Expenses": 264774000.0,
        "Total Operating Income As Reported": 105834000.0,
        "Diluted Average Shares": 58037000.0,
        "Basic Average Shares": 57867000.0,
        "Diluted EPS": 1.38,
        "Basic EPS": 1.38,
        "Diluted NI Availto Com Stockholders": 79951000.0,
        "Net Income Common Stockholders": 79951000.0,
        "Net Income": 79951000.0,
        "Net Income Including Noncontrolling Interests": 79951000.0,
        "Net Income Continuous Operations": 79951000.0,
        "Tax Provision": 34038000.0,
        "Pretax Income": 113989000.0,
        "Other Income Expense": 9104000.0,
        "Other Non Operating Income Expenses": 9104000.0,
        "Net Non Operating Interest Income Expense": -949000.0,
        "Interest Expense Non Operating": 949000.0,
        "Operating Income": 105834000.0,
        "Operating Expense": 205703000.0,
        "Depreciation Amortization Depletion Income Statement": 13386000.0,
        "Depreciation And Amortization In Income Statement": 13386000.0,
        "Research And Development": 39569000.0,
        "Selling General And Administration": 152748000.0,
        "Selling And Marketing Expense": 92727000.0,
        "General And Administrative Expense": 60021000.0,
        "Other Gand A": 60021000.0,
        "Gross Profit": 311537000.0,
        "Cost Of Revenue": 59071000.0,
        "Total Revenue": 370608000.0,
        "Operating Revenue": 370608000.0
    },
    "2022-09-30": {
        "Tax Effect Of Unusual Items": 0.0,
        "Tax Rate For Calcs": 0.307287,
        "Normalized EBITDA": 99866000.0,
        "Net Income From Continuing Operation Net Minority Interest": 52153000.0,
        "Reconciled Depreciation": 23560000.0,
        "Reconciled Cost Of Revenue": 44169000.0,
        "EBITDA": 99866000.0,
        "EBIT": 76306000.0,
        "Net Interest Income": -1018000.0,
        "Interest Expense": 1018000.0,
        "Normalized Income": 52153000.0,
        "Net Income From Continuing And Discontinued Operation": 52153000.0,
        "Total Expenses": 259902000.0,
        "Total Operating Income As Reported": 74265000.0,
        "Diluted Average Shares": 58033000.0,
        "Basic Average Shares": 57865000.0,
        "Diluted EPS": 0.9,
        "Basic EPS": 0.9,
        "Diluted NI Availto Com Stockholders": 52153000.0,
        "Net Income Common Stockholders": 52153000.0,
        "Net Income": 52153000.0,
        "Net Income Including Noncontrolling Interests": 52153000.0,
        "Net Income Continuous Operations": 52153000.0,
        "Tax Provision": 23135000.0,
        "Pretax Income": 75288000.0,
        "Other Income Expense": 2041000.0,
        "Other Non Operating Income Expenses": 2041000.0,
        "Net Non Operating Interest Income Expense": -1018000.0,
        "Interest Expense Non Operating": 1018000.0,
        "Operating Income": 74265000.0,
        "Operating Expense": 204798000.0,
        "Depreciation Amortization Depletion Income Statement": 12625000.0,
        "Depreciation And Amortization In Income Statement": 12625000.0,
        "Research And Development": 40366000.0,
        "Selling General And Administration": 151807000.0,
        "Selling And Marketing Expense": 91114000.0,
        "General And Administrative Expense": 60693000.0,
        "Other Gand A": 60693000.0,
        "Gross Profit": 279063000.0,
        "Cost Of Revenue": 55104000.0,
        "Total Revenue": 334167000.0,
        "Operating Revenue": 334167000.0
    },
    "2022-06-30": {
        "Tax Effect Of Unusual Items": 0.0,
        "Tax Rate For Calcs": 0.212557,
        "Normalized EBITDA": 95759000.0,
        "Net Income From Continuing Operation Net Minority Interest": 57355000.0,
        "Reconciled Depreciation": 22568000.0,
        "Reconciled Cost Of Revenue": 39604000.0,
        "EBITDA": 95759000.0,
        "EBIT": 73191000.0,
        "Net Interest Income": -354000.0,
        "Interest Expense": 354000.0,
        "Normalized Income": 57355000.0,
        "Net Income From Continuing And Discontinued Operation": 57355000.0,
        "Total Expenses": 244611000.0,
        "Total Operating Income As Reported": 72313000.0,
        "Diluted Average Shares": 58067000.0,
        "Basic Average Shares": 57969000.0,
        "Diluted EPS": 0.99,
        "Basic EPS": 0.99,
        "Diluted NI Availto Com Stockholders": 57355000.0,
        "Net Income Common Stockholders": 57355000.0,
        "Net Income": 57355000.0,
        "Net Income Including Noncontrolling Interests": 57355000.0,
        "Net Income Continuous Operations": 57355000.0,
        "Tax Provision": 15482000.0,
        "Pretax Income": 72837000.0,
        "Other Income Expense": 878000.0,
        "Other Non Operating Income Expenses": 878000.0,
        "Net Non Operating Interest Income Expense": -354000.0,
        "Interest Expense Non Operating": 354000.0,
        "Operating Income": 72313000.0,
        "Operating Expense": 194529000.0,
        "Depreciation Amortization Depletion Income Statement": 12090000.0,
        "Depreciation And Amortization In Income Statement": 12090000.0,
        "Research And Development": 36803000.0,
        "Selling General And Administration": 145636000.0,
        "Selling And Marketing Expense": 87724000.0,
        "General And Administrative Expense": 57912000.0,
        "Other Gand A": 57912000.0,
        "Gross Profit": 266842000.0,
        "Cost Of Revenue": 50082000.0,
        "Total Revenue": 316924000.0,
        "Operating Revenue": 316924000.0
    },
    "2023-06-30": {
        "Tax Effect Of Unusual Items": 0.0,
        "Tax Rate For Calcs": 0.305136,
        "Normalized EBITDA": 121187000.0,
        "Net Income From Continuing Operation Net Minority Interest": 64516000.0,
        "Reconciled Depreciation": 27738000.0,
        "Reconciled Cost Of Revenue": 54617000.0,
        "EBITDA": 121187000.0,
        "EBIT": 93449000.0,
        "Net Interest Income": -602000.0,
        "Interest Expense": 602000.0,
        "Normalized Income": 64516000.0,
        "Net Income From Continuing And Discontinued Operation": 64516000.0,
        "Total Expenses": 313873000.0,
        "Total Operating Income As Reported": 87266000.0,
        "Diluted Average Shares": 58033000.0,
        "Basic Average Shares": 57920000.0,
        "Diluted EPS": 1.11,
        "Basic EPS": 1.11,
        "Diluted NI Availto Com Stockholders": 64516000.0,
        "Net Income Common Stockholders": 64516000.0,
        "Net Income": 64516000.0,
        "Net Income Including Noncontrolling Interests": 64516000.0,
        "Net Income Continuous Operations": 64516000.0,
        "Tax Provision": 28331000.0,
        "Pretax Income": 92847000.0,
        "Other Income Expense": 6183000.0,
        "Other Non Operating Income Expenses": 6183000.0,
        "Net Non Operating Interest Income Expense": -602000.0,
        "Interest Expense Non Operating": 602000.0,
        "Operating Income": 87266000.0,
        "Operating Expense": 246445000.0,
        "Depreciation Amortization Depletion Income Statement": 14927000.0,
        "Depreciation And Amortization In Income Statement": 14927000.0,
        "Research And Development": 49118000.0,
        "Selling General And Administration": 182400000.0,
        "Selling And Marketing Expense": 106435000.0,
        "General And Administrative Expense": 75965000.0,
        "Other Gand A": 75965000.0,
        "Gross Profit": 333711000.0,
        "Cost Of Revenue": 67428000.0,
        "Total Revenue": 401139000.0,
        "Operating Revenue": 401139000.0
    },
    "2022-03-31": {
        "Diluted EPS": 1.58,
        "Total Revenue": 354,
        "Gross Profit": 305,
        "Operating Income": 126,
        "EBIT": 148,
        "Net Income": 92
    },
    "2021-12-31": {
        "Diluted EPS": 0.84,
        "Total Revenue": 285,
        "Gross Profit": 238,
        "Operating Income": 69,
        "EBIT": 87,
        "Net Income": 49
    },
    "2021-09-30": {
        "Diluted EPS": 0.52,
        "Total Revenue": 256,
        "Gross Profit": 214,
        "Operating Income": 43,
        "EBIT": 61,
        "Net Income": 30
    },
    "2021-06-30": {
        "Diluted EPS": 0.9,
        "Total Revenue": 242,
        "Gross Profit": 206,
        "Operating Income": 47,
        "EBIT": 63,
        "Net Income": 52
    },
    "2021-03-31": {
        "Diluted EPS": 1.11,
        "Total Revenue": 272,
        "Gross Profit": 236,
        "Operating Income": 95,
        "EBIT": 109,
        "Net Income": 65
    },
    "2020-12-31": {
        "Diluted EPS": 0.42,
        "Total Revenue": 221,
        "Gross Profit": 188,
        "Operating Income": 36,
        "EBIT": 50,
        "Net Income": 24
    },
    "2020-09-30": {
        "Diluted EPS": 0.47,
        "Total Revenue": 197,
        "Gross Profit": 166,
        "Operating Income": 34,
        "EBIT": 46,
        "Net Income": 27
    },
    "2020-06-30": {
        "Diluted EPS": 0.49,
        "Total Revenue": 182,
        "Gross Profit": 152,
        "Operating Income": 27,
        "EBIT": 40,
        "Net Income": 29
    },
    "2020-03-31": {
        "Diluted EPS": 1.08,
        "Total Revenue": 242,
        "Gross Profit": 212,
        "Operating Income": 89,
        "EBIT": 101,
        "Net Income": 63
    },
    "2019-12-31": {
        "Diluted EPS": 0.78,
        "Total Revenue": 193,
        "Gross Profit": 165,
        "Operating Income": 60,
        "EBIT": 72,
        "Net Income": 45
    },
    "2019-09-30": {
        "Diluted EPS": 0.67,
        "Total Revenue": 175,
        "Gross Profit": 149,
        "Operating Income": 51,
        "EBIT": 61,
        "Net Income": 39
    },
    "2019-06-30": {
        "Diluted EPS": 0.83,
        "Total Revenue": 169,
        "Gross Profit": 144,
        "Operating Income": 53,
        "EBIT": 63,
        "Net Income": 49
    },
    "2019-03-31": {
        "Diluted EPS": 0.81,
        "Total Revenue": 200,
        "Gross Profit": 171,
        "Operating Income": 62,
        "EBIT": 72,
        "Net Income": 47
    },
    "2018-12-31": {
        "Diluted EPS": 0.54,
        "Total Revenue": 150,
        "Gross Profit": 126,
        "Operating Income": 43,
        "EBIT": 53,
        "Net Income": 31
    },
    "2018-09-30": {
        "Diluted EPS": 0.49,
        "Total Revenue": 133,
        "Gross Profit": 111,
        "Operating Income": 36,
        "EBIT": 44,
        "Net Income": 29
    },
    "2018-06-30": {
        "Diluted EPS": 0.61,
        "Total Revenue": 129,
        "Gross Profit": 108,
        "Operating Income": 43,
        "EBIT": 49,
        "Net Income": 36
    },
    "2018-03-31": {
        "Diluted EPS": 0.7,
        "Total Revenue": 154,
        "Gross Profit": 130,
        "Operating Income": 51,
        "EBIT": 57,
        "Net Income": 41
    },
    "2017-12-31": {
        "Diluted EPS": 0.84,
        "Total Revenue": 114,
        "Gross Profit": 95,
        "Operating Income": 36,
        "EBIT": 42,
        "Net Income": 49
    },
    "2017-09-30": {
        "Diluted EPS": 0.35,
        "Total Revenue": 101,
        "Gross Profit": 83,
        "Operating Income": 22,
        "EBIT": 27,
        "Net Income": 21
    },
    "2017-06-30": {
        "Diluted EPS": 0.34,
        "Total Revenue": 98,
        "Gross Profit": 80,
        "Operating Income": 19,
        "EBIT": 24,
        "Net Income": 20
    },
    "2017-03-31": {
        "Diluted EPS": 0.57,
        "Total Revenue": 120,
        "Gross Profit": 102,
        "Operating Income": 53,
        "EBIT": 57,
        "Net Income": 34
    },
    "2016-12-31": {
        "Diluted EPS": 0.6,
        "Total Revenue": 88,
        "Gross Profit": 72,
        "Operating Income": 56,
        "EBIT": 60,
        "Net Income": 35
    },
    "2016-09-30": {
        "Diluted EPS": 0.1,
        "Total Revenue": 77,
        "Gross Profit": 63,
        "Operating Income": 1,
        "EBIT": 4,
        "Net Income": 6
    },
    "2016-06-30": {
        "Diluted EPS": 0.18,
        "Total Revenue": 74,
        "Gross Profit": 62,
        "Operating Income": 16,
        "EBIT": 19,
        "Net Income": 10
    },
    "2016-03-31": {
        "Diluted EPS": 0.31,
        "Total Revenue": 90,
        "Gross Profit": 78,
        "Operating Income": 29,
        "EBIT": 32,
        "Net Income": 19
    },
    "2015-12-31": {
        "Diluted EPS": 0.08,
        "Total Revenue": 65,
        "Gross Profit": 55,
        "Operating Income": 6,
        "EBIT": 9,
        "Net Income": 5
    },
    "2015-09-30": {
        "Diluted EPS": 0.07,
        "Total Revenue": 55,
        "Gross Profit": 46,
        "Operating Income": 7,
        "EBIT": 9,
        "Net Income": 4
    },
    "2015-06-30": {
        "Diluted EPS": 0.1,
        "Total Revenue": 49,
        "Gross Profit": 41,
        "Operating Income": 11,
        "EBIT": 13,
        "Net Income": 6
    },
    "2015-03-31": {
        "Diluted EPS": 0.11,
        "Total Revenue": 55,
        "Gross Profit": 47,
        "Operating Income": 11,
        "EBIT": 13,
        "Net Income": 6
    },
    "2014-12-31": {
        "Diluted EPS": 0.05,
        "Total Revenue": 44,
        "Gross Profit": 37,
        "Operating Income": 5,
        "EBIT": 11,
        "Net Income": 3
    },
    "2014-09-30": {
        "Diluted EPS": 0.05,
        "Total Revenue": 37,
        "Gross Profit": 30,
        "Operating Income": 5,
        "EBIT": 6,
        "Net Income": 3
    },
    "2014-06-30": {
        "Diluted EPS": -0.01,
        "Total Revenue": 33,
        "Gross Profit": 26,
        "Operating Income": 3,
        "EBIT": 5,
        "Net Income": -1
    },
    "2014-03-31": {
        "Diluted EPS": 0.02,
        "Total Revenue": 37,
        "Gross Profit": 30,
        "Operating Income": 3,
        "EBIT": 5,
        "Net Income": 1
    },
    "2013-12-31": {
        "Diluted EPS": -0.03,
        "Total Revenue": 30,
        "Gross Profit": 24,
        "Operating Income": -1,
        "EBIT": 0,
        "Net Income": -1
    },
    "2013-09-30": {
        "Diluted EPS": -0.01,
        "Total Revenue": 26,
        "Gross Profit": 20,
        "Operating Income": 2,
        "EBIT": 3,
        "Net Income": 0
    },
    "2013-06-30": {
        "Diluted EPS": 0.01,
        "Total Revenue": 24,
        "Gross Profit": 19,
        "Operating Income": 3,
        "EBIT": 5,
        "Net Income": 0
    },
    "2013-03-31": {
        "Diluted EPS": 0.05,
        "Total Revenue": 28,
        "Gross Profit": 23,
        "Operating Income": 6,
        "EBIT": 7,
        "Net Income": 3
    },
    "2012-12-31": {
        "Diluted EPS": 0.0,
        "Total Revenue": NaN,
        "Gross Profit": NaN,
        "Operating Income": NaN,
        "EBIT": NaN,
        "Net Income": NaN
    },
    "2011-12-31": {
        "Diluted EPS": 0.0,
        "Total Revenue": NaN,
        "Gross Profit": NaN,
        "Operating Income": NaN,
        "EBIT": NaN,
        "Net Income": NaN
    },
    "2023-09-30": {
        "Tax Effect Of Unusual Items": NaN,
        "Tax Rate For Calcs": NaN,
        "Normalized EBITDA": NaN,
        "Net Income From Continuing Operation Net Minority Interest": NaN,
        "Reconciled Depreciation": NaN,
        "Reconciled Cost Of Revenue": NaN,
        "EBITDA": NaN,
        "EBIT": NaN,
        "Net Interest Income": NaN,
        "Interest Expense": NaN,
        "Normalized Income": NaN,
        "Net Income From Continuing And Discontinued Operation": NaN,
        "Total Expenses": NaN,
        "Total Operating Income As Reported": NaN,
        "Diluted Average Shares": 57966000.0,
        "Basic Average Shares": 57825000.0,
        "Diluted EPS": 1.3,
        "Basic EPS": 1.3,
        "Diluted NI Availto Com Stockholders": NaN,
        "Net Income Common Stockholders": NaN,
        "Net Income": NaN,
        "Net Income Including Noncontrolling Interests": NaN,
        "Net Income Continuous Operations": NaN,
        "Tax Provision": NaN,
        "Pretax Income": NaN,
        "Other Income Expense": NaN,
        "Other Non Operating Income Expenses": NaN,
        "Net Non Operating Interest Income Expense": NaN,
        "Interest Expense Non Operating": NaN,
        "Operating Income": NaN,
        "Operating Expense": NaN,
        "Depreciation Amortization Depletion Income Statement": NaN,
        "Depreciation And Amortization In Income Statement": NaN,
        "Research And Development": NaN,
        "Selling General And Administration": NaN,
        "Selling And Marketing Expense": NaN,
        "General And Administrative Expense": NaN,
        "Other Gand A": NaN,
        "Gross Profit": NaN,
        "Cost Of Revenue": NaN,
        "Total Revenue": NaN,
        "Operating Revenue": NaN
    },
    "2023-12-31": {
        "Tax Effect Of Unusual Items": 0.0,
        "Tax Rate For Calcs": 0.269453,
        "Normalized EBITDA": 143167000.0,
        "Net Income From Continuing Operation Net Minority Interest": 81757000.0,
        "Reconciled Depreciation": 30989000.0,
        "Reconciled Cost Of Revenue": 60397000.0,
        "EBITDA": 143167000.0,
        "EBIT": 112178000.0,
        "Net Interest Income": -266000.0,
        "Interest Expense": 266000.0,
        "Normalized Income": 81757000.0,
        "Net Income From Continuing And Discontinued Operation": 81757000.0,
        "Total Expenses": 327872000.0,
        "Total Operating Income As Reported": 106723000.0,
        "Diluted Average Shares": 57229000.0,
        "Basic Average Shares": 57229000.0,
        "Diluted EPS": 1.43,
        "Basic EPS": 1.43,
        "Diluted NI Availto Com Stockholders": 81757000.0,
        "Net Income Common Stockholders": 81757000.0,
        "Net Income": 81757000.0,
        "Net Income Including Noncontrolling Interests": 81757000.0,
        "Net Income Continuous Operations": 81757000.0,
        "Tax Provision": 30155000.0,
        "Pretax Income": 111912000.0,
        "Other Income Expense": 5455000.0,
        "Other Non Operating Income Expenses": 5455000.0,
        "Net Non Operating Interest Income Expense": -266000.0,
        "Interest Expense Non Operating": 266000.0,
        "Operating Income": 106723000.0,
        "Operating Expense": 253183000.0,
        "Depreciation Amortization Depletion Income Statement": 16697000.0,
        "Depreciation And Amortization In Income Statement": 16697000.0,
        "Research And Development": 55300000.0,
        "Selling General And Administration": 181186000.0,
        "Selling And Marketing Expense": 106446000.0,
        "General And Administrative Expense": 74740000.0,
        "Other Gand A": 74740000.0,
        "Gross Profit": 359906000.0,
        "Cost Of Revenue": 74689000.0,
        "Total Revenue": 434595000.0,
        "Operating Revenue": 434595000.0
    },
    "2024-03-31": {
        "Tax Effect Of Unusual Items": 0.0,
        "Tax Rate For Calcs": 0.148,
        "Normalized EBITDA": 323291000.0,
        "Net Income From Continuing Operation Net Minority Interest": 247187000.0,
        "Reconciled Depreciation": 32468000.0,
        "Reconciled Cost Of Revenue": 63670000.0,
        "EBITDA": 323291000.0,
        "EBIT": 290823000.0,
        "Net Interest Income": -782000.0,
        "Interest Expense": 782000.0,
        "Normalized Income": 247187000.0,
        "Net Income From Continuing And Discontinued Operation": 247187000.0,
        "Total Expenses": 214067000.0,
        "Total Operating Income As Reported": 285814000.0,
        "Diluted Average Shares": 56552000.0,
        "Basic Average Shares": 56546000.0,
        "Diluted EPS": 4.37,
        "Basic EPS": 4.37,
        "Diluted NI Availto Com Stockholders": 247187000.0,
        "Net Income Common Stockholders": 247187000.0,
        "Net Income": 247187000.0,
        "Net Income Including Noncontrolling Interests": 247187000.0,
        "Net Income Continuous Operations": 247187000.0,
        "Tax Provision": 42854000.0,
        "Pretax Income": 290041000.0,
        "Other Income Expense": 5009000.0,
        "Other Non Operating Income Expenses": 5009000.0,
        "Net Non Operating Interest Income Expense": -782000.0,
        "Interest Expense Non Operating": 782000.0,
        "Operating Income": 285814000.0,
        "Operating Expense": 135436000.0,
        "Depreciation Amortization Depletion Income Statement": 17507000.0,
        "Depreciation And Amortization In Income Statement": 17507000.0,
        "Research And Development": 50509000.0,
        "Selling General And Administration": 67420000.0,
        "Selling And Marketing Expense": 115524000.0,
        "General And Administrative Expense": -48104000.0,
        "Other Gand A": -48104000.0,
        "Gross Profit": 421250000.0,
        "Cost Of Revenue": 78631000.0,
        "Total Revenue": 499881000.0,
        "Operating Revenue": 499881000.0
    },
    "2024-06-30": {
        "Tax Effect Of Unusual Items": 0.0,
        "Tax Rate For Calcs": 0.314438,
        "Normalized EBITDA": 135541000.0,
        "Net Income From Continuing Operation Net Minority Interest": 67970000.0,
        "Reconciled Depreciation": 35614000.0,
        "Reconciled Cost Of Revenue": 67451000.0,
        "EBITDA": 135541000.0,
        "EBIT": 99927000.0,
        "Net Interest Income": -782000.0,
        "Interest Expense": 782000.0,
        "Normalized Income": 67970000.0,
        "Net Income From Continuing And Discontinued Operation": 67970000.0,
        "Total Expenses": 342372000.0,
        "Total Operating Income As Reported": 95140000.0,
        "Diluted Average Shares": 56771000.0,
        "Basic Average Shares": 56451000.0,
        "Diluted EPS": 1.2,
        "Basic EPS": 1.2,
        "Diluted NI Availto Com Stockholders": 67970000.0,
        "Net Income Common Stockholders": 67970000.0,
        "Net Income": 67970000.0,
        "Net Income Including Noncontrolling Interests": 67970000.0,
        "Net Income Continuous Operations": 67970000.0,
        "Tax Provision": 31175000.0,
        "Pretax Income": 99145000.0,
        "Other Income Expense": 4787000.0,
        "Other Non Operating Income Expenses": 4787000.0,
        "Net Non Operating Interest Income Expense": -782000.0,
        "Interest Expense Non Operating": 782000.0,
        "Operating Income": 95140000.0,
        "Operating Expense": 258488000.0,
        "Depreciation Amortization Depletion Income Statement": 19181000.0,
        "Depreciation And Amortization In Income Statement": 19181000.0,
        "Research And Development": 62371000.0,
        "Selling General And Administration": 176936000.0,
        "Selling And Marketing Expense": 106864000.0,
        "General And Administrative Expense": 70072000.0,
        "Other Gand A": 70072000.0,
        "Gross Profit": 353628000.0,
        "Cost Of Revenue": 83884000.0,
        "Total Revenue": 437512000.0,
        "Operating Revenue": 437512000.0
    },
    "2024-09-30": {
        "Tax Effect Of Unusual Items": 0.0,
        "Tax Rate For Calcs": 0.323467,
        "Normalized EBITDA": 147179000.0,
        "Net Income From Continuing Operation Net Minority Interest": 73278000.0,
        "Reconciled Depreciation": 38076000.0,
        "Reconciled Cost Of Revenue": 70818000.0,
        "EBITDA": 147179000.0,
        "EBIT": 109103000.0,
        "Net Interest Income": -789000.0,
        "Interest Expense": 789000.0,
        "Normalized Income": 73278000.0,
        "Net Income From Continuing And Discontinued Operation": 73278000.0,
        "Total Expenses": 347060000.0,
        "Total Operating Income As Reported": 104874000.0,
        "Diluted Average Shares": 55964000.0,
        "Basic Average Shares": 55929000.0,
        "Diluted EPS": 1.31,
        "Basic EPS": 1.31,
        "Diluted NI Availto Com Stockholders": 73278000.0,
        "Net Income Common Stockholders": 73278000.0,
        "Net Income": 73278000.0,
        "Net Income Including Noncontrolling Interests": 73278000.0,
        "Net Income Continuous Operations": 73278000.0,
        "Tax Provision": 35036000.0,
        "Pretax Income": 108314000.0,
        "Other Income Expense": 4229000.0,
        "Other Non Operating Income Expenses": 4229000.0,
        "Net Non Operating Interest Income Expense": -789000.0,
        "Interest Expense Non Operating": 789000.0,
        "Operating Income": 104874000.0,
        "Operating Expense": 258707000.0,
        "Depreciation Amortization Depletion Income Statement": 20541000.0,
        "Depreciation And Amortization In Income Statement": 20541000.0,
        "Research And Development": 63047000.0,
        "Selling General And Administration": 175119000.0,
        "Selling And Marketing Expense": 104477000.0,
        "General And Administrative Expense": 70642000.0,
        "Other Gand A": 70642000.0,
        "Gross Profit": 363581000.0,
        "Cost Of Revenue": 88353000.0,
        "Total Revenue": 451934000.0,
        "Operating Revenue": 451934000.0
    },
    "2024-12-31": {
        "Tax Effect Of Unusual Items": 0.0,
        "Tax Rate For Calcs": 0.250396,
        "Normalized EBITDA": 192289000.0,
        "Net Income From Continuing Operation Net Minority Interest": 113565000.0,
        "Reconciled Depreciation": 39742000.0,
        "Reconciled Cost Of Revenue": 65461000.0,
        "EBITDA": 192289000.0,
        "EBIT": 152547000.0,
        "Net Interest Income": -1047000.0,
        "Interest Expense": 1047000.0,
        "Normalized Income": 113565000.0,
        "Net Income From Continuing And Discontinued Operation": 113565000.0,
        "Total Expenses": 345401000.0,
        "Total Operating Income As Reported": 148472000.0,
        "Diluted Average Shares": 56200000.0,
        "Basic Average Shares": 55900000.0,
        "Diluted EPS": 2.02,
        "Basic EPS": 2.03,
        "Diluted NI Availto Com Stockholders": 113565000.0,
        "Net Income Common Stockholders": 113565000.0,
        "Net Income": 113565000.0,
        "Net Income Including Noncontrolling Interests": 113565000.0,
        "Net Income Continuous Operations": 113565000.0,
        "Tax Provision": 37935000.0,
        "Pretax Income": 151500000.0,
        "Other Income Expense": 4075000.0,
        "Other Non Operating Income Expenses": 4075000.0,
        "Net Non Operating Interest Income Expense": -1047000.0,
        "Interest Expense Non Operating": 1047000.0,
        "Operating Income": 148472000.0,
        "Operating Expense": 261669000.0,
        "Depreciation Amortization Depletion Income Statement": 21471000.0,
        "Depreciation And Amortization In Income Statement": 21471000.0,
        "Research And Development": 66673000.0,
        "Selling General And Administration": 173525000.0,
        "Selling And Marketing Expense": 107535000.0,
        "General And Administrative Expense": 65990000.0,
        "Other Gand A": 65990000.0,
        "Gross Profit": 410141000.0,
        "Cost Of Revenue": 83732000.0,
        "Total Revenue": 493873000.0,
        "Operating Revenue": 493873000.0
    }
}