{
    "2023-03-31": {
        "Tax Effect Of Unusual Items": NaN,
        "Tax Rate For Calcs": NaN,
        "Normalized EBITDA": NaN,
        "Total Unusual Items": NaN,
        "Total Unusual Items Excluding Goodwill": NaN,
        "Net Income From Continuing Operation Net Minority Interest": NaN,
        "Reconciled Depreciation": NaN,
        "Reconciled Cost Of Revenue": NaN,
        "EBITDA": NaN,
        "EBIT": NaN,
        "Net Interest Income": NaN,
        "Interest Income": NaN,
        "Normalized Income": NaN,
        "Net Income From Continuing And Discontinued Operation": NaN,
        "Total Expenses": NaN,
        "Total Operating Income As Reported": NaN,
        "Diluted Average Shares": NaN,
        "Basic Average Shares": NaN,
        "Diluted EPS": NaN,
        "Basic EPS": NaN,
        "Diluted NI Availto Com Stockholders": NaN,
        "Net Income Common Stockholders": NaN,
        "Net Income": NaN,
        "Net Income Including Noncontrolling Interests": NaN,
        "Net Income Continuous Operations": NaN,
        "Earnings From Equity Interest Net Of Tax": 0.0,
        "Tax Provision": NaN,
        "Pretax Income": NaN,
        "Other Income Expense": NaN,
        "Gain On Sale Of Security": NaN,
        "Net Non Operating Interest Income Expense": NaN,
        "Total Other Finance Cost": -2350000.0,
        "Interest Income Non Operating": NaN,
        "Operating Income": NaN,
        "Operating Expense": NaN,
        "Other Operating Expenses": NaN,
        "Depreciation Amortization Depletion Income Statement": NaN,
        "Depreciation And Amortization In Income Statement": NaN,
        "Research And Development": NaN,
        "Selling General And Administration": NaN,
        "Selling And Marketing Expense": NaN,
        "General And Administrative Expense": NaN,
        "Other Gand A": NaN,
        "Gross Profit": NaN,
        "Cost Of Revenue": NaN,
        "Total Revenue": NaN,
        "Operating Revenue": NaN
    },
    "2022-12-31": {
        "Tax Effect Of Unusual Items": NaN,
        "Tax Rate For Calcs": NaN,
        "Normalized EBITDA": NaN,
        "Total Unusual Items": NaN,
        "Total Unusual Items Excluding Goodwill": NaN,
        "Net Income From Continuing Operation Net Minority Interest": NaN,
        "Reconciled Depreciation": NaN,
        "Reconciled Cost Of Revenue": NaN,
        "EBITDA": NaN,
        "EBIT": NaN,
        "Net Interest Income": NaN,
        "Interest Income": NaN,
        "Normalized Income": NaN,
        "Net Income From Continuing And Discontinued Operation": NaN,
        "Total Expenses": NaN,
        "Total Operating Income As Reported": NaN,
        "Diluted Average Shares": NaN,
        "Basic Average Shares": NaN,
        "Diluted EPS": NaN,
        "Basic EPS": NaN,
        "Diluted NI Availto Com Stockholders": NaN,
        "Net Income Common Stockholders": NaN,
        "Net Income": NaN,
        "Net Income Including Noncontrolling Interests": NaN,
        "Net Income Continuous Operations": NaN,
        "Earnings From Equity Interest Net Of Tax": -13000.0,
        "Tax Provision": NaN,
        "Pretax Income": NaN,
        "Other Income Expense": NaN,
        "Gain On Sale Of Security": NaN,
        "Net Non Operating Interest Income Expense": NaN,
        "Total Other Finance Cost": NaN,
        "Interest Income Non Operating": NaN,
        "Operating Income": NaN,
        "Operating Expense": NaN,
        "Other Operating Expenses": NaN,
        "Depreciation Amortization Depletion Income Statement": NaN,
        "Depreciation And Amortization In Income Statement": NaN,
        "Research And Development": NaN,
        "Selling General And Administration": NaN,
        "Selling And Marketing Expense": NaN,
        "General And Administrative Expense": NaN,
        "Other Gand A": NaN,
        "Gross Profit": NaN,
        "Cost Of Revenue": NaN,
        "Total Revenue": NaN,
        "Operating Revenue": NaN
    },
    "2022-09-30": {
        "Tax Effect Of Unusual Items": NaN,
        "Tax Rate For Calcs": NaN,
        "Normalized EBITDA": NaN,
        "Total Unusual Items": NaN,
        "Total Unusual Items Excluding Goodwill": NaN,
        "Net Income From Continuing Operation Net Minority Interest": NaN,
        "Reconciled Depreciation": NaN,
        "Reconciled Cost Of Revenue": NaN,
        "EBITDA": NaN,
        "EBIT": NaN,
        "Net Interest Income": NaN,
        "Interest Expense": 3617000.0,
        "Interest Income": NaN,
        "Normalized Income": NaN,
        "Net Income From Continuing And Discontinued Operation": NaN,
        "Total Expenses": NaN,
        "Total Operating Income As Reported": NaN,
        "Diluted Average Shares": NaN,
        "Basic Average Shares": NaN,
        "Diluted EPS": NaN,
        "Basic EPS": NaN,
        "Diluted NI Availto Com Stockholders": NaN,
        "Net Income Common Stockholders": NaN,
        "Net Income": NaN,
        "Net Income Including Noncontrolling Interests": NaN,
        "Net Income Continuous Operations": NaN,
        "Earnings From Equity Interest Net Of Tax": NaN,
        "Tax Provision": NaN,
        "Pretax Income": NaN,
        "Other Income Expense": NaN,
        "Gain On Sale Of Security": NaN,
        "Net Non Operating Interest Income Expense": NaN,
        "Total Other Finance Cost": 3617000.0,
        "Interest Expense Non Operating": 3617000.0,
        "Interest Income Non Operating": NaN,
        "Operating Income": NaN,
        "Operating Expense": NaN,
        "Other Operating Expenses": NaN,
        "Depreciation Amortization Depletion Income Statement": NaN,
        "Depreciation And Amortization In Income Statement": NaN,
        "Research And Development": NaN,
        "Selling General And Administration": NaN,
        "Selling And Marketing Expense": NaN,
        "General And Administrative Expense": NaN,
        "Other Gand A": NaN,
        "Gross Profit": NaN,
        "Cost Of Revenue": NaN,
        "Total Revenue": NaN,
        "Operating Revenue": NaN
    },
    "2022-06-30": {
        "Tax Effect Of Unusual Items": 3038048.250905,
        "Tax Rate For Calcs": 0.236774,
        "Normalized EBITDA": -9864000.0,
        "Total Unusual Items": 12831000.0,
        "Total Unusual Items Excluding Goodwill": 12831000.0,
        "Net Income From Continuing Operation Net Minority Interest": 4422000.0,
        "Reconciled Depreciation": 5171000.0,
        "Reconciled Cost Of Revenue": 26212000.0,
        "EBITDA": 2967000.0,
        "EBIT": -2204000.0,
        "Net Interest Income": -4824000.0,
        "Interest Expense": NaN,
        "Normalized Income": -5370951.749095,
        "Net Income From Continuing And Discontinued Operation": 4422000.0,
        "Total Expenses": 150394000.0,
        "Total Operating Income As Reported": -2204000.0,
        "Diluted Average Shares": 366013696.0,
        "Basic Average Shares": 345522076.0,
        "Diluted EPS": 0.01,
        "Basic EPS": 0.01,
        "Diluted NI Availto Com Stockholders": 4422000.0,
        "Net Income Common Stockholders": 4422000.0,
        "Net Income": 4422000.0,
        "Net Income Including Noncontrolling Interests": 4422000.0,
        "Net Income Continuous Operations": 4422000.0,
        "Earnings From Equity Interest Net Of Tax": -7000.0,
        "Tax Provision": 1374000.0,
        "Pretax Income": 5803000.0,
        "Other Income Expense": 12831000.0,
        "Gain On Sale Of Security": 12831000.0,
        "Net Non Operating Interest Income Expense": -4824000.0,
        "Total Other Finance Cost": 4824000.0,
        "Interest Expense Non Operating": NaN,
        "Operating Income": -2204000.0,
        "Operating Expense": 124182000.0,
        "Other Operating Expenses": 35392000.0,
        "Depreciation Amortization Depletion Income Statement": 5171000.0,
        "Depreciation And Amortization In Income Statement": 5171000.0,
        "Research And Development": 26607000.0,
        "Selling General And Administration": 57012000.0,
        "Selling And Marketing Expense": 36820000.0,
        "General And Administrative Expense": 20192000.0,
        "Other Gand A": 20192000.0,
        "Gross Profit": 121978000.0,
        "Cost Of Revenue": 26212000.0,
        "Total Revenue": 148190000.0,
        "Operating Revenue": 148190000.0
    },
    "2022-03-31": {
        "Diluted EPS": 0.06,
        "Total Revenue": 137,
        "Gross Profit": 137,
        "Operating Income": -6,
        "EBIT": -2,
        "Net Income": 20
    },
    "2021-12-31": {
        "Diluted EPS": 0.46,
        "Total Revenue": 139,
        "Gross Profit": 139,
        "Operating Income": -4,
        "EBIT": 0,
        "Net Income": -23
    },
    "2021-09-30": {
        "Diluted EPS": 0.0,
        "Total Revenue": 123,
        "Gross Profit": 123,
        "Operating Income": -7,
        "EBIT": -2,
        "Net Income": 1
    },
    "2021-06-30": {
        "Diluted EPS": -0.63,
        "Total Revenue": 111,
        "Gross Profit": 111,
        "Operating Income": -18,
        "EBIT": -14,
        "Net Income": -42
    },
    "2021-03-31": {
        "Diluted EPS": -0.16,
        "Total Revenue": 101,
        "Gross Profit": 101,
        "Operating Income": -1,
        "EBIT": 4,
        "Net Income": -4
    },
    "2020-12-31": {
        "Diluted EPS": 0.0,
        "Total Revenue": NaN,
        "Gross Profit": NaN,
        "Operating Income": NaN,
        "EBIT": NaN,
        "Net Income": NaN
    },
    "2020-09-30": {
        "Diluted EPS": -0.05,
        "Total Revenue": 91,
        "Gross Profit": 91,
        "Operating Income": 1,
        "EBIT": 5,
        "Net Income": 2
    },
    "2020-06-30": {
        "Diluted EPS": -0.22,
        "Total Revenue": 78,
        "Gross Profit": 78,
        "Operating Income": -6,
        "EBIT": -6,
        "Net Income": -7
    },
    "2019-12-31": {
        "Diluted EPS": 0.0,
        "Total Revenue": NaN,
        "Gross Profit": NaN,
        "Operating Income": NaN,
        "EBIT": NaN,
        "Net Income": NaN
    },
    "2023-06-30": {
        "Tax Effect Of Unusual Items": NaN,
        "Tax Rate For Calcs": NaN,
        "Normalized EBITDA": NaN,
        "Total Unusual Items": NaN,
        "Total Unusual Items Excluding Goodwill": NaN,
        "Net Income From Continuing Operation Net Minority Interest": NaN,
        "Reconciled Depreciation": NaN,
        "Reconciled Cost Of Revenue": NaN,
        "EBITDA": NaN,
        "EBIT": NaN,
        "Net Interest Income": NaN,
        "Interest Income": NaN,
        "Normalized Income": NaN,
        "Net Income From Continuing And Discontinued Operation": NaN,
        "Total Expenses": NaN,
        "Total Operating Income As Reported": NaN,
        "Diluted Average Shares": NaN,
        "Basic Average Shares": NaN,
        "Diluted EPS": NaN,
        "Basic EPS": NaN,
        "Diluted NI Availto Com Stockholders": NaN,
        "Net Income Common Stockholders": NaN,
        "Net Income": NaN,
        "Net Income Including Noncontrolling Interests": NaN,
        "Net Income Continuous Operations": NaN,
        "Earnings From Equity Interest Net Of Tax": 0.0,
        "Tax Provision": NaN,
        "Pretax Income": NaN,
        "Other Income Expense": NaN,
        "Gain On Sale Of Security": NaN,
        "Net Non Operating Interest Income Expense": NaN,
        "Total Other Finance Cost": -4318000.0,
        "Interest Income Non Operating": NaN,
        "Operating Income": NaN,
        "Operating Expense": NaN,
        "Other Operating Expenses": NaN,
        "Depreciation Amortization Depletion Income Statement": NaN,
        "Depreciation And Amortization In Income Statement": NaN,
        "Research And Development": NaN,
        "Selling General And Administration": NaN,
        "Selling And Marketing Expense": NaN,
        "General And Administrative Expense": NaN,
        "Other Gand A": NaN,
        "Gross Profit": NaN,
        "Cost Of Revenue": NaN,
        "Total Revenue": NaN,
        "Operating Revenue": NaN
    },
    "2023-09-30": {
        "Tax Effect Of Unusual Items": NaN,
        "Tax Rate For Calcs": NaN,
        "Normalized EBITDA": NaN,
        "Total Unusual Items": NaN,
        "Total Unusual Items Excluding Goodwill": NaN,
        "Net Income From Continuing Operation Net Minority Interest": NaN,
        "Reconciled Depreciation": NaN,
        "Reconciled Cost Of Revenue": NaN,
        "EBITDA": NaN,
        "EBIT": NaN,
        "Net Interest Income": NaN,
        "Interest Income": 1137000.0,
        "Normalized Income": NaN,
        "Net Income From Continuing And Discontinued Operation": NaN,
        "Total Expenses": NaN,
        "Total Operating Income As Reported": NaN,
        "Diluted Average Shares": NaN,
        "Basic Average Shares": NaN,
        "Diluted EPS": NaN,
        "Basic EPS": NaN,
        "Diluted NI Availto Com Stockholders": NaN,
        "Net Income Common Stockholders": NaN,
        "Net Income": NaN,
        "Net Income Including Noncontrolling Interests": NaN,
        "Net Income Continuous Operations": NaN,
        "Earnings From Equity Interest Net Of Tax": 0.0,
        "Tax Provision": NaN,
        "Pretax Income": NaN,
        "Other Income Expense": NaN,
        "Gain On Sale Of Security": NaN,
        "Net Non Operating Interest Income Expense": NaN,
        "Total Other Finance Cost": -1137000.0,
        "Interest Income Non Operating": 1137000.0,
        "Operating Income": NaN,
        "Operating Expense": NaN,
        "Other Operating Expenses": NaN,
        "Depreciation Amortization Depletion Income Statement": NaN,
        "Depreciation And Amortization In Income Statement": NaN,
        "Research And Development": NaN,
        "Selling General And Administration": NaN,
        "Selling And Marketing Expense": NaN,
        "General And Administrative Expense": NaN,
        "Other Gand A": NaN,
        "Gross Profit": NaN,
        "Cost Of Revenue": NaN,
        "Total Revenue": NaN,
        "Operating Revenue": NaN
    },
    "2023-12-31": {
        "Tax Effect Of Unusual Items": NaN,
        "Tax Rate For Calcs": NaN,
        "Normalized EBITDA": NaN,
        "Total Unusual Items": 11824000.0,
        "Total Unusual Items Excluding Goodwill": 11824000.0,
        "Net Income From Continuing Operation Net Minority Interest": NaN,
        "Reconciled Depreciation": NaN,
        "Reconciled Cost Of Revenue": NaN,
        "EBITDA": NaN,
        "EBIT": NaN,
        "Net Interest Income": NaN,
        "Interest Expense": NaN,
        "Interest Income": NaN,
        "Normalized Income": NaN,
        "Net Income From Continuing And Discontinued Operation": NaN,
        "Total Expenses": NaN,
        "Total Operating Income As Reported": NaN,
        "Diluted Average Shares": NaN,
        "Basic Average Shares": NaN,
        "Diluted EPS": NaN,
        "Basic EPS": NaN,
        "Diluted NI Availto Com Stockholders": NaN,
        "Net Income Common Stockholders": NaN,
        "Net Income": NaN,
        "Net Income Including Noncontrolling Interests": NaN,
        "Net Income Continuous Operations": NaN,
        "Earnings From Equity Interest Net Of Tax": 0.0,
        "Tax Provision": NaN,
        "Pretax Income": NaN,
        "Other Income Expense": 11824000.0,
        "Gain On Sale Of Security": 11824000.0,
        "Net Non Operating Interest Income Expense": NaN,
        "Total Other Finance Cost": -3763000.0,
        "Interest Expense Non Operating": NaN,
        "Interest Income Non Operating": NaN,
        "Operating Income": NaN,
        "Operating Expense": NaN,
        "Other Operating Expenses": NaN,
        "Depreciation Amortization Depletion Income Statement": NaN,
        "Depreciation And Amortization In Income Statement": NaN,
        "Research And Development": NaN,
        "Selling General And Administration": NaN,
        "Selling And Marketing Expense": NaN,
        "General And Administrative Expense": NaN,
        "Other Gand A": NaN,
        "Gross Profit": NaN,
        "Cost Of Revenue": NaN,
        "Total Revenue": NaN,
        "Operating Revenue": NaN
    },
    "2024-03-31": {
        "Tax Effect Of Unusual Items": NaN,
        "Tax Rate For Calcs": NaN,
        "Normalized EBITDA": NaN,
        "Total Unusual Items": 1761000.0,
        "Total Unusual Items Excluding Goodwill": 1761000.0,
        "Net Income From Continuing Operation Net Minority Interest": NaN,
        "Reconciled Depreciation": NaN,
        "Reconciled Cost Of Revenue": NaN,
        "EBITDA": NaN,
        "EBIT": NaN,
        "Net Interest Income": NaN,
        "Interest Expense": NaN,
        "Interest Income": NaN,
        "Normalized Income": NaN,
        "Net Income From Continuing And Discontinued Operation": NaN,
        "Total Expenses": NaN,
        "Total Operating Income As Reported": NaN,
        "Diluted Average Shares": 378715301.0,
        "Basic Average Shares": 359306195.0,
        "Diluted EPS": 0.08,
        "Basic EPS": 0.08,
        "Diluted NI Availto Com Stockholders": NaN,
        "Net Income Common Stockholders": NaN,
        "Net Income": NaN,
        "Net Income Including Noncontrolling Interests": NaN,
        "Net Income Continuous Operations": NaN,
        "Tax Provision": NaN,
        "Pretax Income": NaN,
        "Other Income Expense": 1761000.0,
        "Gain On Sale Of Security": 1761000.0,
        "Net Non Operating Interest Income Expense": NaN,
        "Total Other Finance Cost": -2747000.0,
        "Interest Expense Non Operating": NaN,
        "Interest Income Non Operating": NaN,
        "Operating Income": NaN,
        "Operating Expense": NaN,
        "Other Operating Expenses": NaN,
        "Depreciation Amortization Depletion Income Statement": NaN,
        "Depreciation And Amortization In Income Statement": NaN,
        "Research And Development": NaN,
        "Selling General And Administration": NaN,
        "Selling And Marketing Expense": NaN,
        "General And Administrative Expense": NaN,
        "Other Gand A": NaN,
        "Gross Profit": NaN,
        "Cost Of Revenue": NaN,
        "Total Revenue": NaN,
        "Operating Revenue": NaN
    },
    "2024-06-30": {
        "Tax Effect Of Unusual Items": 330521.132302,
        "Tax Rate For Calcs": 0.32855,
        "Normalized EBITDA": -9806000.0,
        "Total Unusual Items": 1006000.0,
        "Total Unusual Items Excluding Goodwill": 1006000.0,
        "Net Income From Continuing Operation Net Minority Interest": 32425000.0,
        "Reconciled Depreciation": 10712000.0,
        "Reconciled Cost Of Revenue": 36961000.0,
        "EBITDA": -8800000.0,
        "EBIT": -19512000.0,
        "Net Interest Income": 66797000.0,
        "Interest Expense": NaN,
        "Interest Income": 66797000.0,
        "Normalized Income": 31749521.132302,
        "Net Income From Continuing And Discontinued Operation": 32425000.0,
        "Total Expenses": 193211000.0,
        "Total Operating Income As Reported": 46309000.0,
        "Diluted Average Shares": 373368383.0,
        "Basic Average Shares": 356315658.0,
        "Diluted EPS": 0.09,
        "Basic EPS": 0.09,
        "Diluted NI Availto Com Stockholders": 32425000.0,
        "Net Income Common Stockholders": 32425000.0,
        "Net Income": 32425000.0,
        "Net Income Including Noncontrolling Interests": 32425000.0,
        "Net Income Continuous Operations": 32425000.0,
        "Tax Provision": 15866000.0,
        "Pretax Income": 48291000.0,
        "Other Income Expense": 1006000.0,
        "Gain On Sale Of Security": 1006000.0,
        "Net Non Operating Interest Income Expense": 66797000.0,
        "Total Other Finance Cost": NaN,
        "Interest Expense Non Operating": NaN,
        "Interest Income Non Operating": 66797000.0,
        "Operating Income": -19512000.0,
        "Operating Expense": 156250000.0,
        "Other Operating Expenses": 41242000.0,
        "Depreciation Amortization Depletion Income Statement": 10712000.0,
        "Depreciation And Amortization In Income Statement": 10712000.0,
        "Research And Development": 27580000.0,
        "Selling General And Administration": 76716000.0,
        "Selling And Marketing Expense": 50614000.0,
        "General And Administrative Expense": 26102000.0,
        "Other Gand A": 26102000.0,
        "Gross Profit": 136738000.0,
        "Cost Of Revenue": 36961000.0,
        "Total Revenue": 173699000.0,
        "Operating Revenue": 171243000.0
    },
    "2024-09-30": {
        "Tax Effect Of Unusual Items": -3096660.0,
        "Tax Rate For Calcs": 0.21,
        "Normalized EBITDA": -1744000.0,
        "Total Unusual Items": -14746000.0,
        "Total Unusual Items Excluding Goodwill": -14746000.0,
        "Net Income From Continuing Operation Net Minority Interest": 41574000.0,
        "Reconciled Depreciation": 12121000.0,
        "Reconciled Cost Of Revenue": 39447000.0,
        "EBITDA": -16490000.0,
        "EBIT": -30000000.0,
        "Net Interest Income": 66836000.0,
        "Interest Expense": NaN,
        "Interest Income": 66836000.0,
        "Normalized Income": 53223340.0,
        "Net Income From Continuing And Discontinued Operation": 41574000.0,
        "Total Expenses": 213112000.0,
        "Total Operating Income As Reported": 35162000.0,
        "Diluted Average Shares": 374303470.0,
        "Basic Average Shares": 357297824.0,
        "Diluted EPS": 0.11,
        "Basic EPS": 0.12,
        "Diluted NI Availto Com Stockholders": 41574000.0,
        "Net Income Common Stockholders": 41574000.0,
        "Net Income": 41574000.0,
        "Net Income Including Noncontrolling Interests": 41574000.0,
        "Net Income Continuous Operations": 41574000.0,
        "Tax Provision": -19484000.0,
        "Pretax Income": 22090000.0,
        "Other Income Expense": -14746000.0,
        "Gain On Sale Of Security": -14746000.0,
        "Net Non Operating Interest Income Expense": 66836000.0,
        "Total Other Finance Cost": NaN,
        "Interest Expense Non Operating": NaN,
        "Interest Income Non Operating": 66836000.0,
        "Operating Income": -30000000.0,
        "Operating Expense": 175054000.0,
        "Other Operating Expenses": 44892000.0,
        "Depreciation Amortization Depletion Income Statement": 13510000.0,
        "Depreciation And Amortization In Income Statement": 13510000.0,
        "Research And Development": 34616000.0,
        "Selling General And Administration": 82036000.0,
        "Selling And Marketing Expense": 52311000.0,
        "General And Administrative Expense": 29725000.0,
        "Other Gand A": 29725000.0,
        "Gross Profit": 145054000.0,
        "Cost Of Revenue": 38058000.0,
        "Total Revenue": 183112000.0,
        "Operating Revenue": 180360000.0
    },
    "2024-12-31": {
        "Tax Effect Of Unusual Items": 0.0,
        "Tax Rate For Calcs": 0.305884,
        "Normalized EBITDA": -17745000.0,
        "Total Unusual Items": 0.0,
        "Total Unusual Items Excluding Goodwill": 0.0,
        "Net Income From Continuing Operation Net Minority Interest": 18190000.0,
        "Reconciled Depreciation": 13205000.0,
        "Reconciled Cost Of Revenue": 43582000.0,
        "EBITDA": -17745000.0,
        "EBIT": -31411000.0,
        "Net Interest Income": 57617000.0,
        "Interest Expense": NaN,
        "Interest Income": 57617000.0,
        "Normalized Income": 18190000.0,
        "Net Income From Continuing And Discontinued Operation": 18190000.0,
        "Total Expenses": 232555000.0,
        "Total Operating Income As Reported": 29184000.0,
        "Diluted Average Shares": NaN,
        "Basic Average Shares": NaN,
        "Diluted EPS": NaN,
        "Basic EPS": NaN,
        "Diluted NI Availto Com Stockholders": 18190000.0,
        "Net Income Common Stockholders": 18190000.0,
        "Net Income": 18190000.0,
        "Net Income Including Noncontrolling Interests": 18190000.0,
        "Net Income Continuous Operations": 18190000.0,
        "Tax Provision": 8016000.0,
        "Pretax Income": 26206000.0,
        "Other Income Expense": 0.0,
        "Gain On Sale Of Security": 0.0,
        "Net Non Operating Interest Income Expense": 57617000.0,
        "Total Other Finance Cost": NaN,
        "Interest Expense Non Operating": NaN,
        "Interest Income Non Operating": 57617000.0,
        "Operating Income": -31411000.0,
        "Operating Expense": 189434000.0,
        "Other Operating Expenses": 43133000.0,
        "Depreciation Amortization Depletion Income Statement": 13666000.0,
        "Depreciation And Amortization In Income Statement": 13666000.0,
        "Research And Development": 40384000.0,
        "Selling General And Administration": 92251000.0,
        "Selling And Marketing Expense": 59024000.0,
        "General And Administrative Expense": 33227000.0,
        "Other Gand A": 33227000.0,
        "Gross Profit": 158023000.0,
        "Cost Of Revenue": 43121000.0,
        "Total Revenue": 201144000.0,
        "Operating Revenue": 198233000.0
    },
    "2025-03-31": {
        "Tax Effect Of Unusual Items": 0.0,
        "Tax Rate For Calcs": 0.26,
        "Normalized EBITDA": -14263000.0,
        "Total Unusual Items": NaN,
        "Total Unusual Items Excluding Goodwill": NaN,
        "Net Income From Continuing Operation Net Minority Interest": 20577000.0,
        "Reconciled Depreciation": 14390000.0,
        "Reconciled Cost Of Revenue": 39349000.0,
        "EBITDA": -14263000.0,
        "EBIT": -28653000.0,
        "Net Interest Income": 56422000.0,
        "Interest Expense": NaN,
        "Interest Income": 57972000.0,
        "Normalized Income": 20577000.0,
        "Net Income From Continuing And Discontinued Operation": 20577000.0,
        "Total Expenses": 217298000.0,
        "Total Operating Income As Reported": 29319000.0,
        "Diluted Average Shares": 382215129.0,
        "Basic Average Shares": 362979571.0,
        "Diluted EPS": 0.05,
        "Basic EPS": 0.06,
        "Diluted NI Availto Com Stockholders": 20577000.0,
        "Net Income Common Stockholders": 20577000.0,
        "Net Income": 20577000.0,
        "Net Income Including Noncontrolling Interests": 20577000.0,
        "Net Income Continuous Operations": 20577000.0,
        "Tax Provision": 7192000.0,
        "Pretax Income": 27769000.0,
        "Other Income Expense": NaN,
        "Gain On Sale Of Security": NaN,
        "Net Non Operating Interest Income Expense": 56422000.0,
        "Total Other Finance Cost": 1550000.0,
        "Interest Expense Non Operating": NaN,
        "Interest Income Non Operating": 57972000.0,
        "Operating Income": -28653000.0,
        "Operating Expense": 177949000.0,
        "Other Operating Expenses": 41658000.0,
        "Depreciation Amortization Depletion Income Statement": 14390000.0,
        "Depreciation And Amortization In Income Statement": 14390000.0,
        "Research And Development": 37271000.0,
        "Selling General And Administration": 84630000.0,
        "Selling And Marketing Expense": 54726000.0,
        "General And Administrative Expense": 29904000.0,
        "Other Gand A": 29904000.0,
        "Gross Profit": 149296000.0,
        "Cost Of Revenue": 39349000.0,
        "Total Revenue": 188645000.0,
        "Operating Revenue": 186263000.0
    },
    "2025-06-30": {
        "Tax Effect Of Unusual Items": 0.0,
        "Tax Rate For Calcs": 0.35,
        "Normalized EBITDA": 45630000.0,
        "Total Unusual Items": NaN,
        "Total Unusual Items Excluding Goodwill": NaN,
        "Net Income From Continuing Operation Net Minority Interest": 19480000.0,
        "Reconciled Depreciation": 15553000.0,
        "Reconciled Cost Of Revenue": 40566000.0,
        "EBITDA": 45630000.0,
        "EBIT": 30077000.0,
        "Net Interest Income": 58107000.0,
        "Interest Expense": 227000.0,
        "Interest Income": 58334000.0,
        "Normalized Income": 19480000.0,
        "Net Income From Continuing And Discontinued Operation": 19480000.0,
        "Total Expenses": 230537000.0,
        "Total Operating Income As Reported": 30077000.0,
        "Diluted Average Shares": 380632789.0,
        "Basic Average Shares": 368770598.0,
        "Diluted EPS": 0.05,
        "Basic EPS": 0.05,
        "Diluted NI Availto Com Stockholders": 19480000.0,
        "Net Income Common Stockholders": 19480000.0,
        "Net Income": 19480000.0,
        "Net Income Including Noncontrolling Interests": 19480000.0,
        "Net Income Continuous Operations": 19480000.0,
        "Tax Provision": 10370000.0,
        "Pretax Income": 29850000.0,
        "Other Income Expense": NaN,
        "Gain On Sale Of Security": NaN,
        "Net Non Operating Interest Income Expense": 58107000.0,
        "Total Other Finance Cost": NaN,
        "Interest Expense Non Operating": 227000.0,
        "Interest Income Non Operating": 58334000.0,
        "Operating Income": -28257000.0,
        "Operating Expense": 189971000.0,
        "Other Operating Expenses": 42703000.0,
        "Depreciation Amortization Depletion Income Statement": 15553000.0,
        "Depreciation And Amortization In Income Statement": 15553000.0,
        "Research And Development": 37387000.0,
        "Selling General And Administration": 94328000.0,
        "Selling And Marketing Expense": 57312000.0,
        "General And Administrative Expense": 37016000.0,
        "Other Gand A": 37016000.0,
        "Gross Profit": 161714000.0,
        "Cost Of Revenue": 40566000.0,
        "Total Revenue": 202280000.0,
        "Operating Revenue": 200496000.0
    }
}