{
    "2023-06-30": {
        "Tax Effect Of Unusual Items": NaN,
        "Tax Rate For Calcs": NaN,
        "Total Unusual Items": NaN,
        "Total Unusual Items Excluding Goodwill": NaN,
        "Net Income From Continuing Operation Net Minority Interest": NaN,
        "Reconciled Depreciation": NaN,
        "Net Interest Income": NaN,
        "Interest Expense": NaN,
        "Interest Income": NaN,
        "Normalized Income": NaN,
        "Net Income From Continuing And Discontinued Operation": NaN,
        "Diluted Average Shares": NaN,
        "Basic Average Shares": NaN,
        "Diluted EPS": NaN,
        "Basic EPS": NaN,
        "Diluted NI Availto Com Stockholders": NaN,
        "Net Income Common Stockholders": NaN,
        "Net Income": NaN,
        "Net Income Including Noncontrolling Interests": NaN,
        "Net Income Continuous Operations": NaN,
        "Tax Provision": NaN,
        "Pretax Income": NaN,
        "Special Income Charges": NaN,
        "Restructuring And Mergern Acquisition": NaN,
        "Gain On Sale Of Security": 0.0,
        "Depreciation Amortization Depletion Income Statement": NaN,
        "Depreciation And Amortization In Income Statement": NaN,
        "Amortization": NaN,
        "Amortization Of Intangibles Income Statement": NaN,
        "Depreciation Income Statement": NaN,
        "Selling General And Administration": NaN,
        "General And Administrative Expense": NaN,
        "Insurance And Claims": NaN,
        "Salaries And Wages": NaN,
        "Total Revenue": NaN,
        "Operating Revenue": NaN,
        "Occupancy And Equipment": NaN,
        "Other Non Interest Expense": NaN
    },
    "2023-03-31": {
        "Tax Effect Of Unusual Items": NaN,
        "Tax Rate For Calcs": NaN,
        "Total Unusual Items": NaN,
        "Total Unusual Items Excluding Goodwill": NaN,
        "Net Income From Continuing Operation Net Minority Interest": NaN,
        "Reconciled Depreciation": NaN,
        "Net Interest Income": NaN,
        "Interest Expense": NaN,
        "Interest Income": NaN,
        "Normalized Income": NaN,
        "Net Income From Continuing And Discontinued Operation": NaN,
        "Diluted Average Shares": NaN,
        "Basic Average Shares": NaN,
        "Diluted EPS": NaN,
        "Basic EPS": NaN,
        "Diluted NI Availto Com Stockholders": NaN,
        "Net Income Common Stockholders": NaN,
        "Net Income": NaN,
        "Net Income Including Noncontrolling Interests": NaN,
        "Net Income Continuous Operations": NaN,
        "Tax Provision": NaN,
        "Pretax Income": NaN,
        "Special Income Charges": NaN,
        "Restructuring And Mergern Acquisition": NaN,
        "Gain On Sale Of Security": 0.0,
        "Depreciation Amortization Depletion Income Statement": NaN,
        "Depreciation And Amortization In Income Statement": NaN,
        "Amortization": NaN,
        "Amortization Of Intangibles Income Statement": NaN,
        "Depreciation Income Statement": NaN,
        "Selling General And Administration": NaN,
        "General And Administrative Expense": NaN,
        "Insurance And Claims": NaN,
        "Salaries And Wages": NaN,
        "Total Revenue": NaN,
        "Operating Revenue": NaN,
        "Occupancy And Equipment": NaN,
        "Other Non Interest Expense": NaN
    },
    "2022-12-31": {
        "Tax Effect Of Unusual Items": 381850.879353,
        "Tax Rate For Calcs": 0.210386,
        "Total Unusual Items": 1815000.0,
        "Total Unusual Items Excluding Goodwill": 1815000.0,
        "Net Income From Continuing Operation Net Minority Interest": 137880000.0,
        "Reconciled Depreciation": 6996000.0,
        "Net Interest Income": 256137000.0,
        "Interest Expense": 52455000.0,
        "Interest Income": 308592000.0,
        "Normalized Income": 136446850.879353,
        "Net Income From Continuing And Discontinued Operation": 137880000.0,
        "Diluted Average Shares": 91287000.0,
        "Basic Average Shares": 91287000.0,
        "Diluted EPS": 1.51,
        "Basic EPS": 1.51,
        "Diluted NI Availto Com Stockholders": 137880000.0,
        "Net Income Common Stockholders": 137880000.0,
        "Net Income": 137880000.0,
        "Net Income Including Noncontrolling Interests": 137880000.0,
        "Net Income Continuous Operations": 137880000.0,
        "Tax Provision": 36737000.0,
        "Pretax Income": 174617000.0,
        "Special Income Charges": NaN,
        "Restructuring And Mergern Acquisition": NaN,
        "Depreciation Amortization Depletion Income Statement": 6996000.0,
        "Depreciation And Amortization In Income Statement": 6996000.0,
        "Amortization": 2558000.0,
        "Amortization Of Intangibles Income Statement": 2558000.0,
        "Depreciation Income Statement": 4438000.0,
        "Selling General And Administration": 71928000.0,
        "General And Administrative Expense": 68727000.0,
        "Insurance And Claims": NaN,
        "Salaries And Wages": 75353000.0,
        "Total Revenue": 284145000.0,
        "Operating Revenue": 284145000.0
    },
    "2022-09-30": {
        "Tax Effect Of Unusual Items": NaN,
        "Tax Rate For Calcs": NaN,
        "Total Unusual Items": NaN,
        "Total Unusual Items Excluding Goodwill": NaN,
        "Net Income From Continuing Operation Net Minority Interest": NaN,
        "Reconciled Depreciation": NaN,
        "Net Interest Income": NaN,
        "Interest Expense": NaN,
        "Interest Income": NaN,
        "Normalized Income": NaN,
        "Net Income From Continuing And Discontinued Operation": NaN,
        "Diluted Average Shares": NaN,
        "Basic Average Shares": NaN,
        "Diluted EPS": NaN,
        "Basic EPS": NaN,
        "Diluted NI Availto Com Stockholders": NaN,
        "Net Income Common Stockholders": NaN,
        "Net Income": NaN,
        "Net Income Including Noncontrolling Interests": NaN,
        "Net Income Continuous Operations": NaN,
        "Tax Provision": NaN,
        "Pretax Income": NaN,
        "Special Income Charges": NaN,
        "Restructuring And Mergern Acquisition": NaN,
        "Gain On Sale Of Security": NaN,
        "Depreciation Amortization Depletion Income Statement": NaN,
        "Depreciation And Amortization In Income Statement": NaN,
        "Amortization": NaN,
        "Amortization Of Intangibles Income Statement": NaN,
        "Depreciation Income Statement": NaN,
        "Selling General And Administration": NaN,
        "General And Administrative Expense": NaN,
        "Other Gand A": 6181000.0,
        "Insurance And Claims": NaN,
        "Salaries And Wages": NaN,
        "Total Revenue": NaN,
        "Operating Revenue": NaN
    },
    "2022-06-30": {
        "Tax Effect Of Unusual Items": 233022.0,
        "Tax Rate For Calcs": 0.213,
        "Total Unusual Items": 1094000.0,
        "Total Unusual Items Excluding Goodwill": 1094000.0,
        "Net Income From Continuing Operation Net Minority Interest": 128490000.0,
        "Reconciled Depreciation": 7120000.0,
        "Net Interest Income": 248471000.0,
        "Interest Expense": 9335000.0,
        "Interest Income": 257806000.0,
        "Normalized Income": 127629022.0,
        "Net Income From Continuing And Discontinued Operation": 128490000.0,
        "Diluted Average Shares": 91772000.0,
        "Basic Average Shares": 91772000.0,
        "Diluted EPS": 1.4,
        "Basic EPS": 1.4,
        "Diluted NI Availto Com Stockholders": 128490000.0,
        "Net Income Common Stockholders": 128490000.0,
        "Net Income": 128490000.0,
        "Net Income Including Noncontrolling Interests": 128490000.0,
        "Net Income Continuous Operations": 128490000.0,
        "Tax Provision": 34697000.0,
        "Pretax Income": 163187000.0,
        "Special Income Charges": NaN,
        "Restructuring And Mergern Acquisition": NaN,
        "Depreciation Amortization Depletion Income Statement": 7120000.0,
        "Depreciation And Amortization In Income Statement": 7120000.0,
        "Amortization": 2581000.0,
        "Amortization Of Intangibles Income Statement": 2581000.0,
        "Depreciation Income Statement": 4539000.0,
        "Selling General And Administration": 86428000.0,
        "General And Administrative Expense": 86428000.0,
        "Other Gand A": 6057000.0,
        "Insurance And Claims": NaN,
        "Salaries And Wages": 80371000.0,
        "Total Revenue": 276805000.0,
        "Operating Revenue": 276805000.0
    },
    "2023-09-30": {
        "Tax Effect Of Unusual Items": NaN,
        "Tax Rate For Calcs": NaN,
        "Total Unusual Items": NaN,
        "Total Unusual Items Excluding Goodwill": NaN,
        "Net Income From Continuing Operation Net Minority Interest": NaN,
        "Reconciled Depreciation": NaN,
        "Net Interest Income": NaN,
        "Interest Expense": NaN,
        "Interest Income": NaN,
        "Normalized Income": NaN,
        "Net Income From Continuing And Discontinued Operation": NaN,
        "Diluted Average Shares": 93720000.0,
        "Basic Average Shares": 93720000.0,
        "Diluted EPS": 1.2,
        "Basic EPS": 1.2,
        "Diluted NI Availto Com Stockholders": NaN,
        "Net Income Common Stockholders": NaN,
        "Net Income": NaN,
        "Net Income Including Noncontrolling Interests": NaN,
        "Net Income Continuous Operations": NaN,
        "Tax Provision": NaN,
        "Pretax Income": NaN,
        "Special Income Charges": NaN,
        "Restructuring And Mergern Acquisition": NaN,
        "Gain On Sale Of Security": 0.0,
        "Depreciation Amortization Depletion Income Statement": NaN,
        "Depreciation And Amortization In Income Statement": NaN,
        "Amortization": NaN,
        "Amortization Of Intangibles Income Statement": NaN,
        "Depreciation Income Statement": NaN,
        "Selling General And Administration": NaN,
        "General And Administrative Expense": NaN,
        "Insurance And Claims": NaN,
        "Salaries And Wages": NaN,
        "Total Revenue": NaN,
        "Operating Revenue": NaN,
        "Occupancy And Equipment": NaN,
        "Other Non Interest Expense": NaN
    },
    "2023-12-31": {
        "Tax Effect Of Unusual Items": NaN,
        "Tax Rate For Calcs": NaN,
        "Total Unusual Items": NaN,
        "Total Unusual Items Excluding Goodwill": NaN,
        "Net Income From Continuing Operation Net Minority Interest": NaN,
        "Reconciled Depreciation": NaN,
        "Net Interest Income": NaN,
        "Interest Expense": NaN,
        "Interest Income": NaN,
        "Normalized Income": NaN,
        "Net Income From Continuing And Discontinued Operation": NaN,
        "Diluted Average Shares": NaN,
        "Basic Average Shares": NaN,
        "Diluted EPS": NaN,
        "Basic EPS": NaN,
        "Diluted NI Availto Com Stockholders": NaN,
        "Net Income Common Stockholders": NaN,
        "Net Income": NaN,
        "Net Income Including Noncontrolling Interests": NaN,
        "Net Income Continuous Operations": NaN,
        "Tax Provision": NaN,
        "Pretax Income": NaN,
        "Special Income Charges": -278000.0,
        "Restructuring And Mergern Acquisition": 278000.0,
        "Gain On Sale Of Security": NaN,
        "Depreciation Amortization Depletion Income Statement": NaN,
        "Depreciation And Amortization In Income Statement": NaN,
        "Amortization": NaN,
        "Amortization Of Intangibles Income Statement": NaN,
        "Depreciation Income Statement": NaN,
        "Selling General And Administration": NaN,
        "General And Administrative Expense": NaN,
        "Insurance And Claims": NaN,
        "Salaries And Wages": NaN,
        "Total Revenue": NaN,
        "Operating Revenue": NaN,
        "Occupancy And Equipment": NaN,
        "Other Non Interest Expense": NaN
    },
    "2024-03-31": {
        "Tax Effect Of Unusual Items": NaN,
        "Tax Rate For Calcs": NaN,
        "Total Unusual Items": NaN,
        "Total Unusual Items Excluding Goodwill": NaN,
        "Net Income From Continuing Operation Net Minority Interest": NaN,
        "Reconciled Depreciation": NaN,
        "Net Interest Income": NaN,
        "Interest Expense": NaN,
        "Interest Income": NaN,
        "Normalized Income": NaN,
        "Net Income From Continuing And Discontinued Operation": NaN,
        "Diluted Average Shares": NaN,
        "Basic Average Shares": NaN,
        "Diluted EPS": NaN,
        "Basic EPS": NaN,
        "Diluted NI Availto Com Stockholders": NaN,
        "Net Income Common Stockholders": NaN,
        "Net Income": NaN,
        "Net Income Including Noncontrolling Interests": NaN,
        "Net Income Continuous Operations": NaN,
        "Tax Provision": NaN,
        "Pretax Income": NaN,
        "Special Income Charges": 0.0,
        "Restructuring And Mergern Acquisition": 0.0,
        "Gain On Sale Of Security": NaN,
        "Depreciation Amortization Depletion Income Statement": NaN,
        "Depreciation And Amortization In Income Statement": NaN,
        "Amortization": NaN,
        "Amortization Of Intangibles Income Statement": NaN,
        "Depreciation Income Statement": NaN,
        "Selling General And Administration": NaN,
        "General And Administrative Expense": NaN,
        "Insurance And Claims": NaN,
        "Salaries And Wages": NaN,
        "Total Revenue": NaN,
        "Operating Revenue": NaN,
        "Occupancy And Equipment": NaN,
        "Other Non Interest Expense": NaN
    },
    "2024-06-30": {
        "Tax Effect Of Unusual Items": NaN,
        "Tax Rate For Calcs": NaN,
        "Total Unusual Items": NaN,
        "Total Unusual Items Excluding Goodwill": NaN,
        "Net Income From Continuing Operation Net Minority Interest": NaN,
        "Reconciled Depreciation": NaN,
        "Net Interest Income": NaN,
        "Interest Expense": NaN,
        "Interest Income": NaN,
        "Normalized Income": NaN,
        "Net Income From Continuing And Discontinued Operation": NaN,
        "Diluted Average Shares": NaN,
        "Basic Average Shares": NaN,
        "Diluted EPS": NaN,
        "Basic EPS": NaN,
        "Diluted NI Availto Com Stockholders": NaN,
        "Net Income Common Stockholders": NaN,
        "Net Income": NaN,
        "Net Income Including Noncontrolling Interests": NaN,
        "Net Income Continuous Operations": NaN,
        "Tax Provision": NaN,
        "Pretax Income": NaN,
        "Special Income Charges": -4381000.0,
        "Restructuring And Mergern Acquisition": 4381000.0,
        "Gain On Sale Of Security": NaN,
        "Depreciation Amortization Depletion Income Statement": NaN,
        "Depreciation And Amortization In Income Statement": NaN,
        "Amortization": NaN,
        "Amortization Of Intangibles Income Statement": NaN,
        "Depreciation Income Statement": NaN,
        "Selling General And Administration": NaN,
        "General And Administrative Expense": NaN,
        "Insurance And Claims": NaN,
        "Salaries And Wages": NaN,
        "Total Revenue": NaN,
        "Operating Revenue": NaN,
        "Occupancy And Equipment": NaN,
        "Other Non Interest Expense": NaN
    },
    "2024-09-30": {
        "Tax Effect Of Unusual Items": 674381.04794,
        "Tax Rate For Calcs": 0.216495,
        "Total Unusual Items": 3115000.0,
        "Total Unusual Items Excluding Goodwill": 3115000.0,
        "Net Income From Continuing Operation Net Minority Interest": 127282000.0,
        "Reconciled Depreciation": 8887000.0,
        "Net Interest Income": 261691000.0,
        "Interest Expense": 156212000.0,
        "Interest Income": 417903000.0,
        "Normalized Income": 124841381.04794,
        "Net Income From Continuing And Discontinued Operation": 127282000.0,
        "Diluted Average Shares": NaN,
        "Basic Average Shares": NaN,
        "Diluted EPS": NaN,
        "Basic EPS": NaN,
        "Diluted NI Availto Com Stockholders": 127282000.0,
        "Net Income Common Stockholders": 127282000.0,
        "Net Income": 127282000.0,
        "Net Income Including Noncontrolling Interests": 127282000.0,
        "Net Income Continuous Operations": 127282000.0,
        "Tax Provision": 35170000.0,
        "Pretax Income": 162452000.0,
        "Special Income Charges": -63000.0,
        "Restructuring And Mergern Acquisition": 63000.0,
        "Gain On Sale Of Security": 224000.0,
        "Depreciation Amortization Depletion Income Statement": 8887000.0,
        "Depreciation And Amortization In Income Statement": 8887000.0,
        "Amortization": 4146000.0,
        "Amortization Of Intangibles Income Statement": 4146000.0,
        "Depreciation Income Statement": 4741000.0,
        "Selling General And Administration": 94093000.0,
        "General And Administrative Expense": 94093000.0,
        "Insurance And Claims": 5726000.0,
        "Salaries And Wages": 88367000.0,
        "Total Revenue": 290805000.0,
        "Operating Revenue": 290805000.0,
        "Occupancy And Equipment": 9291000.0,
        "Other Non Interest Expense": 16019000.0
    },
    "2024-12-31": {
        "Tax Effect Of Unusual Items": 126565.100623,
        "Tax Rate For Calcs": 0.216721,
        "Total Unusual Items": 584000.0,
        "Total Unusual Items Excluding Goodwill": 584000.0,
        "Net Income From Continuing Operation Net Minority Interest": 130076000.0,
        "Reconciled Depreciation": 8922000.0,
        "Net Interest Income": 267774000.0,
        "Interest Expense": 143171000.0,
        "Interest Income": 410945000.0,
        "Normalized Income": 129618565.100623,
        "Net Income From Continuing And Discontinued Operation": 130076000.0,
        "Diluted Average Shares": 95264000.0,
        "Basic Average Shares": 95264000.0,
        "Diluted EPS": 1.37,
        "Basic EPS": 1.37,
        "Diluted NI Availto Com Stockholders": 130076000.0,
        "Net Income Common Stockholders": 130076000.0,
        "Net Income": 130076000.0,
        "Net Income Including Noncontrolling Interests": 130076000.0,
        "Net Income Continuous Operations": 130076000.0,
        "Tax Provision": 35990000.0,
        "Pretax Income": 166066000.0,
        "Special Income Charges": 0.0,
        "Restructuring And Mergern Acquisition": 0.0,
        "Gain On Sale Of Security": 0.0,
        "Depreciation Amortization Depletion Income Statement": 8922000.0,
        "Depreciation And Amortization In Income Statement": 8922000.0,
        "Amortization": 4131000.0,
        "Amortization Of Intangibles Income Statement": 4131000.0,
        "Depreciation Income Statement": 4791000.0,
        "Selling General And Administration": 101290000.0,
        "General And Administrative Expense": 98075000.0,
        "Insurance And Claims": 9444000.0,
        "Salaries And Wages": 88631000.0,
        "Total Revenue": 295269000.0,
        "Operating Revenue": 295269000.0,
        "Occupancy And Equipment": 8957000.0,
        "Other Non Interest Expense": -2067000.0
    },
    "2025-03-31": {
        "Tax Effect Of Unusual Items": -50995.0,
        "Tax Rate For Calcs": 0.217,
        "Total Unusual Items": -235000.0,
        "Total Unusual Items Excluding Goodwill": -235000.0,
        "Net Income From Continuing Operation Net Minority Interest": 130225000.0,
        "Reconciled Depreciation": 8415000.0,
        "Net Interest Income": 265382000.0,
        "Interest Expense": 127423000.0,
        "Interest Income": 392805000.0,
        "Normalized Income": 130409005.0,
        "Net Income From Continuing And Discontinued Operation": 130225000.0,
        "Diluted Average Shares": 95266000.0,
        "Basic Average Shares": 95266000.0,
        "Diluted EPS": 1.37,
        "Basic EPS": 1.37,
        "Diluted NI Availto Com Stockholders": 130225000.0,
        "Net Income Common Stockholders": 130225000.0,
        "Net Income": 130225000.0,
        "Net Income Including Noncontrolling Interests": 130225000.0,
        "Net Income Continuous Operations": 130225000.0,
        "Tax Provision": 36157000.0,
        "Pretax Income": 166382000.0,
        "Special Income Charges": NaN,
        "Restructuring And Mergern Acquisition": NaN,
        "Gain On Sale Of Security": 0.0,
        "Depreciation Amortization Depletion Income Statement": 8415000.0,
        "Depreciation And Amortization In Income Statement": 8415000.0,
        "Amortization": 3641000.0,
        "Amortization Of Intangibles Income Statement": 3641000.0,
        "Depreciation Income Statement": 4774000.0,
        "Selling General And Administration": 95265000.0,
        "General And Administrative Expense": 95265000.0,
        "Insurance And Claims": 5789000.0,
        "Salaries And Wages": 89476000.0,
        "Total Revenue": 295261000.0,
        "Operating Revenue": 295261000.0,
        "Occupancy And Equipment": 9146000.0,
        "Other Non Interest Expense": 16053000.0
    },
    "2025-06-30": {
        "Tax Effect Of Unusual Items": 303797.373053,
        "Tax Rate For Calcs": 0.21485,
        "Total Unusual Items": 1414000.0,
        "Total Unusual Items Excluding Goodwill": 1414000.0,
        "Net Income From Continuing Operation Net Minority Interest": 135155000.0,
        "Reconciled Depreciation": 8389000.0,
        "Net Interest Income": 267722000.0,
        "Interest Expense": 125042000.0,
        "Interest Income": 392764000.0,
        "Normalized Income": 134044797.373053,
        "Net Income From Continuing And Discontinued Operation": 135155000.0,
        "Diluted Average Shares": 95277000.0,
        "Basic Average Shares": 95277000.0,
        "Diluted EPS": 1.42,
        "Basic EPS": 1.42,
        "Diluted NI Availto Com Stockholders": 135155000.0,
        "Net Income Common Stockholders": 135155000.0,
        "Net Income": 135155000.0,
        "Net Income Including Noncontrolling Interests": 135155000.0,
        "Net Income Continuous Operations": 135155000.0,
        "Tax Provision": 36984000.0,
        "Pretax Income": 172139000.0,
        "Special Income Charges": 0.0,
        "Restructuring And Mergern Acquisition": 0.0,
        "Gain On Sale Of Security": 0.0,
        "Depreciation Amortization Depletion Income Statement": 8389000.0,
        "Depreciation And Amortization In Income Statement": 8389000.0,
        "Amortization": 3610000.0,
        "Amortization Of Intangibles Income Statement": 3610000.0,
        "Depreciation Income Statement": 4779000.0,
        "Selling General And Administration": 92804000.0,
        "General And Administrative Expense": 92804000.0,
        "Insurance And Claims": 5508000.0,
        "Salaries And Wages": 87296000.0,
        "Total Revenue": 298648000.0,
        "Operating Revenue": 298648000.0,
        "Occupancy And Equipment": 9168000.0,
        "Other Non Interest Expense": 16148000.0
    },
    "2025-09-30": {
        "Tax Effect Of Unusual Items": -12897.431236,
        "Tax Rate For Calcs": 0.218601,
        "Total Unusual Items": -59000.0,
        "Total Unusual Items Excluding Goodwill": -59000.0,
        "Net Income From Continuing Operation Net Minority Interest": 137556000.0,
        "Reconciled Depreciation": 8568000.0,
        "Net Interest Income": 273435000.0,
        "Interest Expense": 124672000.0,
        "Interest Income": 398107000.0,
        "Normalized Income": 137602102.568764,
        "Net Income From Continuing And Discontinued Operation": 137556000.0,
        "Diluted Average Shares": 95093000.0,
        "Basic Average Shares": 95093000.0,
        "Diluted EPS": 1.45,
        "Basic EPS": 1.45,
        "Diluted NI Availto Com Stockholders": 137556000.0,
        "Net Income Common Stockholders": 137556000.0,
        "Net Income": 137556000.0,
        "Net Income Including Noncontrolling Interests": 137556000.0,
        "Net Income Continuous Operations": 137556000.0,
        "Tax Provision": 38482000.0,
        "Pretax Income": 176038000.0,
        "Special Income Charges": -62000.0,
        "Restructuring And Mergern Acquisition": 62000.0,
        "Gain On Sale Of Security": 0.0,
        "Depreciation Amortization Depletion Income Statement": 8568000.0,
        "Depreciation And Amortization In Income Statement": 8568000.0,
        "Amortization": 3602000.0,
        "Amortization Of Intangibles Income Statement": 3602000.0,
        "Depreciation Income Statement": 4966000.0,
        "Selling General And Administration": 93147000.0,
        "General And Administrative Expense": 93147000.0,
        "Insurance And Claims": 5198000.0,
        "Salaries And Wages": 87949000.0,
        "Total Revenue": 302158000.0,
        "Operating Revenue": 302158000.0,
        "Occupancy And Equipment": 9395000.0,
        "Other Non Interest Expense": 14948000.0
    },
    "2025-12-31": {
        "Tax Effect Of Unusual Items": NaN,
        "Tax Rate For Calcs": NaN,
        "Total Unusual Items": NaN,
        "Total Unusual Items Excluding Goodwill": NaN,
        "Net Income From Continuing Operation Net Minority Interest": NaN,
        "Reconciled Depreciation": NaN,
        "Net Interest Income": NaN,
        "Interest Expense": NaN,
        "Interest Income": NaN,
        "Normalized Income": NaN,
        "Net Income From Continuing And Discontinued Operation": NaN,
        "Diluted Average Shares": 94044000.0,
        "Basic Average Shares": 94044000.0,
        "Diluted EPS": 1.49,
        "Basic EPS": 1.49,
        "Diluted NI Availto Com Stockholders": NaN,
        "Net Income Common Stockholders": NaN,
        "Net Income": NaN,
        "Net Income Including Noncontrolling Interests": NaN,
        "Net Income Continuous Operations": NaN,
        "Tax Provision": NaN,
        "Pretax Income": NaN,
        "Special Income Charges": NaN,
        "Restructuring And Mergern Acquisition": NaN,
        "Gain On Sale Of Security": NaN,
        "Depreciation Amortization Depletion Income Statement": NaN,
        "Depreciation And Amortization In Income Statement": NaN,
        "Amortization": NaN,
        "Amortization Of Intangibles Income Statement": NaN,
        "Depreciation Income Statement": NaN,
        "Selling General And Administration": NaN,
        "General And Administrative Expense": NaN,
        "Insurance And Claims": NaN,
        "Salaries And Wages": NaN,
        "Total Revenue": NaN,
        "Operating Revenue": NaN,
        "Occupancy And Equipment": NaN,
        "Other Non Interest Expense": NaN
    }
}