{
    "2023-03-31": {
        "Tax Effect Of Unusual Items": NaN,
        "Tax Rate For Calcs": NaN,
        "Total Unusual Items": 0.0,
        "Total Unusual Items Excluding Goodwill": 0.0,
        "Net Income From Continuing Operation Net Minority Interest": NaN,
        "Reconciled Depreciation": NaN,
        "Net Interest Income": NaN,
        "Interest Expense": NaN,
        "Interest Income": NaN,
        "Normalized Income": NaN,
        "Net Income From Continuing And Discontinued Operation": NaN,
        "Diluted Average Shares": 25169382.0,
        "Basic Average Shares": 25169382.0,
        "Diluted EPS": 0.24,
        "Basic EPS": 0.24,
        "Diluted NI Availto Com Stockholders": NaN,
        "Net Income Common Stockholders": NaN,
        "Net Income": NaN,
        "Net Income Including Noncontrolling Interests": NaN,
        "Net Income Continuous Operations": NaN,
        "Tax Provision": NaN,
        "Pretax Income": NaN,
        "Special Income Charges": 0.0,
        "Other Special Charges": NaN,
        "Gain On Sale Of Security": NaN,
        "Selling General And Administration": NaN,
        "Selling And Marketing Expense": NaN,
        "General And Administrative Expense": NaN,
        "Insurance And Claims": NaN,
        "Salaries And Wages": NaN,
        "Total Revenue": NaN,
        "Operating Revenue": NaN,
        "Occupancy And Equipment": NaN,
        "Professional Expense And Contract Services Expense": NaN,
        "Other Non Interest Expense": NaN
    },
    "2022-12-31": {
        "Tax Effect Of Unusual Items": NaN,
        "Tax Rate For Calcs": NaN,
        "Total Unusual Items": NaN,
        "Total Unusual Items Excluding Goodwill": NaN,
        "Net Income From Continuing Operation Net Minority Interest": NaN,
        "Reconciled Depreciation": NaN,
        "Net Interest Income": NaN,
        "Interest Expense": NaN,
        "Interest Income": NaN,
        "Normalized Income": NaN,
        "Net Income From Continuing And Discontinued Operation": NaN,
        "Diluted Average Shares": 25156653.0,
        "Basic Average Shares": 25156653.0,
        "Diluted EPS": 0.25,
        "Basic EPS": 0.25,
        "Diluted NI Availto Com Stockholders": NaN,
        "Net Income Common Stockholders": NaN,
        "Net Income": NaN,
        "Net Income Including Noncontrolling Interests": NaN,
        "Net Income Continuous Operations": NaN,
        "Tax Provision": NaN,
        "Pretax Income": NaN,
        "Special Income Charges": NaN,
        "Other Special Charges": NaN,
        "Gain On Sale Of Security": NaN,
        "Selling General And Administration": NaN,
        "Selling And Marketing Expense": NaN,
        "General And Administrative Expense": NaN,
        "Insurance And Claims": NaN,
        "Salaries And Wages": NaN,
        "Total Revenue": NaN,
        "Operating Revenue": NaN,
        "Occupancy And Equipment": NaN,
        "Professional Expense And Contract Services Expense": NaN,
        "Other Non Interest Expense": NaN
    },
    "2022-09-30": {
        "Tax Effect Of Unusual Items": 0.0,
        "Tax Rate For Calcs": 0.194,
        "Total Unusual Items": NaN,
        "Total Unusual Items Excluding Goodwill": NaN,
        "Net Income From Continuing Operation Net Minority Interest": 5234000.0,
        "Reconciled Depreciation": 692000.0,
        "Net Interest Income": 14674000.0,
        "Interest Expense": 518000.0,
        "Interest Income": 15192000.0,
        "Normalized Income": 5234000.0,
        "Net Income From Continuing And Discontinued Operation": 5234000.0,
        "Diluted Average Shares": 25143924.0,
        "Basic Average Shares": 25143924.0,
        "Diluted EPS": 0.21,
        "Basic EPS": 0.21,
        "Diluted NI Availto Com Stockholders": 5234000.0,
        "Net Income Common Stockholders": 5234000.0,
        "Net Income": 5234000.0,
        "Net Income Including Noncontrolling Interests": 5234000.0,
        "Net Income Continuous Operations": 5234000.0,
        "Tax Provision": 1257000.0,
        "Pretax Income": 6491000.0,
        "Special Income Charges": NaN,
        "Gain On Sale Of Security": -39000.0,
        "Selling General And Administration": 7135000.0,
        "Selling And Marketing Expense": 141000.0,
        "General And Administrative Expense": 6994000.0,
        "Insurance And Claims": 402000.0,
        "Salaries And Wages": 6592000.0,
        "Total Revenue": 18479000.0,
        "Operating Revenue": 18479000.0
    },
    "2022-06-30": {
        "Tax Effect Of Unusual Items": 0.0,
        "Tax Rate For Calcs": 0.225246,
        "Total Unusual Items": 0.0,
        "Total Unusual Items Excluding Goodwill": 0.0,
        "Net Income From Continuing Operation Net Minority Interest": 2363000.0,
        "Reconciled Depreciation": 697000.0,
        "Net Interest Income": 11744000.0,
        "Interest Expense": 384000.0,
        "Interest Income": 12128000.0,
        "Normalized Income": 2363000.0,
        "Net Income From Continuing And Discontinued Operation": 2363000.0,
        "Diluted Average Shares": 25188474.0,
        "Basic Average Shares": 25188474.0,
        "Diluted EPS": 0.1,
        "Basic EPS": 0.1,
        "Diluted NI Availto Com Stockholders": 2363000.0,
        "Net Income Common Stockholders": 2363000.0,
        "Net Income": 2363000.0,
        "Net Income Including Noncontrolling Interests": 2363000.0,
        "Net Income Continuous Operations": 2363000.0,
        "Tax Provision": 687000.0,
        "Pretax Income": 3050000.0,
        "Special Income Charges": 0.0,
        "Other Special Charges": 0.0,
        "Gain On Sale Of Security": -147000.0,
        "Selling General And Administration": 7992000.0,
        "Selling And Marketing Expense": 134000.0,
        "General And Administrative Expense": 7858000.0,
        "Other Gand A": 1010000.0,
        "Insurance And Claims": 997000.0,
        "Salaries And Wages": 6861000.0,
        "Total Revenue": 15056000.0,
        "Operating Revenue": 15056000.0
    },
    "2022-03-31": {
        "Diluted EPS": 0.01,
        "Total Revenue": 14,
        "Gross Profit": 14,
        "Operating Income": 2,
        "EBIT": NaN,
        "Net Income": 0
    },
    "2021-12-31": {
        "Diluted EPS": 0.25,
        "Total Revenue": 15,
        "Gross Profit": 14,
        "Operating Income": 8,
        "EBIT": NaN,
        "Net Income": 6
    },
    "2021-09-30": {
        "Diluted EPS": 0.05,
        "Total Revenue": 14,
        "Gross Profit": 13,
        "Operating Income": 2,
        "EBIT": NaN,
        "Net Income": 1
    },
    "2021-06-30": {
        "Diluted EPS": -0.15,
        "Total Revenue": 14,
        "Gross Profit": 14,
        "Operating Income": 1,
        "EBIT": NaN,
        "Net Income": -4
    },
    "2021-03-31": {
        "Diluted EPS": 0.05,
        "Total Revenue": 15,
        "Gross Profit": 15,
        "Operating Income": 2,
        "EBIT": NaN,
        "Net Income": 1
    },
    "2020-12-31": {
        "Diluted EPS": 0.08,
        "Total Revenue": 16,
        "Gross Profit": 15,
        "Operating Income": 2,
        "EBIT": NaN,
        "Net Income": 2
    },
    "2020-09-30": {
        "Diluted EPS": 0.06,
        "Total Revenue": 15,
        "Gross Profit": 14,
        "Operating Income": 2,
        "EBIT": NaN,
        "Net Income": 1
    },
    "2020-06-30": {
        "Diluted EPS": 0.07,
        "Total Revenue": 15,
        "Gross Profit": 14,
        "Operating Income": 2,
        "EBIT": NaN,
        "Net Income": 1
    },
    "2020-03-31": {
        "Diluted EPS": 0.03,
        "Total Revenue": 16,
        "Gross Profit": 15,
        "Operating Income": 1,
        "EBIT": NaN,
        "Net Income": 1
    },
    "2019-12-31": {
        "Diluted EPS": 0.15,
        "Total Revenue": 19,
        "Gross Profit": 18,
        "Operating Income": 5,
        "EBIT": NaN,
        "Net Income": 4
    },
    "2019-09-30": {
        "Diluted EPS": -0.04,
        "Total Revenue": 19,
        "Gross Profit": 17,
        "Operating Income": -2,
        "EBIT": NaN,
        "Net Income": -1
    },
    "2019-06-30": {
        "Diluted EPS": 0.0,
        "Total Revenue": 18,
        "Gross Profit": 17,
        "Operating Income": -9,
        "EBIT": NaN,
        "Net Income": -7
    },
    "2019-03-31": {
        "Diluted EPS": 0.0,
        "Total Revenue": 18,
        "Gross Profit": 16,
        "Operating Income": 6,
        "EBIT": NaN,
        "Net Income": 5
    },
    "2018-12-31": {
        "Diluted EPS": 0.0,
        "Total Revenue": 16,
        "Gross Profit": 15,
        "Operating Income": 5,
        "EBIT": NaN,
        "Net Income": 5
    },
    "2018-09-30": {
        "Diluted EPS": 0.0,
        "Total Revenue": 16,
        "Gross Profit": 15,
        "Operating Income": 6,
        "EBIT": NaN,
        "Net Income": 4
    },
    "2018-06-30": {
        "Diluted EPS": 0.0,
        "Total Revenue": NaN,
        "Gross Profit": NaN,
        "Operating Income": NaN,
        "EBIT": NaN,
        "Net Income": NaN
    },
    "2018-03-31": {
        "Diluted EPS": 0.0,
        "Total Revenue": 15,
        "Gross Profit": 14,
        "Operating Income": 4,
        "EBIT": NaN,
        "Net Income": 3
    },
    "2017-06-30": {
        "Diluted EPS": 0.0,
        "Total Revenue": NaN,
        "Gross Profit": NaN,
        "Operating Income": NaN,
        "EBIT": NaN,
        "Net Income": NaN
    },
    "2023-06-30": {
        "Tax Effect Of Unusual Items": NaN,
        "Tax Rate For Calcs": NaN,
        "Total Unusual Items": 0.0,
        "Total Unusual Items Excluding Goodwill": 0.0,
        "Net Income From Continuing Operation Net Minority Interest": NaN,
        "Reconciled Depreciation": NaN,
        "Net Interest Income": NaN,
        "Interest Expense": NaN,
        "Interest Income": NaN,
        "Normalized Income": NaN,
        "Net Income From Continuing And Discontinued Operation": NaN,
        "Diluted Average Shares": NaN,
        "Basic Average Shares": NaN,
        "Diluted EPS": NaN,
        "Basic EPS": NaN,
        "Diluted NI Availto Com Stockholders": NaN,
        "Net Income Common Stockholders": NaN,
        "Net Income": NaN,
        "Net Income Including Noncontrolling Interests": NaN,
        "Net Income Continuous Operations": NaN,
        "Tax Provision": NaN,
        "Pretax Income": NaN,
        "Special Income Charges": 0.0,
        "Other Special Charges": NaN,
        "Gain On Sale Of Security": NaN,
        "Selling General And Administration": NaN,
        "Selling And Marketing Expense": NaN,
        "General And Administrative Expense": NaN,
        "Insurance And Claims": NaN,
        "Salaries And Wages": NaN,
        "Total Revenue": NaN,
        "Operating Revenue": NaN,
        "Occupancy And Equipment": NaN,
        "Professional Expense And Contract Services Expense": NaN,
        "Other Non Interest Expense": NaN
    },
    "2023-09-30": {
        "Tax Effect Of Unusual Items": NaN,
        "Tax Rate For Calcs": NaN,
        "Total Unusual Items": NaN,
        "Total Unusual Items Excluding Goodwill": NaN,
        "Net Income From Continuing Operation Net Minority Interest": NaN,
        "Reconciled Depreciation": NaN,
        "Net Interest Income": NaN,
        "Interest Expense": NaN,
        "Interest Income": NaN,
        "Normalized Income": NaN,
        "Net Income From Continuing And Discontinued Operation": NaN,
        "Diluted Average Shares": 25194841.0,
        "Basic Average Shares": 25194841.0,
        "Diluted EPS": 0.14,
        "Basic EPS": 0.14,
        "Diluted NI Availto Com Stockholders": NaN,
        "Net Income Common Stockholders": NaN,
        "Net Income": NaN,
        "Net Income Including Noncontrolling Interests": NaN,
        "Net Income Continuous Operations": NaN,
        "Tax Provision": NaN,
        "Pretax Income": NaN,
        "Special Income Charges": NaN,
        "Other Special Charges": NaN,
        "Gain On Sale Of Security": NaN,
        "Selling General And Administration": NaN,
        "Selling And Marketing Expense": NaN,
        "General And Administrative Expense": NaN,
        "Insurance And Claims": NaN,
        "Salaries And Wages": NaN,
        "Total Revenue": NaN,
        "Operating Revenue": NaN,
        "Occupancy And Equipment": NaN,
        "Professional Expense And Contract Services Expense": NaN,
        "Other Non Interest Expense": NaN
    },
    "2023-12-31": {
        "Tax Effect Of Unusual Items": NaN,
        "Tax Rate For Calcs": NaN,
        "Total Unusual Items": 5950000.0,
        "Total Unusual Items Excluding Goodwill": 5950000.0,
        "Net Income From Continuing Operation Net Minority Interest": NaN,
        "Reconciled Depreciation": NaN,
        "Net Interest Income": NaN,
        "Interest Expense": NaN,
        "Interest Income": NaN,
        "Normalized Income": NaN,
        "Net Income From Continuing And Discontinued Operation": NaN,
        "Diluted Average Shares": 25207569.0,
        "Basic Average Shares": 25207569.0,
        "Diluted EPS": 0.13,
        "Basic EPS": 0.13,
        "Diluted NI Availto Com Stockholders": NaN,
        "Net Income Common Stockholders": NaN,
        "Net Income": NaN,
        "Net Income Including Noncontrolling Interests": NaN,
        "Net Income Continuous Operations": NaN,
        "Tax Provision": NaN,
        "Pretax Income": NaN,
        "Special Income Charges": 5950000.0,
        "Other Special Charges": -5950000.0,
        "Gain On Sale Of Security": NaN,
        "Selling General And Administration": NaN,
        "Selling And Marketing Expense": NaN,
        "General And Administrative Expense": NaN,
        "Insurance And Claims": NaN,
        "Salaries And Wages": NaN,
        "Total Revenue": NaN,
        "Operating Revenue": NaN,
        "Occupancy And Equipment": NaN,
        "Professional Expense And Contract Services Expense": NaN,
        "Other Non Interest Expense": NaN
    },
    "2024-03-31": {
        "Tax Effect Of Unusual Items": NaN,
        "Tax Rate For Calcs": NaN,
        "Total Unusual Items": 0.0,
        "Total Unusual Items Excluding Goodwill": 0.0,
        "Net Income From Continuing Operation Net Minority Interest": NaN,
        "Reconciled Depreciation": NaN,
        "Net Interest Income": NaN,
        "Interest Expense": NaN,
        "Interest Income": NaN,
        "Normalized Income": NaN,
        "Net Income From Continuing And Discontinued Operation": NaN,
        "Diluted Average Shares": 25220299.0,
        "Basic Average Shares": 25220299.0,
        "Diluted EPS": 0.19,
        "Basic EPS": 0.19,
        "Diluted NI Availto Com Stockholders": NaN,
        "Net Income Common Stockholders": NaN,
        "Net Income": NaN,
        "Net Income Including Noncontrolling Interests": NaN,
        "Net Income Continuous Operations": NaN,
        "Tax Provision": NaN,
        "Pretax Income": NaN,
        "Special Income Charges": 0.0,
        "Other Special Charges": NaN,
        "Gain On Sale Of Security": NaN,
        "Selling General And Administration": NaN,
        "Selling And Marketing Expense": NaN,
        "General And Administrative Expense": NaN,
        "Insurance And Claims": NaN,
        "Salaries And Wages": NaN,
        "Total Revenue": NaN,
        "Operating Revenue": NaN,
        "Occupancy And Equipment": NaN,
        "Professional Expense And Contract Services Expense": NaN,
        "Other Non Interest Expense": NaN
    },
    "2024-06-30": {
        "Tax Effect Of Unusual Items": 0.0,
        "Tax Rate For Calcs": 0.218688,
        "Total Unusual Items": 0.0,
        "Total Unusual Items Excluding Goodwill": 0.0,
        "Net Income From Continuing Operation Net Minority Interest": 3930000.0,
        "Reconciled Depreciation": 641000.0,
        "Net Interest Income": 17198000.0,
        "Interest Expense": 6360000.0,
        "Interest Income": 23558000.0,
        "Normalized Income": 3930000.0,
        "Net Income From Continuing And Discontinued Operation": 3930000.0,
        "Diluted Average Shares": NaN,
        "Basic Average Shares": NaN,
        "Diluted EPS": NaN,
        "Basic EPS": NaN,
        "Diluted NI Availto Com Stockholders": 3930000.0,
        "Net Income Common Stockholders": 3930000.0,
        "Net Income": 3930000.0,
        "Net Income Including Noncontrolling Interests": 3930000.0,
        "Net Income Continuous Operations": 3930000.0,
        "Tax Provision": 1100000.0,
        "Pretax Income": 5030000.0,
        "Special Income Charges": 0.0,
        "Other Special Charges": 0.0,
        "Gain On Sale Of Security": 0.0,
        "Selling General And Administration": 8183000.0,
        "Selling And Marketing Expense": 212000.0,
        "General And Administrative Expense": 7971000.0,
        "Insurance And Claims": 514000.0,
        "Salaries And Wages": 7457000.0,
        "Total Revenue": 20886000.0,
        "Operating Revenue": 20886000.0,
        "Occupancy And Equipment": 1817000.0,
        "Professional Expense And Contract Services Expense": 2538000.0,
        "Other Non Interest Expense": 2568000.0
    },
    "2024-09-30": {
        "Tax Effect Of Unusual Items": 0.0,
        "Tax Rate For Calcs": 0.23,
        "Total Unusual Items": NaN,
        "Total Unusual Items Excluding Goodwill": NaN,
        "Net Income From Continuing Operation Net Minority Interest": 6308000.0,
        "Reconciled Depreciation": 629000.0,
        "Net Interest Income": 17897000.0,
        "Interest Expense": 6482000.0,
        "Interest Income": 24379000.0,
        "Normalized Income": 6308000.0,
        "Net Income From Continuing And Discontinued Operation": 6308000.0,
        "Diluted Average Shares": 25150650.0,
        "Basic Average Shares": 25081864.0,
        "Diluted EPS": 0.25,
        "Basic EPS": 0.25,
        "Diluted NI Availto Com Stockholders": 6308000.0,
        "Net Income Common Stockholders": 6308000.0,
        "Net Income": 6308000.0,
        "Net Income Including Noncontrolling Interests": 6308000.0,
        "Net Income Continuous Operations": 6308000.0,
        "Tax Provision": 1888000.0,
        "Pretax Income": 8196000.0,
        "Special Income Charges": NaN,
        "Other Special Charges": NaN,
        "Gain On Sale Of Security": 165000.0,
        "Selling General And Administration": 8401000.0,
        "Selling And Marketing Expense": 224000.0,
        "General And Administrative Expense": 8177000.0,
        "Insurance And Claims": 511000.0,
        "Salaries And Wages": 7666000.0,
        "Total Revenue": 22015000.0,
        "Operating Revenue": 22015000.0,
        "Occupancy And Equipment": 1833000.0,
        "Professional Expense And Contract Services Expense": 1953000.0,
        "Other Non Interest Expense": 2502000.0
    },
    "2025-03-31": {
        "Tax Effect Of Unusual Items": 0.0,
        "Tax Rate For Calcs": 0.223,
        "Total Unusual Items": NaN,
        "Total Unusual Items Excluding Goodwill": NaN,
        "Net Income From Continuing Operation Net Minority Interest": 5763000.0,
        "Reconciled Depreciation": 583000.0,
        "Net Interest Income": 19083000.0,
        "Interest Expense": 6765000.0,
        "Interest Income": 25848000.0,
        "Normalized Income": 5763000.0,
        "Net Income From Continuing And Discontinued Operation": 5763000.0,
        "Diluted Average Shares": 24937030.0,
        "Basic Average Shares": 24812752.0,
        "Diluted EPS": 0.23,
        "Basic EPS": 0.23,
        "Diluted NI Availto Com Stockholders": 5763000.0,
        "Net Income Common Stockholders": 5763000.0,
        "Net Income": 5763000.0,
        "Net Income Including Noncontrolling Interests": 5763000.0,
        "Net Income Continuous Operations": 5763000.0,
        "Tax Provision": 1654000.0,
        "Pretax Income": 7417000.0,
        "Special Income Charges": NaN,
        "Other Special Charges": NaN,
        "Gain On Sale Of Security": 0.0,
        "Selling General And Administration": 9013000.0,
        "Selling And Marketing Expense": 243000.0,
        "General And Administrative Expense": 8770000.0,
        "Insurance And Claims": 476000.0,
        "Salaries And Wages": 8294000.0,
        "Total Revenue": 22808000.0,
        "Operating Revenue": 22808000.0,
        "Occupancy And Equipment": 1948000.0,
        "Professional Expense And Contract Services Expense": 1935000.0,
        "Other Non Interest Expense": 1695000.0
    },
    "2025-06-30": {
        "Tax Effect Of Unusual Items": 0.0,
        "Tax Rate For Calcs": 0.207,
        "Total Unusual Items": NaN,
        "Total Unusual Items Excluding Goodwill": NaN,
        "Net Income From Continuing Operation Net Minority Interest": 6451000.0,
        "Reconciled Depreciation": 600000.0,
        "Net Interest Income": 19608000.0,
        "Interest Expense": 7398000.0,
        "Interest Income": 27006000.0,
        "Normalized Income": 6451000.0,
        "Net Income From Continuing And Discontinued Operation": 6451000.0,
        "Diluted Average Shares": 24567328.0,
        "Basic Average Shares": 24510936.0,
        "Diluted EPS": 0.26,
        "Basic EPS": 0.26,
        "Diluted NI Availto Com Stockholders": 6451000.0,
        "Net Income Common Stockholders": 6451000.0,
        "Net Income": 6451000.0,
        "Net Income Including Noncontrolling Interests": 6451000.0,
        "Net Income Continuous Operations": 6451000.0,
        "Tax Provision": 1686000.0,
        "Pretax Income": 8137000.0,
        "Special Income Charges": NaN,
        "Other Special Charges": NaN,
        "Gain On Sale Of Security": 0.0,
        "Selling General And Administration": 9283000.0,
        "Selling And Marketing Expense": 306000.0,
        "General And Administrative Expense": 8977000.0,
        "Insurance And Claims": 471000.0,
        "Salaries And Wages": 8506000.0,
        "Total Revenue": 24414000.0,
        "Operating Revenue": 24414000.0,
        "Occupancy And Equipment": 1840000.0,
        "Professional Expense And Contract Services Expense": 1845000.0,
        "Other Non Interest Expense": 1759000.0
    },
    "2025-09-30": {
        "Tax Effect Of Unusual Items": 0.0,
        "Tax Rate For Calcs": 0.228026,
        "Total Unusual Items": NaN,
        "Total Unusual Items Excluding Goodwill": NaN,
        "Net Income From Continuing Operation Net Minority Interest": 4330000.0,
        "Reconciled Depreciation": 595000.0,
        "Net Interest Income": 20203000.0,
        "Interest Expense": 8084000.0,
        "Interest Income": 28287000.0,
        "Normalized Income": 4330000.0,
        "Net Income From Continuing And Discontinued Operation": 4330000.0,
        "Diluted Average Shares": NaN,
        "Basic Average Shares": NaN,
        "Diluted EPS": NaN,
        "Basic EPS": NaN,
        "Diluted NI Availto Com Stockholders": 4330000.0,
        "Net Income Common Stockholders": 4330000.0,
        "Net Income": 4330000.0,
        "Net Income Including Noncontrolling Interests": 4330000.0,
        "Net Income Continuous Operations": 4330000.0,
        "Tax Provision": 1279000.0,
        "Pretax Income": 5609000.0,
        "Special Income Charges": NaN,
        "Other Special Charges": NaN,
        "Gain On Sale Of Security": 0.0,
        "Selling General And Administration": 9273000.0,
        "Selling And Marketing Expense": 239000.0,
        "General And Administrative Expense": 9034000.0,
        "Insurance And Claims": 478000.0,
        "Salaries And Wages": 8556000.0,
        "Total Revenue": 24018000.0,
        "Operating Revenue": 24018000.0,
        "Occupancy And Equipment": 1856000.0,
        "Professional Expense And Contract Services Expense": 1927000.0,
        "Other Non Interest Expense": 4568000.0
    },
    "2025-12-31": {
        "Tax Effect Of Unusual Items": NaN,
        "Tax Rate For Calcs": NaN,
        "Total Unusual Items": NaN,
        "Total Unusual Items Excluding Goodwill": NaN,
        "Net Income From Continuing Operation Net Minority Interest": NaN,
        "Reconciled Depreciation": NaN,
        "Net Interest Income": NaN,
        "Interest Expense": NaN,
        "Interest Income": NaN,
        "Normalized Income": NaN,
        "Net Income From Continuing And Discontinued Operation": NaN,
        "Diluted Average Shares": 24291619.0,
        "Basic Average Shares": 24095245.0,
        "Diluted EPS": 0.15,
        "Basic EPS": 0.16,
        "Diluted NI Availto Com Stockholders": NaN,
        "Net Income Common Stockholders": NaN,
        "Net Income": NaN,
        "Net Income Including Noncontrolling Interests": NaN,
        "Net Income Continuous Operations": NaN,
        "Tax Provision": NaN,
        "Pretax Income": NaN,
        "Special Income Charges": NaN,
        "Other Special Charges": NaN,
        "Gain On Sale Of Security": NaN,
        "Selling General And Administration": NaN,
        "Selling And Marketing Expense": NaN,
        "General And Administrative Expense": NaN,
        "Insurance And Claims": NaN,
        "Salaries And Wages": NaN,
        "Total Revenue": NaN,
        "Operating Revenue": NaN,
        "Occupancy And Equipment": NaN,
        "Professional Expense And Contract Services Expense": NaN,
        "Other Non Interest Expense": NaN
    }
}