{
    "2023-03-31": {
        "Tax Effect Of Unusual Items": NaN,
        "Tax Rate For Calcs": NaN,
        "Normalized EBITDA": NaN,
        "Total Unusual Items": -370217000.0,
        "Total Unusual Items Excluding Goodwill": -370217000.0,
        "Net Income From Continuing Operation Net Minority Interest": NaN,
        "Reconciled Depreciation": NaN,
        "Reconciled Cost Of Revenue": NaN,
        "EBITDA": NaN,
        "EBIT": NaN,
        "Net Interest Income": NaN,
        "Interest Expense": NaN,
        "Normalized Income": NaN,
        "Net Income From Continuing And Discontinued Operation": NaN,
        "Total Expenses": NaN,
        "Total Operating Income As Reported": NaN,
        "Diluted Average Shares": NaN,
        "Basic Average Shares": NaN,
        "Diluted EPS": NaN,
        "Basic EPS": NaN,
        "Diluted NI Availto Com Stockholders": NaN,
        "Net Income Common Stockholders": NaN,
        "Net Income": NaN,
        "Net Income Including Noncontrolling Interests": NaN,
        "Net Income Continuous Operations": NaN,
        "Tax Provision": NaN,
        "Pretax Income": NaN,
        "Other Income Expense": NaN,
        "Other Non Operating Income Expenses": NaN,
        "Special Income Charges": -370217000.0,
        "Net Non Operating Interest Income Expense": NaN,
        "Interest Expense Non Operating": NaN,
        "Operating Income": NaN,
        "Operating Expense": NaN,
        "Depreciation Amortization Depletion Income Statement": NaN,
        "Depreciation And Amortization In Income Statement": NaN,
        "Selling General And Administration": NaN,
        "Selling And Marketing Expense": NaN,
        "General And Administrative Expense": NaN,
        "Other Gand A": NaN,
        "Gross Profit": NaN,
        "Cost Of Revenue": NaN,
        "Total Revenue": NaN,
        "Operating Revenue": NaN
    },
    "2022-12-31": {
        "Tax Effect Of Unusual Items": NaN,
        "Tax Rate For Calcs": NaN,
        "Normalized EBITDA": NaN,
        "Total Unusual Items": 0.0,
        "Total Unusual Items Excluding Goodwill": 0.0,
        "Net Income From Continuing Operation Net Minority Interest": NaN,
        "Reconciled Depreciation": NaN,
        "Reconciled Cost Of Revenue": NaN,
        "EBITDA": NaN,
        "EBIT": NaN,
        "Net Interest Income": NaN,
        "Interest Expense": NaN,
        "Normalized Income": NaN,
        "Net Income From Continuing And Discontinued Operation": NaN,
        "Total Expenses": NaN,
        "Total Operating Income As Reported": NaN,
        "Diluted Average Shares": NaN,
        "Basic Average Shares": NaN,
        "Diluted EPS": NaN,
        "Basic EPS": NaN,
        "Diluted NI Availto Com Stockholders": NaN,
        "Net Income Common Stockholders": NaN,
        "Net Income": NaN,
        "Net Income Including Noncontrolling Interests": NaN,
        "Net Income Continuous Operations": NaN,
        "Tax Provision": NaN,
        "Pretax Income": NaN,
        "Other Income Expense": NaN,
        "Other Non Operating Income Expenses": NaN,
        "Special Income Charges": 0.0,
        "Net Non Operating Interest Income Expense": NaN,
        "Interest Expense Non Operating": NaN,
        "Operating Income": NaN,
        "Operating Expense": NaN,
        "Depreciation Amortization Depletion Income Statement": NaN,
        "Depreciation And Amortization In Income Statement": NaN,
        "Selling General And Administration": NaN,
        "Selling And Marketing Expense": NaN,
        "General And Administrative Expense": NaN,
        "Other Gand A": NaN,
        "Gross Profit": NaN,
        "Cost Of Revenue": NaN,
        "Total Revenue": NaN,
        "Operating Revenue": NaN
    },
    "2022-09-30": {
        "Tax Effect Of Unusual Items": NaN,
        "Tax Rate For Calcs": NaN,
        "Normalized EBITDA": NaN,
        "Total Unusual Items": 0.0,
        "Total Unusual Items Excluding Goodwill": 0.0,
        "Net Income From Continuing Operation Net Minority Interest": NaN,
        "Reconciled Depreciation": NaN,
        "Reconciled Cost Of Revenue": NaN,
        "EBITDA": NaN,
        "EBIT": NaN,
        "Net Interest Income": NaN,
        "Interest Expense": NaN,
        "Normalized Income": NaN,
        "Net Income From Continuing And Discontinued Operation": NaN,
        "Total Expenses": NaN,
        "Total Operating Income As Reported": NaN,
        "Diluted Average Shares": NaN,
        "Basic Average Shares": NaN,
        "Diluted EPS": NaN,
        "Basic EPS": NaN,
        "Diluted NI Availto Com Stockholders": NaN,
        "Net Income Common Stockholders": NaN,
        "Net Income": NaN,
        "Net Income Including Noncontrolling Interests": NaN,
        "Net Income Continuous Operations": NaN,
        "Tax Provision": NaN,
        "Pretax Income": NaN,
        "Other Income Expense": NaN,
        "Other Non Operating Income Expenses": NaN,
        "Special Income Charges": 0.0,
        "Net Non Operating Interest Income Expense": NaN,
        "Interest Expense Non Operating": NaN,
        "Operating Income": NaN,
        "Operating Expense": NaN,
        "Depreciation Amortization Depletion Income Statement": NaN,
        "Depreciation And Amortization In Income Statement": NaN,
        "Selling General And Administration": NaN,
        "Selling And Marketing Expense": NaN,
        "General And Administrative Expense": NaN,
        "Other Gand A": NaN,
        "Gross Profit": NaN,
        "Cost Of Revenue": NaN,
        "Total Revenue": NaN,
        "Operating Revenue": NaN
    },
    "2022-06-30": {
        "Tax Effect Of Unusual Items": 0.0,
        "Tax Rate For Calcs": 0.22,
        "Normalized EBITDA": 94573000.0,
        "Total Unusual Items": NaN,
        "Total Unusual Items Excluding Goodwill": NaN,
        "Net Income From Continuing Operation Net Minority Interest": 55272000.0,
        "Reconciled Depreciation": 8384000.0,
        "Reconciled Cost Of Revenue": 114996000.0,
        "EBITDA": 94573000.0,
        "EBIT": 86189000.0,
        "Net Interest Income": -15292000.0,
        "Interest Expense": 15292000.0,
        "Normalized Income": 55272000.0,
        "Net Income From Continuing And Discontinued Operation": 55272000.0,
        "Total Expenses": 190045000.0,
        "Total Operating Income As Reported": 87014000.0,
        "Diluted Average Shares": 50730000.0,
        "Basic Average Shares": 50264000.0,
        "Diluted EPS": 1.09,
        "Basic EPS": 1.1,
        "Diluted NI Availto Com Stockholders": 55272000.0,
        "Net Income Common Stockholders": 55272000.0,
        "Net Income": 55272000.0,
        "Net Income Including Noncontrolling Interests": 55272000.0,
        "Net Income Continuous Operations": 55272000.0,
        "Tax Provision": 15625000.0,
        "Pretax Income": 70897000.0,
        "Other Income Expense": -825000.0,
        "Other Non Operating Income Expenses": -825000.0,
        "Special Income Charges": NaN,
        "Impairment Of Capital Assets": NaN,
        "Net Non Operating Interest Income Expense": -15292000.0,
        "Interest Expense Non Operating": 15292000.0,
        "Operating Income": 87014000.0,
        "Operating Expense": 73105000.0,
        "Depreciation Amortization Depletion Income Statement": 6440000.0,
        "Depreciation And Amortization In Income Statement": 6440000.0,
        "Selling General And Administration": 66665000.0,
        "Selling And Marketing Expense": 39951000.0,
        "General And Administrative Expense": 26714000.0,
        "Other Gand A": 26714000.0,
        "Gross Profit": 160119000.0,
        "Cost Of Revenue": 116940000.0,
        "Total Revenue": 277059000.0,
        "Operating Revenue": 277024000.0
    },
    "2023-06-30": {
        "Tax Effect Of Unusual Items": NaN,
        "Tax Rate For Calcs": NaN,
        "Normalized EBITDA": NaN,
        "Net Income From Continuing Operation Net Minority Interest": NaN,
        "Reconciled Depreciation": NaN,
        "Reconciled Cost Of Revenue": NaN,
        "EBITDA": NaN,
        "EBIT": NaN,
        "Net Interest Income": NaN,
        "Interest Expense": NaN,
        "Normalized Income": NaN,
        "Net Income From Continuing And Discontinued Operation": NaN,
        "Total Expenses": NaN,
        "Total Operating Income As Reported": NaN,
        "Diluted Average Shares": 50196000.0,
        "Basic Average Shares": 49767000.0,
        "Diluted EPS": 1.06,
        "Basic EPS": 1.07,
        "Diluted NI Availto Com Stockholders": NaN,
        "Net Income Common Stockholders": NaN,
        "Net Income": NaN,
        "Net Income Including Noncontrolling Interests": NaN,
        "Net Income Continuous Operations": NaN,
        "Tax Provision": NaN,
        "Pretax Income": NaN,
        "Other Income Expense": NaN,
        "Other Non Operating Income Expenses": NaN,
        "Net Non Operating Interest Income Expense": NaN,
        "Interest Expense Non Operating": NaN,
        "Operating Income": NaN,
        "Operating Expense": NaN,
        "Depreciation Amortization Depletion Income Statement": NaN,
        "Depreciation And Amortization In Income Statement": NaN,
        "Selling General And Administration": NaN,
        "Selling And Marketing Expense": NaN,
        "General And Administrative Expense": NaN,
        "Other Gand A": NaN,
        "Gross Profit": NaN,
        "Cost Of Revenue": NaN,
        "Total Revenue": NaN,
        "Operating Revenue": NaN
    },
    "2022-03-31": {
        "Diluted EPS": 1.02,
        "Total Revenue": 267,
        "Gross Profit": 149,
        "Operating Income": 77,
        "EBIT": 87,
        "Net Income": 52
    },
    "2021-12-31": {
        "Diluted EPS": 0.99,
        "Total Revenue": 274,
        "Gross Profit": 155,
        "Operating Income": 83,
        "EBIT": 92,
        "Net Income": 50
    },
    "2021-09-30": {
        "Diluted EPS": 0.89,
        "Total Revenue": 276,
        "Gross Profit": 158,
        "Operating Income": 79,
        "EBIT": 87,
        "Net Income": 45
    },
    "2021-06-30": {
        "Diluted EPS": 1.14,
        "Total Revenue": 269,
        "Gross Profit": 159,
        "Operating Income": 91,
        "EBIT": 100,
        "Net Income": 58
    },
    "2021-03-31": {
        "Diluted EPS": 0.7,
        "Total Revenue": 238,
        "Gross Profit": 137,
        "Operating Income": 71,
        "EBIT": 80,
        "Net Income": 36
    },
    "2020-12-31": {
        "Diluted EPS": 0.81,
        "Total Revenue": 239,
        "Gross Profit": 139,
        "Operating Income": 73,
        "EBIT": 82,
        "Net Income": 41
    },
    "2020-09-30": {
        "Diluted EPS": 0.88,
        "Total Revenue": 237,
        "Gross Profit": 138,
        "Operating Income": 73,
        "EBIT": 82,
        "Net Income": 45
    },
    "2020-06-30": {
        "Diluted EPS": 0.86,
        "Total Revenue": 229,
        "Gross Profit": 134,
        "Operating Income": 80,
        "EBIT": 89,
        "Net Income": 44
    },
    "2020-03-31": {
        "Diluted EPS": 0.73,
        "Total Revenue": 251,
        "Gross Profit": 144,
        "Operating Income": 74,
        "EBIT": 82,
        "Net Income": 37
    },
    "2019-12-31": {
        "Diluted EPS": 0.75,
        "Total Revenue": 242,
        "Gross Profit": 137,
        "Operating Income": 76,
        "EBIT": 85,
        "Net Income": 38
    },
    "2019-09-30": {
        "Diluted EPS": 0.65,
        "Total Revenue": 238,
        "Gross Profit": 137,
        "Operating Income": 69,
        "EBIT": 77,
        "Net Income": 33
    },
    "2019-06-30": {
        "Diluted EPS": 0.65,
        "Total Revenue": 232,
        "Gross Profit": 134,
        "Operating Income": 71,
        "EBIT": 79,
        "Net Income": 34
    },
    "2019-03-31": {
        "Diluted EPS": -2.66,
        "Total Revenue": 241,
        "Gross Profit": 138,
        "Operating Income": -153,
        "EBIT": -145,
        "Net Income": -139
    },
    "2018-12-31": {
        "Diluted EPS": 0.73,
        "Total Revenue": 241,
        "Gross Profit": 139,
        "Operating Income": 78,
        "EBIT": 87,
        "Net Income": 38
    },
    "2018-09-30": {
        "Diluted EPS": 0.59,
        "Total Revenue": 239,
        "Gross Profit": 137,
        "Operating Income": 71,
        "EBIT": 81,
        "Net Income": 31
    },
    "2018-06-30": {
        "Diluted EPS": 0.65,
        "Total Revenue": 254,
        "Gross Profit": 141,
        "Operating Income": 72,
        "EBIT": 82,
        "Net Income": 34
    },
    "2018-03-31": {
        "Diluted EPS": -0.74,
        "Total Revenue": 256,
        "Gross Profit": 141,
        "Operating Income": -23,
        "EBIT": -13,
        "Net Income": -40
    },
    "2017-12-31": {
        "Diluted EPS": 5.88,
        "Total Revenue": 271,
        "Gross Profit": 148,
        "Operating Income": 84,
        "EBIT": 93,
        "Net Income": 315
    },
    "2017-09-30": {
        "Diluted EPS": 0.57,
        "Total Revenue": 258,
        "Gross Profit": 144,
        "Operating Income": 76,
        "EBIT": 86,
        "Net Income": 31
    },
    "2017-06-30": {
        "Diluted EPS": 0.63,
        "Total Revenue": 257,
        "Gross Profit": 143,
        "Operating Income": 79,
        "EBIT": 89,
        "Net Income": 34
    },
    "2017-03-31": {
        "Diluted EPS": 0.21,
        "Total Revenue": 241,
        "Gross Profit": 130,
        "Operating Income": 53,
        "EBIT": 63,
        "Net Income": 11
    },
    "2016-12-31": {
        "Diluted EPS": 0.59,
        "Total Revenue": 217,
        "Gross Profit": 125,
        "Operating Income": 69,
        "EBIT": 76,
        "Net Income": 32
    },
    "2016-09-30": {
        "Diluted EPS": 0.6,
        "Total Revenue": 215,
        "Gross Profit": 124,
        "Operating Income": 71,
        "EBIT": 80,
        "Net Income": 32
    },
    "2016-06-30": {
        "Diluted EPS": -0.1,
        "Total Revenue": 210,
        "Gross Profit": 122,
        "Operating Income": 12,
        "EBIT": 21,
        "Net Income": -6
    },
    "2016-03-31": {
        "Diluted EPS": 0.26,
        "Total Revenue": 208,
        "Gross Profit": 118,
        "Operating Income": 65,
        "EBIT": 75,
        "Net Income": 14
    },
    "2015-12-31": {
        "Diluted EPS": 0.53,
        "Total Revenue": 200,
        "Gross Profit": 117,
        "Operating Income": 63,
        "EBIT": 70,
        "Net Income": 28
    },
    "2015-09-30": {
        "Diluted EPS": 0.6,
        "Total Revenue": 206,
        "Gross Profit": 120,
        "Operating Income": 70,
        "EBIT": 78,
        "Net Income": 32
    },
    "2015-06-30": {
        "Diluted EPS": 0.49,
        "Total Revenue": 192,
        "Gross Profit": 112,
        "Operating Income": 63,
        "EBIT": 70,
        "Net Income": 26
    },
    "2015-03-31": {
        "Diluted EPS": 0.46,
        "Total Revenue": 190,
        "Gross Profit": 110,
        "Operating Income": 61,
        "EBIT": 70,
        "Net Income": 24
    },
    "2014-12-31": {
        "Diluted EPS": 0.4,
        "Total Revenue": 198,
        "Gross Profit": 112,
        "Operating Income": 57,
        "EBIT": 65,
        "Net Income": 21
    },
    "2014-09-30": {
        "Diluted EPS": 0.31,
        "Total Revenue": 181,
        "Gross Profit": 103,
        "Operating Income": 47,
        "EBIT": 52,
        "Net Income": 16
    },
    "2014-06-30": {
        "Diluted EPS": 0.32,
        "Total Revenue": 146,
        "Gross Profit": 82,
        "Operating Income": 43,
        "EBIT": 47,
        "Net Income": 17
    },
    "2014-03-31": {
        "Diluted EPS": 0.3,
        "Total Revenue": 143,
        "Gross Profit": 79,
        "Operating Income": 45,
        "EBIT": 50,
        "Net Income": 16
    },
    "2013-12-31": {
        "Diluted EPS": 0.06,
        "Total Revenue": 145,
        "Gross Profit": 80,
        "Operating Income": 40,
        "EBIT": 50,
        "Net Income": 3
    },
    "2013-09-30": {
        "Diluted EPS": 0.63,
        "Total Revenue": 167,
        "Gross Profit": 93,
        "Operating Income": 54,
        "EBIT": 59,
        "Net Income": 33
    },
    "2013-06-30": {
        "Diluted EPS": 0.4,
        "Total Revenue": 143,
        "Gross Profit": 83,
        "Operating Income": 49,
        "EBIT": 54,
        "Net Income": 21
    },
    "2013-03-31": {
        "Diluted EPS": 0.36,
        "Total Revenue": 151,
        "Gross Profit": 85,
        "Operating Income": 50,
        "EBIT": 56,
        "Net Income": 19
    },
    "2012-12-31": {
        "Diluted EPS": 0.24,
        "Total Revenue": 160,
        "Gross Profit": 85,
        "Operating Income": 47,
        "EBIT": 59,
        "Net Income": 12
    },
    "2012-09-30": {
        "Diluted EPS": 0.38,
        "Total Revenue": 162,
        "Gross Profit": 91,
        "Operating Income": 51,
        "EBIT": 56,
        "Net Income": 19
    },
    "2012-06-30": {
        "Diluted EPS": 0.29,
        "Total Revenue": 147,
        "Gross Profit": 84,
        "Operating Income": 44,
        "EBIT": 49,
        "Net Income": 15
    },
    "2012-03-31": {
        "Diluted EPS": -0.01,
        "Total Revenue": 134,
        "Gross Profit": 68,
        "Operating Income": 23,
        "EBIT": 27,
        "Net Income": 0
    },
    "2011-12-31": {
        "Diluted EPS": 0.19,
        "Total Revenue": 106,
        "Gross Profit": 55,
        "Operating Income": 24,
        "EBIT": 27,
        "Net Income": 10
    },
    "2011-09-30": {
        "Diluted EPS": 0.26,
        "Total Revenue": 106,
        "Gross Profit": 54,
        "Operating Income": 29,
        "EBIT": 32,
        "Net Income": 13
    },
    "2011-06-30": {
        "Diluted EPS": 0.29,
        "Total Revenue": 95,
        "Gross Profit": 50,
        "Operating Income": 27,
        "EBIT": 30,
        "Net Income": 15
    },
    "2011-03-31": {
        "Diluted EPS": 0.13,
        "Total Revenue": 96,
        "Gross Profit": 46,
        "Operating Income": 19,
        "EBIT": 22,
        "Net Income": 6
    },
    "2010-12-31": {
        "Diluted EPS": 0.04,
        "Total Revenue": 91,
        "Gross Profit": 44,
        "Operating Income": 13,
        "EBIT": 16,
        "Net Income": 2
    },
    "2010-09-30": {
        "Diluted EPS": 0.22,
        "Total Revenue": 78,
        "Gross Profit": 43,
        "Operating Income": 24,
        "EBIT": 27,
        "Net Income": 11
    },
    "2010-06-30": {
        "Diluted EPS": 0.19,
        "Total Revenue": 71,
        "Gross Profit": 38,
        "Operating Income": 21,
        "EBIT": 24,
        "Net Income": 10
    },
    "2010-03-31": {
        "Diluted EPS": 0.06,
        "Total Revenue": 67,
        "Gross Profit": 34,
        "Operating Income": 17,
        "EBIT": 23,
        "Net Income": 3
    },
    "2009-12-31": {
        "Diluted EPS": 0.21,
        "Total Revenue": 74,
        "Gross Profit": 39,
        "Operating Income": 23,
        "EBIT": 26,
        "Net Income": 11
    },
    "2009-09-30": {
        "Diluted EPS": 0.2,
        "Total Revenue": 81,
        "Gross Profit": 43,
        "Operating Income": 20,
        "EBIT": 24,
        "Net Income": 10
    },
    "2009-06-30": {
        "Diluted EPS": 0.17,
        "Total Revenue": 71,
        "Gross Profit": 38,
        "Operating Income": 19,
        "EBIT": 22,
        "Net Income": 8
    },
    "2009-03-31": {
        "Diluted EPS": -4.23,
        "Total Revenue": 57,
        "Gross Profit": 30,
        "Operating Income": -233,
        "EBIT": 20,
        "Net Income": -211
    },
    "2023-09-30": {
        "Tax Effect Of Unusual Items": NaN,
        "Tax Rate For Calcs": NaN,
        "Normalized EBITDA": NaN,
        "Net Income From Continuing Operation Net Minority Interest": NaN,
        "Reconciled Depreciation": NaN,
        "Reconciled Cost Of Revenue": NaN,
        "EBITDA": NaN,
        "EBIT": NaN,
        "Net Interest Income": NaN,
        "Interest Expense": NaN,
        "Normalized Income": NaN,
        "Net Income From Continuing And Discontinued Operation": NaN,
        "Total Expenses": NaN,
        "Total Operating Income As Reported": NaN,
        "Diluted Average Shares": 50081000.0,
        "Basic Average Shares": 49687000.0,
        "Diluted EPS": 1.07,
        "Basic EPS": 1.08,
        "Diluted NI Availto Com Stockholders": NaN,
        "Net Income Common Stockholders": NaN,
        "Net Income": NaN,
        "Net Income Including Noncontrolling Interests": NaN,
        "Net Income Continuous Operations": NaN,
        "Tax Provision": NaN,
        "Pretax Income": NaN,
        "Other Income Expense": NaN,
        "Other Non Operating Income Expenses": NaN,
        "Net Non Operating Interest Income Expense": NaN,
        "Interest Expense Non Operating": NaN,
        "Operating Income": NaN,
        "Operating Expense": NaN,
        "Depreciation Amortization Depletion Income Statement": NaN,
        "Depreciation And Amortization In Income Statement": NaN,
        "Selling General And Administration": NaN,
        "Selling And Marketing Expense": NaN,
        "General And Administrative Expense": NaN,
        "Other Gand A": NaN,
        "Gross Profit": NaN,
        "Cost Of Revenue": NaN,
        "Total Revenue": NaN,
        "Operating Revenue": NaN
    },
    "2023-12-31": {
        "Tax Effect Of Unusual Items": NaN,
        "Tax Rate For Calcs": NaN,
        "Normalized EBITDA": NaN,
        "Net Income From Continuing Operation Net Minority Interest": NaN,
        "Reconciled Depreciation": NaN,
        "Reconciled Cost Of Revenue": NaN,
        "EBITDA": NaN,
        "EBIT": NaN,
        "Net Interest Income": NaN,
        "Interest Expense": NaN,
        "Normalized Income": NaN,
        "Net Income From Continuing And Discontinued Operation": NaN,
        "Total Expenses": NaN,
        "Total Operating Income As Reported": NaN,
        "Diluted Average Shares": 50125000.0,
        "Basic Average Shares": 49740000.0,
        "Diluted EPS": 1.06,
        "Basic EPS": 1.07,
        "Diluted NI Availto Com Stockholders": NaN,
        "Net Income Common Stockholders": NaN,
        "Net Income": NaN,
        "Net Income Including Noncontrolling Interests": NaN,
        "Net Income Continuous Operations": NaN,
        "Tax Provision": NaN,
        "Pretax Income": NaN,
        "Other Income Expense": NaN,
        "Other Non Operating Income Expenses": NaN,
        "Net Non Operating Interest Income Expense": NaN,
        "Interest Expense Non Operating": NaN,
        "Operating Income": NaN,
        "Operating Expense": NaN,
        "Depreciation Amortization Depletion Income Statement": NaN,
        "Depreciation And Amortization In Income Statement": NaN,
        "Selling General And Administration": NaN,
        "Selling And Marketing Expense": NaN,
        "General And Administrative Expense": NaN,
        "Other Gand A": NaN,
        "Gross Profit": NaN,
        "Cost Of Revenue": NaN,
        "Total Revenue": NaN,
        "Operating Revenue": NaN
    },
    "2024-03-31": {
        "Tax Effect Of Unusual Items": NaN,
        "Tax Rate For Calcs": NaN,
        "Normalized EBITDA": NaN,
        "Net Income From Continuing Operation Net Minority Interest": NaN,
        "Reconciled Depreciation": NaN,
        "Reconciled Cost Of Revenue": NaN,
        "EBITDA": NaN,
        "EBIT": NaN,
        "Net Interest Income": NaN,
        "Interest Expense": NaN,
        "Normalized Income": NaN,
        "Net Income From Continuing And Discontinued Operation": NaN,
        "Total Expenses": NaN,
        "Total Operating Income As Reported": NaN,
        "Diluted Average Shares": 50310000.0,
        "Basic Average Shares": NaN,
        "Diluted EPS": 0.98,
        "Basic EPS": 0.99,
        "Diluted NI Availto Com Stockholders": NaN,
        "Net Income Common Stockholders": NaN,
        "Net Income": NaN,
        "Net Income Including Noncontrolling Interests": NaN,
        "Net Income Continuous Operations": NaN,
        "Tax Provision": NaN,
        "Pretax Income": NaN,
        "Other Income Expense": NaN,
        "Other Non Operating Income Expenses": NaN,
        "Net Non Operating Interest Income Expense": NaN,
        "Interest Expense Non Operating": NaN,
        "Operating Income": NaN,
        "Operating Expense": NaN,
        "Depreciation Amortization Depletion Income Statement": NaN,
        "Depreciation And Amortization In Income Statement": NaN,
        "Selling General And Administration": NaN,
        "Selling And Marketing Expense": NaN,
        "General And Administrative Expense": NaN,
        "Other Gand A": NaN,
        "Gross Profit": NaN,
        "Cost Of Revenue": NaN,
        "Total Revenue": NaN,
        "Operating Revenue": NaN
    },
    "2024-06-30": {
        "Tax Effect Of Unusual Items": 0.0,
        "Tax Rate For Calcs": 0.16,
        "Normalized EBITDA": 79674000.0,
        "Net Income From Continuing Operation Net Minority Interest": 49068000.0,
        "Reconciled Depreciation": 8124000.0,
        "Reconciled Cost Of Revenue": 118697000.0,
        "EBITDA": 79674000.0,
        "EBIT": 71550000.0,
        "Net Interest Income": -13137000.0,
        "Interest Expense": 13137000.0,
        "Normalized Income": 49068000.0,
        "Net Income From Continuing And Discontinued Operation": 49068000.0,
        "Total Expenses": 195096000.0,
        "Total Operating Income As Reported": 72046000.0,
        "Diluted Average Shares": 50267000.0,
        "Basic Average Shares": 49886000.0,
        "Diluted EPS": 0.98,
        "Basic EPS": 0.98,
        "Diluted NI Availto Com Stockholders": 49068000.0,
        "Net Income Common Stockholders": 49068000.0,
        "Net Income": 49068000.0,
        "Net Income Including Noncontrolling Interests": 49068000.0,
        "Net Income Continuous Operations": 49068000.0,
        "Tax Provision": 9345000.0,
        "Pretax Income": 58413000.0,
        "Other Income Expense": -496000.0,
        "Other Non Operating Income Expenses": -496000.0,
        "Net Non Operating Interest Income Expense": -13137000.0,
        "Interest Expense Non Operating": 13137000.0,
        "Operating Income": 72046000.0,
        "Operating Expense": 73976000.0,
        "Depreciation Amortization Depletion Income Statement": 5701000.0,
        "Depreciation And Amortization In Income Statement": 5701000.0,
        "Selling General And Administration": 68275000.0,
        "Selling And Marketing Expense": 39365000.0,
        "General And Administrative Expense": 28910000.0,
        "Other Gand A": 28910000.0,
        "Gross Profit": 146022000.0,
        "Cost Of Revenue": 121120000.0,
        "Total Revenue": 267142000.0,
        "Operating Revenue": 266835000.0
    },
    "2024-09-30": {
        "Tax Effect Of Unusual Items": 0.0,
        "Tax Rate For Calcs": 0.241,
        "Normalized EBITDA": 91873000.0,
        "Net Income From Continuing Operation Net Minority Interest": 54377000.0,
        "Reconciled Depreciation": 7929000.0,
        "Reconciled Cost Of Revenue": 124041000.0,
        "EBITDA": 91873000.0,
        "EBIT": 83944000.0,
        "Net Interest Income": -12281000.0,
        "Interest Expense": 12281000.0,
        "Normalized Income": 54377000.0,
        "Net Income From Continuing And Discontinued Operation": 54377000.0,
        "Total Expenses": 199446000.0,
        "Total Operating Income As Reported": 84339000.0,
        "Diluted Average Shares": 49998000.0,
        "Basic Average Shares": 49652000.0,
        "Diluted EPS": 1.09,
        "Basic EPS": 1.1,
        "Diluted NI Availto Com Stockholders": 54377000.0,
        "Net Income Common Stockholders": 54377000.0,
        "Net Income": 54377000.0,
        "Net Income Including Noncontrolling Interests": 54377000.0,
        "Net Income Continuous Operations": 54377000.0,
        "Tax Provision": 17286000.0,
        "Pretax Income": 71663000.0,
        "Other Income Expense": -395000.0,
        "Other Non Operating Income Expenses": -395000.0,
        "Net Non Operating Interest Income Expense": -12281000.0,
        "Interest Expense Non Operating": 12281000.0,
        "Operating Income": 84339000.0,
        "Operating Expense": 73043000.0,
        "Depreciation Amortization Depletion Income Statement": 5567000.0,
        "Depreciation And Amortization In Income Statement": 5567000.0,
        "Selling General And Administration": 67476000.0,
        "Selling And Marketing Expense": 41409000.0,
        "General And Administrative Expense": 26067000.0,
        "Other Gand A": 26067000.0,
        "Gross Profit": 157382000.0,
        "Cost Of Revenue": 126403000.0,
        "Total Revenue": 283785000.0,
        "Operating Revenue": 283548000.0
    },
    "2024-12-31": {
        "Tax Effect Of Unusual Items": 0.0,
        "Tax Rate For Calcs": 0.239,
        "Normalized EBITDA": 98477000.0,
        "Net Income From Continuing Operation Net Minority Interest": 61032000.0,
        "Reconciled Depreciation": 6868000.0,
        "Reconciled Cost Of Revenue": 127360000.0,
        "EBITDA": 98477000.0,
        "EBIT": 91609000.0,
        "Net Interest Income": -11455000.0,
        "Interest Expense": 11455000.0,
        "Normalized Income": 61032000.0,
        "Net Income From Continuing And Discontinued Operation": 61032000.0,
        "Total Expenses": 198355000.0,
        "Total Operating Income As Reported": 91962000.0,
        "Diluted Average Shares": 49993000.0,
        "Basic Average Shares": 49597000.0,
        "Diluted EPS": 1.22,
        "Basic EPS": 1.23,
        "Diluted NI Availto Com Stockholders": 61032000.0,
        "Net Income Common Stockholders": 61032000.0,
        "Net Income": 61032000.0,
        "Net Income Including Noncontrolling Interests": 61032000.0,
        "Net Income Continuous Operations": 61032000.0,
        "Tax Provision": 19122000.0,
        "Pretax Income": 80154000.0,
        "Other Income Expense": -353000.0,
        "Other Non Operating Income Expenses": -353000.0,
        "Net Non Operating Interest Income Expense": -11455000.0,
        "Interest Expense Non Operating": 11455000.0,
        "Operating Income": 91962000.0,
        "Operating Expense": 69087000.0,
        "Depreciation Amortization Depletion Income Statement": 4960000.0,
        "Depreciation And Amortization In Income Statement": 4960000.0,
        "Selling General And Administration": 64127000.0,
        "Selling And Marketing Expense": 37945000.0,
        "General And Administrative Expense": 26182000.0,
        "Other Gand A": 26182000.0,
        "Gross Profit": 161049000.0,
        "Cost Of Revenue": 129268000.0,
        "Total Revenue": 290317000.0,
        "Operating Revenue": 290002000.0
    },
    "2025-03-31": {
        "Tax Effect Of Unusual Items": 0.0,
        "Tax Rate For Calcs": 0.322219,
        "Normalized EBITDA": 91970000.0,
        "Net Income From Continuing Operation Net Minority Interest": 50128000.0,
        "Reconciled Depreciation": 7252000.0,
        "Reconciled Cost Of Revenue": 124318000.0,
        "EBITDA": 91970000.0,
        "EBIT": 84718000.0,
        "Net Interest Income": -10759000.0,
        "Interest Expense": 10759000.0,
        "Normalized Income": 50128000.0,
        "Net Income From Continuing And Discontinued Operation": 50128000.0,
        "Total Expenses": 195624000.0,
        "Total Operating Income As Reported": 88428000.0,
        "Diluted Average Shares": NaN,
        "Basic Average Shares": 49656000.0,
        "Diluted EPS": NaN,
        "Basic EPS": NaN,
        "Diluted NI Availto Com Stockholders": 50128000.0,
        "Net Income Common Stockholders": 50128000.0,
        "Net Income": 50128000.0,
        "Net Income Including Noncontrolling Interests": 50128000.0,
        "Net Income Continuous Operations": 50128000.0,
        "Tax Provision": 23831000.0,
        "Pretax Income": 73959000.0,
        "Other Income Expense": -16176000.0,
        "Other Non Operating Income Expenses": -3710000.0,
        "Net Non Operating Interest Income Expense": -10759000.0,
        "Interest Expense Non Operating": 10759000.0,
        "Operating Income": 100894000.0,
        "Operating Expense": 69116000.0,
        "Depreciation Amortization Depletion Income Statement": 5062000.0,
        "Depreciation And Amortization In Income Statement": 5062000.0,
        "Selling General And Administration": 64054000.0,
        "Selling And Marketing Expense": 37004000.0,
        "General And Administrative Expense": 27050000.0,
        "Other Gand A": 27050000.0,
        "Gross Profit": 170010000.0,
        "Cost Of Revenue": 126508000.0,
        "Total Revenue": 296518000.0,
        "Operating Revenue": 296196000.0
    },
    "2025-06-30": {
        "Tax Effect Of Unusual Items": 0.0,
        "Tax Rate For Calcs": 0.231656,
        "Normalized EBITDA": 79646000.0,
        "Net Income From Continuing Operation Net Minority Interest": 47466000.0,
        "Reconciled Depreciation": 7666000.0,
        "Reconciled Cost Of Revenue": 106715000.0,
        "EBITDA": 79646000.0,
        "EBIT": 71980000.0,
        "Net Interest Income": -10203000.0,
        "Interest Expense": 10203000.0,
        "Normalized Income": 47466000.0,
        "Net Income From Continuing And Discontinued Operation": 47466000.0,
        "Total Expenses": 177774000.0,
        "Total Operating Income As Reported": 71756000.0,
        "Diluted Average Shares": 49833000.0,
        "Basic Average Shares": 49475000.0,
        "Diluted EPS": 0.95,
        "Basic EPS": 0.96,
        "Diluted NI Availto Com Stockholders": 47466000.0,
        "Net Income Common Stockholders": 47466000.0,
        "Net Income": 47466000.0,
        "Net Income Including Noncontrolling Interests": 47466000.0,
        "Net Income Continuous Operations": 47466000.0,
        "Tax Provision": 14311000.0,
        "Pretax Income": 61777000.0,
        "Other Income Expense": 224000.0,
        "Other Non Operating Income Expenses": 224000.0,
        "Net Non Operating Interest Income Expense": -10203000.0,
        "Interest Expense Non Operating": 10203000.0,
        "Operating Income": 71756000.0,
        "Operating Expense": 68575000.0,
        "Depreciation Amortization Depletion Income Statement": 5182000.0,
        "Depreciation And Amortization In Income Statement": 5182000.0,
        "Selling General And Administration": 63393000.0,
        "Selling And Marketing Expense": 34937000.0,
        "General And Administrative Expense": 28456000.0,
        "Other Gand A": 28456000.0,
        "Gross Profit": 140331000.0,
        "Cost Of Revenue": 109199000.0,
        "Total Revenue": 249530000.0,
        "Operating Revenue": 249278000.0
    }
}