{
    "2023-03-31": {
        "Tax Effect Of Unusual Items": 0.0,
        "Tax Rate For Calcs": 0.2,
        "Total Unusual Items": NaN,
        "Total Unusual Items Excluding Goodwill": NaN,
        "Net Income From Continuing Operation Net Minority Interest": 2599000.0,
        "Reconciled Depreciation": 375000.0,
        "Net Interest Income": 9890000.0,
        "Interest Expense": 5075000.0,
        "Interest Income": 14965000.0,
        "Normalized Income": 2599000.0,
        "Net Income From Continuing And Discontinued Operation": 2599000.0,
        "Diluted Average Shares": 4609000.0,
        "Basic Average Shares": 4609000.0,
        "Diluted EPS": 0.43,
        "Basic EPS": 0.43,
        "Diluted NI Availto Com Stockholders": 1960000.0,
        "Net Income Common Stockholders": 1960000.0,
        "Otherunder Preferred Stock Dividend": 639000.0,
        "Net Income": 2599000.0,
        "Minority Interests": -76000.0,
        "Net Income Including Noncontrolling Interests": 2675000.0,
        "Net Income Continuous Operations": 2675000.0,
        "Tax Provision": 669000.0,
        "Pretax Income": 3344000.0,
        "Special Income Charges": NaN,
        "Gain On Sale Of Security": 73000.0,
        "Selling General And Administration": 4608000.0,
        "Selling And Marketing Expense": 206000.0,
        "General And Administrative Expense": 4402000.0,
        "Insurance And Claims": 219000.0,
        "Salaries And Wages": 4183000.0,
        "Total Revenue": 11299000.0,
        "Operating Revenue": 11299000.0,
        "Occupancy And Equipment": 852000.0,
        "Professional Expense And Contract Services Expense": 695000.0,
        "Other Non Interest Expense": 1108000.0
    },
    "2022-12-31": {
        "Tax Effect Of Unusual Items": NaN,
        "Tax Rate For Calcs": NaN,
        "Total Unusual Items": -250000.0,
        "Total Unusual Items Excluding Goodwill": -250000.0,
        "Net Income From Continuing Operation Net Minority Interest": NaN,
        "Reconciled Depreciation": NaN,
        "Net Interest Income": NaN,
        "Interest Expense": NaN,
        "Interest Income": NaN,
        "Normalized Income": NaN,
        "Net Income From Continuing And Discontinued Operation": NaN,
        "Diluted Average Shares": NaN,
        "Basic Average Shares": NaN,
        "Diluted EPS": NaN,
        "Basic EPS": NaN,
        "Diluted NI Availto Com Stockholders": NaN,
        "Net Income Common Stockholders": NaN,
        "Otherunder Preferred Stock Dividend": NaN,
        "Net Income": NaN,
        "Minority Interests": NaN,
        "Net Income Including Noncontrolling Interests": NaN,
        "Net Income Continuous Operations": NaN,
        "Tax Provision": NaN,
        "Pretax Income": NaN,
        "Special Income Charges": -250000.0,
        "Gain On Sale Of Security": NaN,
        "Selling General And Administration": NaN,
        "Selling And Marketing Expense": NaN,
        "General And Administrative Expense": NaN,
        "Insurance And Claims": NaN,
        "Salaries And Wages": NaN,
        "Total Revenue": NaN,
        "Operating Revenue": NaN,
        "Occupancy And Equipment": NaN,
        "Professional Expense And Contract Services Expense": NaN,
        "Other Non Interest Expense": NaN
    },
    "2022-09-30": {
        "Tax Effect Of Unusual Items": NaN,
        "Tax Rate For Calcs": NaN,
        "Total Unusual Items": 0.0,
        "Total Unusual Items Excluding Goodwill": 0.0,
        "Net Income From Continuing Operation Net Minority Interest": NaN,
        "Reconciled Depreciation": NaN,
        "Net Interest Income": NaN,
        "Interest Expense": NaN,
        "Interest Income": NaN,
        "Normalized Income": NaN,
        "Net Income From Continuing And Discontinued Operation": NaN,
        "Diluted Average Shares": NaN,
        "Basic Average Shares": NaN,
        "Diluted EPS": NaN,
        "Basic EPS": NaN,
        "Diluted NI Availto Com Stockholders": NaN,
        "Net Income Common Stockholders": NaN,
        "Otherunder Preferred Stock Dividend": NaN,
        "Net Income": NaN,
        "Minority Interests": NaN,
        "Net Income Including Noncontrolling Interests": NaN,
        "Net Income Continuous Operations": NaN,
        "Tax Provision": NaN,
        "Pretax Income": NaN,
        "Special Income Charges": 0.0,
        "Gain On Sale Of Security": NaN,
        "Selling General And Administration": NaN,
        "Selling And Marketing Expense": NaN,
        "General And Administrative Expense": NaN,
        "Other Gand A": 485000.0,
        "Insurance And Claims": NaN,
        "Salaries And Wages": NaN,
        "Total Revenue": NaN,
        "Operating Revenue": NaN
    },
    "2022-06-30": {
        "Tax Effect Of Unusual Items": 0.0,
        "Tax Rate For Calcs": 0.19174,
        "Total Unusual Items": 0.0,
        "Total Unusual Items Excluding Goodwill": 0.0,
        "Net Income From Continuing Operation Net Minority Interest": 3272000.0,
        "Reconciled Depreciation": 375000.0,
        "Net Interest Income": 9977000.0,
        "Interest Expense": 1729000.0,
        "Interest Income": 11706000.0,
        "Normalized Income": 3272000.0,
        "Net Income From Continuing And Discontinued Operation": 3272000.0,
        "Diluted Average Shares": 4549000.0,
        "Basic Average Shares": 4549000.0,
        "Diluted EPS": 0.54,
        "Basic EPS": 0.54,
        "Diluted NI Availto Com Stockholders": 3272000.0,
        "Net Income Common Stockholders": 3272000.0,
        "Otherunder Preferred Stock Dividend": 813000.0,
        "Net Income": 3272000.0,
        "Minority Interests": -16000.0,
        "Net Income Including Noncontrolling Interests": 3288000.0,
        "Net Income Continuous Operations": 3288000.0,
        "Tax Provision": 780000.0,
        "Pretax Income": 4068000.0,
        "Special Income Charges": 0.0,
        "Gain On Sale Of Security": 19000.0,
        "Selling General And Administration": 4759000.0,
        "Selling And Marketing Expense": 235000.0,
        "General And Administrative Expense": 4524000.0,
        "Other Gand A": 517000.0,
        "Insurance And Claims": 222000.0,
        "Salaries And Wages": 3785000.0,
        "Total Revenue": 11019000.0,
        "Operating Revenue": 11019000.0
    },
    "2022-03-31": {
        "Diluted EPS": 0.37,
        "Total Revenue": 13,
        "Gross Profit": 11,
        "Operating Income": 4,
        "EBIT": NaN,
        "Net Income": 2
    },
    "2021-12-31": {
        "Diluted EPS": 0.37,
        "Total Revenue": 13,
        "Gross Profit": 11,
        "Operating Income": 5,
        "EBIT": NaN,
        "Net Income": 3
    },
    "2021-09-30": {
        "Diluted EPS": 0.57,
        "Total Revenue": 13,
        "Gross Profit": 11,
        "Operating Income": 4,
        "EBIT": NaN,
        "Net Income": 3
    },
    "2021-06-30": {
        "Diluted EPS": 0.48,
        "Total Revenue": 14,
        "Gross Profit": 12,
        "Operating Income": 4,
        "EBIT": NaN,
        "Net Income": 2
    },
    "2021-03-31": {
        "Diluted EPS": 0.36,
        "Total Revenue": 13,
        "Gross Profit": 10,
        "Operating Income": 3,
        "EBIT": NaN,
        "Net Income": 2
    },
    "2020-12-31": {
        "Diluted EPS": 0.32,
        "Total Revenue": 12,
        "Gross Profit": 10,
        "Operating Income": 2,
        "EBIT": NaN,
        "Net Income": 1
    },
    "2020-09-30": {
        "Diluted EPS": 0.25,
        "Total Revenue": 12,
        "Gross Profit": 10,
        "Operating Income": 2,
        "EBIT": NaN,
        "Net Income": 1
    },
    "2020-06-30": {
        "Diluted EPS": 0.31,
        "Total Revenue": 12,
        "Gross Profit": 9,
        "Operating Income": 2,
        "EBIT": NaN,
        "Net Income": 1
    },
    "2020-03-31": {
        "Diluted EPS": 0.29,
        "Total Revenue": 13,
        "Gross Profit": 10,
        "Operating Income": 2,
        "EBIT": NaN,
        "Net Income": 1
    },
    "2019-12-31": {
        "Diluted EPS": 0.35,
        "Total Revenue": 13,
        "Gross Profit": 9,
        "Operating Income": 2,
        "EBIT": NaN,
        "Net Income": 2
    },
    "2019-09-30": {
        "Diluted EPS": 0.22,
        "Total Revenue": 12,
        "Gross Profit": 8,
        "Operating Income": 2,
        "EBIT": NaN,
        "Net Income": 1
    },
    "2019-06-30": {
        "Diluted EPS": 0.11,
        "Total Revenue": 11,
        "Gross Profit": 8,
        "Operating Income": 1,
        "EBIT": NaN,
        "Net Income": 0
    },
    "2019-03-31": {
        "Diluted EPS": 0.12,
        "Total Revenue": 11,
        "Gross Profit": 8,
        "Operating Income": 1,
        "EBIT": NaN,
        "Net Income": 1
    },
    "2018-12-31": {
        "Diluted EPS": 0.25,
        "Total Revenue": 10,
        "Gross Profit": 7,
        "Operating Income": 1,
        "EBIT": NaN,
        "Net Income": 1
    },
    "2018-09-30": {
        "Diluted EPS": 0.23,
        "Total Revenue": 10,
        "Gross Profit": 7,
        "Operating Income": 1,
        "EBIT": NaN,
        "Net Income": 1
    },
    "2018-06-30": {
        "Diluted EPS": 0.22,
        "Total Revenue": 10,
        "Gross Profit": 7,
        "Operating Income": 1,
        "EBIT": NaN,
        "Net Income": 1
    },
    "2018-03-31": {
        "Diluted EPS": 0.24,
        "Total Revenue": 9,
        "Gross Profit": 7,
        "Operating Income": 1,
        "EBIT": NaN,
        "Net Income": 1
    },
    "2017-12-31": {
        "Diluted EPS": 0.2,
        "Total Revenue": 9,
        "Gross Profit": 7,
        "Operating Income": 1,
        "EBIT": NaN,
        "Net Income": 1
    },
    "2017-09-30": {
        "Diluted EPS": 0.22,
        "Total Revenue": 9,
        "Gross Profit": 7,
        "Operating Income": 1,
        "EBIT": NaN,
        "Net Income": 1
    },
    "2017-06-30": {
        "Diluted EPS": 0.22,
        "Total Revenue": 8,
        "Gross Profit": 7,
        "Operating Income": 1,
        "EBIT": NaN,
        "Net Income": 1
    },
    "2017-03-31": {
        "Diluted EPS": 0.19,
        "Total Revenue": 8,
        "Gross Profit": 6,
        "Operating Income": 1,
        "EBIT": NaN,
        "Net Income": 1
    },
    "2016-12-31": {
        "Diluted EPS": 0.23,
        "Total Revenue": 7,
        "Gross Profit": 6,
        "Operating Income": 1,
        "EBIT": NaN,
        "Net Income": 1
    },
    "2016-09-30": {
        "Diluted EPS": 0.2,
        "Total Revenue": 7,
        "Gross Profit": 6,
        "Operating Income": 1,
        "EBIT": NaN,
        "Net Income": 1
    },
    "2016-06-30": {
        "Diluted EPS": 0.2,
        "Total Revenue": 7,
        "Gross Profit": 6,
        "Operating Income": 1,
        "EBIT": NaN,
        "Net Income": 1
    },
    "2016-03-31": {
        "Diluted EPS": 0.15,
        "Total Revenue": 7,
        "Gross Profit": 6,
        "Operating Income": 1,
        "EBIT": NaN,
        "Net Income": 1
    },
    "2015-12-31": {
        "Diluted EPS": 0.18,
        "Total Revenue": 7,
        "Gross Profit": 6,
        "Operating Income": 1,
        "EBIT": NaN,
        "Net Income": 1
    },
    "2015-09-30": {
        "Diluted EPS": 0.2,
        "Total Revenue": 7,
        "Gross Profit": 6,
        "Operating Income": 1,
        "EBIT": NaN,
        "Net Income": 1
    },
    "2015-06-30": {
        "Diluted EPS": 0.16,
        "Total Revenue": 6,
        "Gross Profit": 6,
        "Operating Income": 1,
        "EBIT": NaN,
        "Net Income": 1
    },
    "2015-03-31": {
        "Diluted EPS": 0.12,
        "Total Revenue": 6,
        "Gross Profit": 5,
        "Operating Income": 1,
        "EBIT": NaN,
        "Net Income": 0
    },
    "2014-12-31": {
        "Diluted EPS": 0.19,
        "Total Revenue": 6,
        "Gross Profit": 6,
        "Operating Income": 1,
        "EBIT": NaN,
        "Net Income": 1
    },
    "2014-09-30": {
        "Diluted EPS": 0.17,
        "Total Revenue": 6,
        "Gross Profit": 5,
        "Operating Income": 1,
        "EBIT": NaN,
        "Net Income": 1
    },
    "2014-06-30": {
        "Diluted EPS": 0.15,
        "Total Revenue": 6,
        "Gross Profit": 5,
        "Operating Income": 1,
        "EBIT": NaN,
        "Net Income": 1
    },
    "2014-03-31": {
        "Diluted EPS": 0.12,
        "Total Revenue": 6,
        "Gross Profit": 5,
        "Operating Income": 1,
        "EBIT": NaN,
        "Net Income": 0
    },
    "2013-12-31": {
        "Diluted EPS": 0.06,
        "Total Revenue": 6,
        "Gross Profit": 5,
        "Operating Income": 1,
        "EBIT": NaN,
        "Net Income": 1
    },
    "2013-09-30": {
        "Diluted EPS": 0.2,
        "Total Revenue": 5,
        "Gross Profit": 5,
        "Operating Income": 1,
        "EBIT": NaN,
        "Net Income": 1
    },
    "2013-06-30": {
        "Diluted EPS": 0.2,
        "Total Revenue": 6,
        "Gross Profit": 5,
        "Operating Income": 1,
        "EBIT": NaN,
        "Net Income": 1
    },
    "2013-03-31": {
        "Diluted EPS": 0.12,
        "Total Revenue": 5,
        "Gross Profit": 5,
        "Operating Income": 1,
        "EBIT": NaN,
        "Net Income": 1
    },
    "2012-12-31": {
        "Diluted EPS": 0.15,
        "Total Revenue": 5,
        "Gross Profit": 4,
        "Operating Income": 0,
        "EBIT": NaN,
        "Net Income": 1
    },
    "2012-09-30": {
        "Diluted EPS": 0.13,
        "Total Revenue": 5,
        "Gross Profit": 4,
        "Operating Income": 1,
        "EBIT": NaN,
        "Net Income": 1
    },
    "2012-06-30": {
        "Diluted EPS": 0.15,
        "Total Revenue": 5,
        "Gross Profit": 4,
        "Operating Income": 1,
        "EBIT": NaN,
        "Net Income": 1
    },
    "2012-03-31": {
        "Diluted EPS": 0.1,
        "Total Revenue": 5,
        "Gross Profit": 4,
        "Operating Income": 1,
        "EBIT": NaN,
        "Net Income": 0
    },
    "2011-12-31": {
        "Diluted EPS": 0.06,
        "Total Revenue": 5,
        "Gross Profit": 4,
        "Operating Income": 1,
        "EBIT": NaN,
        "Net Income": 0
    },
    "2011-09-30": {
        "Diluted EPS": 0.07,
        "Total Revenue": 5,
        "Gross Profit": 4,
        "Operating Income": 1,
        "EBIT": NaN,
        "Net Income": 1
    },
    "2011-06-30": {
        "Diluted EPS": 0.12,
        "Total Revenue": 5,
        "Gross Profit": 4,
        "Operating Income": 1,
        "EBIT": NaN,
        "Net Income": 1
    },
    "2011-03-31": {
        "Diluted EPS": 0.07,
        "Total Revenue": 5,
        "Gross Profit": 4,
        "Operating Income": 1,
        "EBIT": NaN,
        "Net Income": 0
    },
    "2010-12-31": {
        "Diluted EPS": 0.14,
        "Total Revenue": 5,
        "Gross Profit": 4,
        "Operating Income": 1,
        "EBIT": NaN,
        "Net Income": 1
    },
    "2010-09-30": {
        "Diluted EPS": 0.13,
        "Total Revenue": 5,
        "Gross Profit": 4,
        "Operating Income": 1,
        "EBIT": NaN,
        "Net Income": 1
    },
    "2010-06-30": {
        "Diluted EPS": 0.1,
        "Total Revenue": 5,
        "Gross Profit": 4,
        "Operating Income": 1,
        "EBIT": NaN,
        "Net Income": 1
    },
    "2010-03-31": {
        "Diluted EPS": 0.12,
        "Total Revenue": 5,
        "Gross Profit": 4,
        "Operating Income": 1,
        "EBIT": NaN,
        "Net Income": 1
    },
    "2009-12-31": {
        "Diluted EPS": 0.09,
        "Total Revenue": 5,
        "Gross Profit": 4,
        "Operating Income": 1,
        "EBIT": NaN,
        "Net Income": 0
    },
    "2009-09-30": {
        "Diluted EPS": 0.13,
        "Total Revenue": 5,
        "Gross Profit": 4,
        "Operating Income": 1,
        "EBIT": NaN,
        "Net Income": 1
    },
    "2009-06-30": {
        "Diluted EPS": 0.01,
        "Total Revenue": 5,
        "Gross Profit": 4,
        "Operating Income": 0,
        "EBIT": NaN,
        "Net Income": 0
    },
    "2009-03-31": {
        "Diluted EPS": 0.14,
        "Total Revenue": 5,
        "Gross Profit": 3,
        "Operating Income": 1,
        "EBIT": NaN,
        "Net Income": 1
    },
    "2023-06-30": {
        "Tax Effect Of Unusual Items": 0.0,
        "Tax Rate For Calcs": 0.212,
        "Net Income From Continuing Operation Net Minority Interest": 1982000.0,
        "Reconciled Depreciation": 321000.0,
        "Net Interest Income": 9609000.0,
        "Interest Expense": 6889000.0,
        "Interest Income": 16498000.0,
        "Normalized Income": 1982000.0,
        "Net Income From Continuing And Discontinued Operation": 1982000.0,
        "Diluted Average Shares": 4639000.0,
        "Basic Average Shares": 4639000.0,
        "Diluted EPS": 0.32,
        "Basic EPS": 0.32,
        "Diluted NI Availto Com Stockholders": 1497000.0,
        "Net Income Common Stockholders": 1497000.0,
        "Otherunder Preferred Stock Dividend": 485000.0,
        "Net Income": 1982000.0,
        "Minority Interests": 7000.0,
        "Net Income Including Noncontrolling Interests": 1975000.0,
        "Net Income Continuous Operations": 1975000.0,
        "Tax Provision": 530000.0,
        "Pretax Income": 2505000.0,
        "Gain On Sale Of Security": -169000.0,
        "Selling General And Administration": 4294000.0,
        "Selling And Marketing Expense": 166000.0,
        "General And Administrative Expense": 4128000.0,
        "Insurance And Claims": 222000.0,
        "Salaries And Wages": 3906000.0,
        "Total Revenue": 10536000.0,
        "Operating Revenue": 10536000.0,
        "Occupancy And Equipment": 979000.0,
        "Professional Expense And Contract Services Expense": 661000.0,
        "Other Non Interest Expense": 957000.0
    },
    "2023-09-30": {
        "Tax Effect Of Unusual Items": NaN,
        "Tax Rate For Calcs": NaN,
        "Total Unusual Items": 0.0,
        "Total Unusual Items Excluding Goodwill": 0.0,
        "Net Income From Continuing Operation Net Minority Interest": NaN,
        "Reconciled Depreciation": NaN,
        "Net Interest Income": NaN,
        "Interest Expense": NaN,
        "Interest Income": NaN,
        "Normalized Income": NaN,
        "Net Income From Continuing And Discontinued Operation": NaN,
        "Diluted Average Shares": NaN,
        "Basic Average Shares": NaN,
        "Diluted EPS": NaN,
        "Basic EPS": NaN,
        "Diluted NI Availto Com Stockholders": NaN,
        "Net Income Common Stockholders": NaN,
        "Otherunder Preferred Stock Dividend": NaN,
        "Net Income": NaN,
        "Minority Interests": NaN,
        "Net Income Including Noncontrolling Interests": NaN,
        "Net Income Continuous Operations": NaN,
        "Tax Provision": NaN,
        "Pretax Income": NaN,
        "Special Income Charges": 0.0,
        "Other Special Charges": NaN,
        "Gain On Sale Of Security": NaN,
        "Depreciation Amortization Depletion Income Statement": NaN,
        "Depreciation And Amortization In Income Statement": NaN,
        "Amortization": NaN,
        "Amortization Of Intangibles Income Statement": NaN,
        "Selling General And Administration": NaN,
        "Selling And Marketing Expense": NaN,
        "General And Administrative Expense": NaN,
        "Insurance And Claims": NaN,
        "Salaries And Wages": NaN,
        "Total Revenue": NaN,
        "Operating Revenue": NaN,
        "Occupancy And Equipment": NaN,
        "Professional Expense And Contract Services Expense": NaN,
        "Other Non Interest Expense": NaN
    },
    "2023-12-31": {
        "Tax Effect Of Unusual Items": 0.0,
        "Tax Rate For Calcs": 0.186237,
        "Total Unusual Items": NaN,
        "Total Unusual Items Excluding Goodwill": NaN,
        "Net Income From Continuing Operation Net Minority Interest": 2536000.0,
        "Reconciled Depreciation": 376000.0,
        "Net Interest Income": 8927000.0,
        "Interest Expense": 9169000.0,
        "Interest Income": 18096000.0,
        "Normalized Income": 2536000.0,
        "Net Income From Continuing And Discontinued Operation": 2536000.0,
        "Diluted Average Shares": 4693000.0,
        "Basic Average Shares": 4693000.0,
        "Diluted EPS": 0.41,
        "Basic EPS": 0.41,
        "Diluted NI Availto Com Stockholders": 1920000.0,
        "Net Income Common Stockholders": 1920000.0,
        "Otherunder Preferred Stock Dividend": 616000.0,
        "Net Income": 2536000.0,
        "Minority Interests": -42000.0,
        "Net Income Including Noncontrolling Interests": 2578000.0,
        "Net Income Continuous Operations": 2578000.0,
        "Tax Provision": 590000.0,
        "Pretax Income": 3168000.0,
        "Special Income Charges": NaN,
        "Other Special Charges": NaN,
        "Gain On Sale Of Security": -45000.0,
        "Selling General And Administration": 4054000.0,
        "Selling And Marketing Expense": 155000.0,
        "General And Administrative Expense": 3899000.0,
        "Insurance And Claims": 222000.0,
        "Salaries And Wages": 3677000.0,
        "Total Revenue": 10261000.0,
        "Operating Revenue": 10261000.0,
        "Occupancy And Equipment": 864000.0,
        "Professional Expense And Contract Services Expense": 747000.0,
        "Other Non Interest Expense": 1163000.0
    },
    "2024-03-31": {
        "Tax Effect Of Unusual Items": NaN,
        "Tax Rate For Calcs": NaN,
        "Total Unusual Items": NaN,
        "Total Unusual Items Excluding Goodwill": NaN,
        "Net Income From Continuing Operation Net Minority Interest": NaN,
        "Reconciled Depreciation": NaN,
        "Net Interest Income": NaN,
        "Interest Expense": NaN,
        "Interest Income": NaN,
        "Normalized Income": NaN,
        "Net Income From Continuing And Discontinued Operation": NaN,
        "Diluted Average Shares": NaN,
        "Basic Average Shares": NaN,
        "Diluted EPS": NaN,
        "Basic EPS": NaN,
        "Diluted NI Availto Com Stockholders": NaN,
        "Net Income Common Stockholders": NaN,
        "Otherunder Preferred Stock Dividend": NaN,
        "Net Income": NaN,
        "Minority Interests": NaN,
        "Net Income Including Noncontrolling Interests": NaN,
        "Net Income Continuous Operations": NaN,
        "Tax Provision": NaN,
        "Pretax Income": NaN,
        "Special Income Charges": NaN,
        "Other Special Charges": NaN,
        "Gain On Sale Of Security": NaN,
        "Depreciation Amortization Depletion Income Statement": 3000.0,
        "Depreciation And Amortization In Income Statement": 3000.0,
        "Amortization": 3000.0,
        "Amortization Of Intangibles Income Statement": 3000.0,
        "Selling General And Administration": NaN,
        "Selling And Marketing Expense": NaN,
        "General And Administrative Expense": NaN,
        "Insurance And Claims": NaN,
        "Salaries And Wages": NaN,
        "Total Revenue": NaN,
        "Operating Revenue": NaN,
        "Occupancy And Equipment": NaN,
        "Professional Expense And Contract Services Expense": NaN,
        "Other Non Interest Expense": NaN
    },
    "2024-06-30": {
        "Tax Effect Of Unusual Items": NaN,
        "Tax Rate For Calcs": NaN,
        "Total Unusual Items": NaN,
        "Total Unusual Items Excluding Goodwill": NaN,
        "Net Income From Continuing Operation Net Minority Interest": NaN,
        "Reconciled Depreciation": NaN,
        "Net Interest Income": NaN,
        "Interest Expense": NaN,
        "Interest Income": NaN,
        "Normalized Income": NaN,
        "Net Income From Continuing And Discontinued Operation": NaN,
        "Diluted Average Shares": NaN,
        "Basic Average Shares": NaN,
        "Diluted EPS": NaN,
        "Basic EPS": NaN,
        "Diluted NI Availto Com Stockholders": NaN,
        "Net Income Common Stockholders": NaN,
        "Otherunder Preferred Stock Dividend": 485000.0,
        "Net Income": NaN,
        "Minority Interests": NaN,
        "Net Income Including Noncontrolling Interests": NaN,
        "Net Income Continuous Operations": NaN,
        "Tax Provision": NaN,
        "Pretax Income": NaN,
        "Special Income Charges": NaN,
        "Other Special Charges": NaN,
        "Gain On Sale Of Security": NaN,
        "Depreciation Amortization Depletion Income Statement": 5000.0,
        "Depreciation And Amortization In Income Statement": 5000.0,
        "Amortization": 5000.0,
        "Amortization Of Intangibles Income Statement": 5000.0,
        "Selling General And Administration": NaN,
        "Selling And Marketing Expense": NaN,
        "General And Administrative Expense": NaN,
        "Insurance And Claims": NaN,
        "Salaries And Wages": NaN,
        "Total Revenue": NaN,
        "Operating Revenue": NaN,
        "Occupancy And Equipment": NaN,
        "Professional Expense And Contract Services Expense": NaN,
        "Other Non Interest Expense": NaN
    },
    "2024-09-30": {
        "Tax Effect Of Unusual Items": -2639.0,
        "Tax Rate For Calcs": 0.203,
        "Total Unusual Items": -13000.0,
        "Total Unusual Items Excluding Goodwill": -13000.0,
        "Net Income From Continuing Operation Net Minority Interest": -4644000.0,
        "Reconciled Depreciation": 78000.0,
        "Net Interest Income": 11583000.0,
        "Interest Expense": 9467000.0,
        "Interest Income": 21050000.0,
        "Normalized Income": -4633639.0,
        "Net Income From Continuing And Discontinued Operation": -4644000.0,
        "Diluted Average Shares": 4714000.0,
        "Basic Average Shares": 4714000.0,
        "Diluted EPS": -0.75,
        "Basic EPS": -0.75,
        "Diluted NI Availto Com Stockholders": -4644000.0,
        "Net Income Common Stockholders": -4644000.0,
        "Otherunder Preferred Stock Dividend": -1125000.0,
        "Net Income": -4644000.0,
        "Minority Interests": -28000.0,
        "Net Income Including Noncontrolling Interests": -4616000.0,
        "Net Income Continuous Operations": -4616000.0,
        "Tax Provision": -1173000.0,
        "Pretax Income": -5789000.0,
        "Special Income Charges": -13000.0,
        "Other Special Charges": 13000.0,
        "Gain On Sale Of Security": -126000.0,
        "Depreciation Amortization Depletion Income Statement": 129000.0,
        "Depreciation And Amortization In Income Statement": 129000.0,
        "Amortization": 129000.0,
        "Amortization Of Intangibles Income Statement": 129000.0,
        "Selling General And Administration": 5352000.0,
        "Selling And Marketing Expense": 165000.0,
        "General And Administrative Expense": 5187000.0,
        "Insurance And Claims": 228000.0,
        "Salaries And Wages": 4959000.0,
        "Total Revenue": 13144000.0,
        "Operating Revenue": 13144000.0,
        "Occupancy And Equipment": 1134000.0,
        "Professional Expense And Contract Services Expense": 1943000.0,
        "Other Non Interest Expense": 1393000.0
    },
    "2024-12-31": {
        "Tax Effect Of Unusual Items": 273076.682316,
        "Tax Rate For Calcs": 0.08555,
        "Total Unusual Items": 3192000.0,
        "Total Unusual Items Excluding Goodwill": 3192000.0,
        "Net Income From Continuing Operation Net Minority Interest": 3907000.0,
        "Reconciled Depreciation": 204000.0,
        "Net Interest Income": 10213000.0,
        "Interest Expense": 9149000.0,
        "Interest Income": 19362000.0,
        "Normalized Income": 988076.682316,
        "Net Income From Continuing And Discontinued Operation": 3907000.0,
        "Diluted Average Shares": 4732000.0,
        "Basic Average Shares": 4732000.0,
        "Diluted EPS": 0.69,
        "Basic EPS": 0.69,
        "Diluted NI Availto Com Stockholders": 2962000.0,
        "Net Income Common Stockholders": 2962000.0,
        "Otherunder Preferred Stock Dividend": 945000.0,
        "Net Income": 3907000.0,
        "Minority Interests": -1352000.0,
        "Net Income Including Noncontrolling Interests": 5259000.0,
        "Net Income Continuous Operations": 5259000.0,
        "Tax Provision": 492000.0,
        "Pretax Income": 5751000.0,
        "Special Income Charges": 3192000.0,
        "Other Special Charges": -23000.0,
        "Gain On Sale Of Security": 415000.0,
        "Depreciation Amortization Depletion Income Statement": NaN,
        "Depreciation And Amortization In Income Statement": NaN,
        "Amortization": NaN,
        "Amortization Of Intangibles Income Statement": NaN,
        "Selling General And Administration": 4572000.0,
        "Selling And Marketing Expense": 218000.0,
        "General And Administrative Expense": 4354000.0,
        "Insurance And Claims": 231000.0,
        "Salaries And Wages": 4123000.0,
        "Total Revenue": 11635000.0,
        "Operating Revenue": 11635000.0,
        "Occupancy And Equipment": 1254000.0,
        "Professional Expense And Contract Services Expense": 731000.0,
        "Other Non Interest Expense": 1531000.0
    },
    "2025-03-31": {
        "Tax Effect Of Unusual Items": 0.0,
        "Tax Rate For Calcs": 0.2,
        "Total Unusual Items": NaN,
        "Total Unusual Items Excluding Goodwill": NaN,
        "Net Income From Continuing Operation Net Minority Interest": 2974000.0,
        "Reconciled Depreciation": 665000.0,
        "Net Interest Income": 11318000.0,
        "Interest Expense": 8030000.0,
        "Interest Income": 19348000.0,
        "Normalized Income": 2974000.0,
        "Net Income From Continuing And Discontinued Operation": 2974000.0,
        "Diluted Average Shares": 4749000.0,
        "Basic Average Shares": 4749000.0,
        "Diluted EPS": 0.41,
        "Basic EPS": 0.48,
        "Diluted NI Availto Com Stockholders": 2258000.0,
        "Net Income Common Stockholders": 2258000.0,
        "Otherunder Preferred Stock Dividend": 716000.0,
        "Net Income": 2974000.0,
        "Minority Interests": 0.0,
        "Net Income Including Noncontrolling Interests": 2974000.0,
        "Net Income Continuous Operations": 2974000.0,
        "Tax Provision": 744000.0,
        "Pretax Income": 3718000.0,
        "Special Income Charges": NaN,
        "Other Special Charges": NaN,
        "Gain On Sale Of Security": 210000.0,
        "Depreciation Amortization Depletion Income Statement": 157000.0,
        "Depreciation And Amortization In Income Statement": 157000.0,
        "Amortization": 157000.0,
        "Amortization Of Intangibles Income Statement": 157000.0,
        "Selling General And Administration": 4820000.0,
        "Selling And Marketing Expense": 141000.0,
        "General And Administrative Expense": 4679000.0,
        "Insurance And Claims": 229000.0,
        "Salaries And Wages": 4450000.0,
        "Total Revenue": 12608000.0,
        "Operating Revenue": 12608000.0,
        "Occupancy And Equipment": 1347000.0,
        "Professional Expense And Contract Services Expense": 720000.0,
        "Other Non Interest Expense": 1389000.0
    },
    "2025-06-30": {
        "Tax Effect Of Unusual Items": 0.0,
        "Tax Rate For Calcs": 0.184211,
        "Total Unusual Items": NaN,
        "Total Unusual Items Excluding Goodwill": NaN,
        "Net Income From Continuing Operation Net Minority Interest": 31000.0,
        "Reconciled Depreciation": 513000.0,
        "Net Interest Income": 10793000.0,
        "Interest Expense": 8368000.0,
        "Interest Income": 19161000.0,
        "Normalized Income": 31000.0,
        "Net Income From Continuing And Discontinued Operation": 31000.0,
        "Diluted Average Shares": 4811000.0,
        "Basic Average Shares": 4769000.0,
        "Diluted EPS": 0.0,
        "Basic EPS": 0.0,
        "Diluted NI Availto Com Stockholders": 25000.0,
        "Net Income Common Stockholders": 25000.0,
        "Otherunder Preferred Stock Dividend": 6000.0,
        "Net Income": 31000.0,
        "Minority Interests": 0.0,
        "Net Income Including Noncontrolling Interests": 31000.0,
        "Net Income Continuous Operations": 31000.0,
        "Tax Provision": 7000.0,
        "Pretax Income": 38000.0,
        "Special Income Charges": NaN,
        "Other Special Charges": NaN,
        "Gain On Sale Of Security": 420000.0,
        "Depreciation Amortization Depletion Income Statement": 157000.0,
        "Depreciation And Amortization In Income Statement": 157000.0,
        "Amortization": 157000.0,
        "Amortization Of Intangibles Income Statement": 157000.0,
        "Selling General And Administration": 4602000.0,
        "Selling And Marketing Expense": 77000.0,
        "General And Administrative Expense": 4525000.0,
        "Insurance And Claims": 0.0,
        "Salaries And Wages": 4525000.0,
        "Total Revenue": 9296000.0,
        "Operating Revenue": 9296000.0,
        "Occupancy And Equipment": 1230000.0,
        "Professional Expense And Contract Services Expense": 838000.0,
        "Other Non Interest Expense": 1234000.0
    },
    "2025-09-30": {
        "Tax Effect Of Unusual Items": 0.0,
        "Tax Rate For Calcs": 0.068,
        "Total Unusual Items": 0.0,
        "Total Unusual Items Excluding Goodwill": 0.0,
        "Net Income From Continuing Operation Net Minority Interest": 626000.0,
        "Reconciled Depreciation": 818000.0,
        "Net Interest Income": 11556000.0,
        "Interest Expense": 8136000.0,
        "Interest Income": 19692000.0,
        "Normalized Income": 626000.0,
        "Net Income From Continuing And Discontinued Operation": 626000.0,
        "Diluted Average Shares": 4842000.0,
        "Basic Average Shares": 4790000.0,
        "Diluted EPS": 0.1,
        "Basic EPS": 0.1,
        "Diluted NI Availto Com Stockholders": 626000.0,
        "Net Income Common Stockholders": 626000.0,
        "Otherunder Preferred Stock Dividend": NaN,
        "Net Income": 626000.0,
        "Minority Interests": 0.0,
        "Net Income Including Noncontrolling Interests": 626000.0,
        "Net Income Continuous Operations": 626000.0,
        "Tax Provision": 46000.0,
        "Pretax Income": 672000.0,
        "Special Income Charges": 0.0,
        "Other Special Charges": NaN,
        "Gain On Sale Of Security": 133000.0,
        "Depreciation Amortization Depletion Income Statement": 156000.0,
        "Depreciation And Amortization In Income Statement": 156000.0,
        "Amortization": 156000.0,
        "Amortization Of Intangibles Income Statement": 156000.0,
        "Selling General And Administration": 5262000.0,
        "Selling And Marketing Expense": 86000.0,
        "General And Administrative Expense": 5176000.0,
        "Insurance And Claims": 171000.0,
        "Salaries And Wages": 5005000.0,
        "Total Revenue": 13103000.0,
        "Operating Revenue": 13103000.0,
        "Occupancy And Equipment": 1399000.0,
        "Professional Expense And Contract Services Expense": 841000.0,
        "Other Non Interest Expense": 1279000.0
    }
}