{
    "2023-03-31": {
        "Tax Effect Of Unusual Items": NaN,
        "Tax Rate For Calcs": NaN,
        "Normalized EBITDA": NaN,
        "Total Unusual Items": NaN,
        "Total Unusual Items Excluding Goodwill": NaN,
        "Net Income From Continuing Operation Net Minority Interest": NaN,
        "Reconciled Depreciation": NaN,
        "Reconciled Cost Of Revenue": NaN,
        "EBITDA": NaN,
        "EBIT": NaN,
        "Net Interest Income": NaN,
        "Interest Expense": NaN,
        "Normalized Income": NaN,
        "Net Income From Continuing And Discontinued Operation": NaN,
        "Total Expenses": NaN,
        "Rent Expense Supplemental": NaN,
        "Diluted Average Shares": NaN,
        "Basic Average Shares": NaN,
        "Diluted EPS": NaN,
        "Basic EPS": NaN,
        "Diluted NI Availto Com Stockholders": NaN,
        "Net Income Common Stockholders": NaN,
        "Net Income": NaN,
        "Net Income Including Noncontrolling Interests": NaN,
        "Net Income Discontinuous Operations": NaN,
        "Net Income Continuous Operations": NaN,
        "Tax Provision": NaN,
        "Pretax Income": NaN,
        "Other Income Expense": NaN,
        "Other Non Operating Income Expenses": 2836000.0,
        "Special Income Charges": NaN,
        "Gain On Sale Of Ppe": 0.0,
        "Gain On Sale Of Business": 0.0,
        "Other Special Charges": -2836000.0,
        "Write Off": NaN,
        "Impairment Of Capital Assets": NaN,
        "Restructuring And Mergern Acquisition": NaN,
        "Net Non Operating Interest Income Expense": NaN,
        "Interest Expense Non Operating": NaN,
        "Operating Income": NaN,
        "Operating Expense": NaN,
        "Research And Development": NaN,
        "Selling General And Administration": NaN,
        "General And Administrative Expense": 240410000.0,
        "Other Gand A": 242120000.0,
        "Salaries And Wages": -1710000.0,
        "Gross Profit": NaN,
        "Cost Of Revenue": NaN,
        "Total Revenue": NaN,
        "Operating Revenue": NaN
    },
    "2022-12-31": {
        "Tax Effect Of Unusual Items": NaN,
        "Tax Rate For Calcs": NaN,
        "Normalized EBITDA": NaN,
        "Total Unusual Items": NaN,
        "Total Unusual Items Excluding Goodwill": NaN,
        "Net Income From Continuing Operation Net Minority Interest": NaN,
        "Reconciled Depreciation": NaN,
        "Reconciled Cost Of Revenue": NaN,
        "EBITDA": NaN,
        "EBIT": NaN,
        "Net Interest Income": NaN,
        "Interest Expense": NaN,
        "Normalized Income": NaN,
        "Net Income From Continuing And Discontinued Operation": NaN,
        "Total Expenses": NaN,
        "Rent Expense Supplemental": NaN,
        "Diluted Average Shares": NaN,
        "Basic Average Shares": NaN,
        "Diluted EPS": NaN,
        "Basic EPS": NaN,
        "Diluted NI Availto Com Stockholders": NaN,
        "Net Income Common Stockholders": NaN,
        "Net Income": NaN,
        "Net Income Including Noncontrolling Interests": NaN,
        "Net Income Discontinuous Operations": 0.0,
        "Net Income Continuous Operations": NaN,
        "Tax Provision": NaN,
        "Pretax Income": NaN,
        "Other Income Expense": NaN,
        "Other Non Operating Income Expenses": -1079000.0,
        "Special Income Charges": NaN,
        "Gain On Sale Of Ppe": 0.0,
        "Gain On Sale Of Business": 1319000.0,
        "Other Special Charges": 0.0,
        "Impairment Of Capital Assets": NaN,
        "Restructuring And Mergern Acquisition": NaN,
        "Net Non Operating Interest Income Expense": NaN,
        "Interest Expense Non Operating": NaN,
        "Operating Income": NaN,
        "Operating Expense": NaN,
        "Research And Development": NaN,
        "Selling General And Administration": NaN,
        "General And Administrative Expense": NaN,
        "Other Gand A": NaN,
        "Salaries And Wages": NaN,
        "Gross Profit": NaN,
        "Cost Of Revenue": NaN,
        "Total Revenue": NaN,
        "Operating Revenue": NaN
    },
    "2022-09-30": {
        "Tax Effect Of Unusual Items": NaN,
        "Tax Rate For Calcs": NaN,
        "Normalized EBITDA": NaN,
        "Total Unusual Items": NaN,
        "Total Unusual Items Excluding Goodwill": NaN,
        "Net Income From Continuing Operation Net Minority Interest": NaN,
        "Reconciled Depreciation": NaN,
        "Reconciled Cost Of Revenue": NaN,
        "EBITDA": NaN,
        "EBIT": NaN,
        "Net Interest Income": NaN,
        "Interest Expense": NaN,
        "Normalized Income": NaN,
        "Net Income From Continuing And Discontinued Operation": NaN,
        "Total Expenses": NaN,
        "Rent Expense Supplemental": NaN,
        "Diluted Average Shares": NaN,
        "Basic Average Shares": NaN,
        "Diluted EPS": NaN,
        "Basic EPS": NaN,
        "Diluted NI Availto Com Stockholders": NaN,
        "Net Income Common Stockholders": NaN,
        "Net Income": NaN,
        "Net Income Including Noncontrolling Interests": NaN,
        "Net Income Discontinuous Operations": 0.0,
        "Net Income Continuous Operations": NaN,
        "Tax Provision": NaN,
        "Pretax Income": NaN,
        "Other Income Expense": NaN,
        "Other Non Operating Income Expenses": NaN,
        "Special Income Charges": NaN,
        "Gain On Sale Of Ppe": 0.0,
        "Gain On Sale Of Business": 8398000.0,
        "Other Special Charges": NaN,
        "Impairment Of Capital Assets": 0.0,
        "Restructuring And Mergern Acquisition": NaN,
        "Net Non Operating Interest Income Expense": NaN,
        "Interest Expense Non Operating": NaN,
        "Operating Income": NaN,
        "Operating Expense": NaN,
        "Research And Development": NaN,
        "Selling General And Administration": NaN,
        "General And Administrative Expense": 211003000.0,
        "Other Gand A": 209576000.0,
        "Salaries And Wages": 1427000.0,
        "Gross Profit": NaN,
        "Cost Of Revenue": NaN,
        "Total Revenue": NaN,
        "Operating Revenue": NaN
    },
    "2022-06-30": {
        "Tax Effect Of Unusual Items": -1689600.0,
        "Tax Rate For Calcs": 0.4,
        "Normalized EBITDA": 22541000.0,
        "Total Unusual Items": -4224000.0,
        "Total Unusual Items Excluding Goodwill": -4224000.0,
        "Net Income From Continuing Operation Net Minority Interest": 4336000.0,
        "Reconciled Depreciation": 43470000.0,
        "Reconciled Cost Of Revenue": 610104000.0,
        "EBITDA": 18317000.0,
        "EBIT": 18317000.0,
        "Net Interest Income": -21007000.0,
        "Interest Expense": 21007000.0,
        "Normalized Income": 6870400.0,
        "Net Income From Continuing And Discontinued Operation": 4336000.0,
        "Total Expenses": 847996000.0,
        "Rent Expense Supplemental": 7473000.0,
        "Diluted Average Shares": 176969000.0,
        "Basic Average Shares": 173490000.0,
        "Diluted EPS": 0.02,
        "Basic EPS": 0.02,
        "Diluted NI Availto Com Stockholders": 4336000.0,
        "Net Income Common Stockholders": 4336000.0,
        "Net Income": 4336000.0,
        "Net Income Including Noncontrolling Interests": 4336000.0,
        "Net Income Discontinuous Operations": 0.0,
        "Net Income Continuous Operations": 4336000.0,
        "Tax Provision": -7026000.0,
        "Pretax Income": -2690000.0,
        "Other Income Expense": -5182000.0,
        "Other Non Operating Income Expenses": -958000.0,
        "Special Income Charges": -4224000.0,
        "Gain On Sale Of Ppe": NaN,
        "Gain On Sale Of Business": NaN,
        "Other Special Charges": NaN,
        "Impairment Of Capital Assets": NaN,
        "Restructuring And Mergern Acquisition": 4224000.0,
        "Net Non Operating Interest Income Expense": -21007000.0,
        "Interest Expense Non Operating": 21007000.0,
        "Operating Income": 23499000.0,
        "Operating Expense": 237892000.0,
        "Research And Development": 11254000.0,
        "Selling General And Administration": 226638000.0,
        "Gross Profit": 261391000.0,
        "Cost Of Revenue": 610104000.0,
        "Total Revenue": 871495000.0,
        "Operating Revenue": 871495000.0
    },
    "2023-06-30": {
        "Tax Effect Of Unusual Items": NaN,
        "Tax Rate For Calcs": NaN,
        "Normalized EBITDA": NaN,
        "Total Unusual Items": NaN,
        "Total Unusual Items Excluding Goodwill": NaN,
        "Net Income From Continuing Operation Net Minority Interest": NaN,
        "Reconciled Depreciation": NaN,
        "Reconciled Cost Of Revenue": NaN,
        "EBITDA": NaN,
        "EBIT": NaN,
        "Net Interest Income": NaN,
        "Interest Expense": NaN,
        "Normalized Income": NaN,
        "Net Income From Continuing And Discontinued Operation": NaN,
        "Total Expenses": NaN,
        "Rent Expense Supplemental": NaN,
        "Diluted Average Shares": NaN,
        "Basic Average Shares": NaN,
        "Diluted EPS": NaN,
        "Basic EPS": NaN,
        "Diluted NI Availto Com Stockholders": NaN,
        "Net Income Common Stockholders": NaN,
        "Net Income": NaN,
        "Net Income Including Noncontrolling Interests": NaN,
        "Net Income Discontinuous Operations": NaN,
        "Net Income Continuous Operations": NaN,
        "Tax Provision": NaN,
        "Pretax Income": NaN,
        "Other Income Expense": NaN,
        "Other Non Operating Income Expenses": 228000.0,
        "Special Income Charges": NaN,
        "Gain On Sale Of Ppe": NaN,
        "Gain On Sale Of Business": NaN,
        "Other Special Charges": NaN,
        "Write Off": NaN,
        "Impairment Of Capital Assets": NaN,
        "Restructuring And Mergern Acquisition": NaN,
        "Net Non Operating Interest Income Expense": NaN,
        "Interest Expense Non Operating": NaN,
        "Operating Income": NaN,
        "Operating Expense": NaN,
        "Research And Development": NaN,
        "Selling General And Administration": NaN,
        "General And Administrative Expense": 220798000.0,
        "Other Gand A": 222549000.0,
        "Salaries And Wages": -1751000.0,
        "Gross Profit": NaN,
        "Cost Of Revenue": NaN,
        "Total Revenue": NaN,
        "Operating Revenue": NaN
    },
    "2022-03-31": {
        "Diluted EPS": 0.12,
        "Total Revenue": 927,
        "Gross Profit": 294,
        "Operating Income": 36,
        "EBIT": 80,
        "Net Income": 21
    },
    "2021-12-31": {
        "Diluted EPS": 0.01,
        "Total Revenue": 984,
        "Gross Profit": 272,
        "Operating Income": 21,
        "EBIT": 64,
        "Net Income": 1
    },
    "2021-09-30": {
        "Diluted EPS": 0.05,
        "Total Revenue": 875,
        "Gross Profit": 274,
        "Operating Income": 35,
        "EBIT": 78,
        "Net Income": 9
    },
    "2021-06-30": {
        "Diluted EPS": 0.11,
        "Total Revenue": 899,
        "Gross Profit": 289,
        "Operating Income": 42,
        "EBIT": 83,
        "Net Income": 20
    },
    "2021-03-31": {
        "Diluted EPS": -0.18,
        "Total Revenue": 915,
        "Gross Profit": 288,
        "Operating Income": 35,
        "EBIT": 77,
        "Net Income": -32
    },
    "2020-12-31": {
        "Diluted EPS": 0.12,
        "Total Revenue": NaN,
        "Gross Profit": 300,
        "Operating Income": 40,
        "EBIT": 83,
        "Net Income": 20
    },
    "2020-09-30": {
        "Diluted EPS": 0.07,
        "Total Revenue": 892,
        "Gross Profit": 284,
        "Operating Income": 32,
        "EBIT": 74,
        "Net Income": 11
    },
    "2020-06-30": {
        "Diluted EPS": -0.02,
        "Total Revenue": 837,
        "Gross Profit": 272,
        "Operating Income": 26,
        "EBIT": 70,
        "Net Income": -3
    },
    "2020-03-31": {
        "Diluted EPS": -1.22,
        "Total Revenue": 796,
        "Gross Profit": 293,
        "Operating Income": -169,
        "EBIT": 72,
        "Net Income": -208
    },
    "2019-12-31": {
        "Diluted EPS": 1.0,
        "Total Revenue": 831,
        "Gross Profit": 312,
        "Operating Income": 39,
        "EBIT": 83,
        "Net Income": 176
    },
    "2019-09-30": {
        "Diluted EPS": -0.02,
        "Total Revenue": 790,
        "Gross Profit": 322,
        "Operating Income": 9,
        "EBIT": 53,
        "Net Income": -3
    },
    "2019-06-30": {
        "Diluted EPS": 0.13,
        "Total Revenue": 789,
        "Gross Profit": 320,
        "Operating Income": 59,
        "EBIT": 103,
        "Net Income": 24
    },
    "2019-03-31": {
        "Diluted EPS": -0.01,
        "Total Revenue": 795,
        "Gross Profit": 328,
        "Operating Income": 50,
        "EBIT": 89,
        "Net Income": -3
    },
    "2018-12-31": {
        "Diluted EPS": 0.26,
        "Total Revenue": 689,
        "Gross Profit": 240,
        "Operating Income": 57,
        "EBIT": 100,
        "Net Income": 50
    },
    "2018-09-30": {
        "Diluted EPS": 0.43,
        "Total Revenue": 760,
        "Gross Profit": 341,
        "Operating Income": 78,
        "EBIT": 110,
        "Net Income": 80
    },
    "2018-06-30": {
        "Diluted EPS": 0.27,
        "Total Revenue": 865,
        "Gross Profit": 411,
        "Operating Income": 98,
        "EBIT": 139,
        "Net Income": 52
    },
    "2018-03-31": {
        "Diluted EPS": 0.32,
        "Total Revenue": 897,
        "Gross Profit": 429,
        "Operating Income": 101,
        "EBIT": 140,
        "Net Income": 60
    },
    "2017-12-31": {
        "Diluted EPS": 0.38,
        "Total Revenue": 484,
        "Gross Profit": 178,
        "Operating Income": 59,
        "EBIT": 56,
        "Net Income": 72
    },
    "2017-09-30": {
        "Diluted EPS": 0.31,
        "Total Revenue": 733,
        "Gross Profit": 405,
        "Operating Income": 86,
        "EBIT": 129,
        "Net Income": 57
    },
    "2017-06-30": {
        "Diluted EPS": 0.26,
        "Total Revenue": 730,
        "Gross Profit": 411,
        "Operating Income": 97,
        "EBIT": 140,
        "Net Income": 49
    },
    "2017-03-31": {
        "Diluted EPS": 0.35,
        "Total Revenue": 837,
        "Gross Profit": 462,
        "Operating Income": 124,
        "EBIT": 168,
        "Net Income": 65
    },
    "2016-12-31": {
        "Diluted EPS": -0.44,
        "Total Revenue": 462,
        "Gross Profit": 347,
        "Operating Income": -26,
        "EBIT": 156,
        "Net Income": -84
    },
    "2016-09-30": {
        "Diluted EPS": 0.35,
        "Total Revenue": 839,
        "Gross Profit": 462,
        "Operating Income": 116,
        "EBIT": 167,
        "Net Income": 66
    },
    "2016-06-30": {
        "Diluted EPS": 0.28,
        "Total Revenue": 836,
        "Gross Profit": 464,
        "Operating Income": 140,
        "EBIT": 185,
        "Net Income": 54
    },
    "2016-03-31": {
        "Diluted EPS": 0.3,
        "Total Revenue": 845,
        "Gross Profit": 479,
        "Operating Income": 126,
        "EBIT": 170,
        "Net Income": 58
    },
    "2015-12-31": {
        "Diluted EPS": 0.44,
        "Total Revenue": 937,
        "Gross Profit": 530,
        "Operating Income": 177,
        "EBIT": 223,
        "Net Income": 86
    },
    "2015-09-30": {
        "Diluted EPS": 0.44,
        "Total Revenue": 870,
        "Gross Profit": 493,
        "Operating Income": 155,
        "EBIT": 197,
        "Net Income": 89
    },
    "2015-06-30": {
        "Diluted EPS": 0.75,
        "Total Revenue": 881,
        "Gross Profit": 496,
        "Operating Income": 137,
        "EBIT": 180,
        "Net Income": 152
    },
    "2015-03-31": {
        "Diluted EPS": 0.4,
        "Total Revenue": 891,
        "Gross Profit": 500,
        "Operating Income": 160,
        "EBIT": 202,
        "Net Income": 81
    },
    "2014-12-31": {
        "Diluted EPS": 0.31,
        "Total Revenue": 984,
        "Gross Profit": 558,
        "Operating Income": 204,
        "EBIT": 259,
        "Net Income": 63
    },
    "2014-09-30": {
        "Diluted EPS": 0.65,
        "Total Revenue": 942,
        "Gross Profit": 520,
        "Operating Income": 148,
        "EBIT": 197,
        "Net Income": 132
    },
    "2014-06-30": {
        "Diluted EPS": 0.46,
        "Total Revenue": 958,
        "Gross Profit": 535,
        "Operating Income": 160,
        "EBIT": 209,
        "Net Income": 94
    },
    "2014-03-31": {
        "Diluted EPS": 0.22,
        "Total Revenue": 937,
        "Gross Profit": 528,
        "Operating Income": 140,
        "EBIT": 185,
        "Net Income": 45
    },
    "2013-12-31": {
        "Diluted EPS": 0.45,
        "Total Revenue": NaN,
        "Gross Profit": 559,
        "Operating Income": 137,
        "EBIT": 181,
        "Net Income": 90
    },
    "2013-09-30": {
        "Diluted EPS": -0.03,
        "Total Revenue": 920,
        "Gross Profit": 526,
        "Operating Income": 114,
        "EBIT": 171,
        "Net Income": -6
    },
    "2013-06-30": {
        "Diluted EPS": -0.05,
        "Total Revenue": 951,
        "Gross Profit": 539,
        "Operating Income": 139,
        "EBIT": 293,
        "Net Income": -9
    },
    "2013-03-31": {
        "Diluted EPS": 0.33,
        "Total Revenue": 909,
        "Gross Profit": 517,
        "Operating Income": 136,
        "EBIT": 193,
        "Net Income": 68
    },
    "2012-12-31": {
        "Diluted EPS": 0.54,
        "Total Revenue": 487,
        "Gross Profit": 459,
        "Operating Income": 92,
        "EBIT": 156,
        "Net Income": 110
    },
    "2012-09-30": {
        "Diluted EPS": 0.38,
        "Total Revenue": 950,
        "Gross Profit": 550,
        "Operating Income": 149,
        "EBIT": 227,
        "Net Income": 77
    },
    "2012-06-30": {
        "Diluted EPS": 0.5,
        "Total Revenue": NaN,
        "Gross Profit": 608,
        "Operating Income": 194,
        "EBIT": 261,
        "Net Income": 100
    },
    "2012-03-31": {
        "Diluted EPS": 0.79,
        "Total Revenue": NaN,
        "Gross Profit": 625,
        "Operating Income": 185,
        "EBIT": 250,
        "Net Income": 159
    },
    "2011-12-31": {
        "Diluted EPS": 1.28,
        "Total Revenue": NaN,
        "Gross Profit": 677,
        "Operating Income": 42,
        "EBIT": 194,
        "Net Income": 257
    },
    "2011-09-30": {
        "Diluted EPS": 0.85,
        "Total Revenue": NaN,
        "Gross Profit": 658,
        "Operating Income": 117,
        "EBIT": 230,
        "Net Income": 173
    },
    "2011-06-30": {
        "Diluted EPS": 0.49,
        "Total Revenue": NaN,
        "Gross Profit": 661,
        "Operating Income": 186,
        "EBIT": 254,
        "Net Income": 101
    },
    "2011-03-31": {
        "Diluted EPS": 0.42,
        "Total Revenue": NaN,
        "Gross Profit": 649,
        "Operating Income": 161,
        "EBIT": 231,
        "Net Income": 86
    },
    "2010-12-31": {
        "Diluted EPS": 0.3,
        "Total Revenue": NaN,
        "Gross Profit": 715,
        "Operating Income": 178,
        "EBIT": 250,
        "Net Income": 63
    },
    "2010-09-30": {
        "Diluted EPS": 0.43,
        "Total Revenue": NaN,
        "Gross Profit": 679,
        "Operating Income": 172,
        "EBIT": 247,
        "Net Income": 89
    },
    "2010-06-30": {
        "Diluted EPS": 0.3,
        "Total Revenue": NaN,
        "Gross Profit": 645,
        "Operating Income": 132,
        "EBIT": 209,
        "Net Income": 61
    },
    "2010-03-31": {
        "Diluted EPS": 0.38,
        "Total Revenue": NaN,
        "Gross Profit": 692,
        "Operating Income": 187,
        "EBIT": 267,
        "Net Income": 79
    },
    "2009-12-31": {
        "Diluted EPS": 0.47,
        "Total Revenue": NaN,
        "Gross Profit": 755,
        "Operating Income": 192,
        "EBIT": 269,
        "Net Income": 99
    },
    "2009-09-30": {
        "Diluted EPS": 0.5,
        "Total Revenue": NaN,
        "Gross Profit": 688,
        "Operating Income": 195,
        "EBIT": 282,
        "Net Income": 103
    },
    "2009-06-30": {
        "Diluted EPS": 0.57,
        "Total Revenue": NaN,
        "Gross Profit": 686,
        "Operating Income": 208,
        "EBIT": 296,
        "Net Income": 117
    },
    "2009-03-31": {
        "Diluted EPS": 0.5,
        "Total Revenue": NaN,
        "Gross Profit": 702,
        "Operating Income": 205,
        "EBIT": 292,
        "Net Income": 104
    },
    "2023-09-30": {
        "Tax Effect Of Unusual Items": NaN,
        "Tax Rate For Calcs": NaN,
        "Normalized EBITDA": NaN,
        "Total Unusual Items": NaN,
        "Total Unusual Items Excluding Goodwill": NaN,
        "Net Income From Continuing Operation Net Minority Interest": NaN,
        "Reconciled Depreciation": NaN,
        "Reconciled Cost Of Revenue": NaN,
        "EBITDA": NaN,
        "EBIT": NaN,
        "Net Interest Income": NaN,
        "Interest Expense": NaN,
        "Normalized Income": NaN,
        "Net Income From Continuing And Discontinued Operation": NaN,
        "Total Expenses": NaN,
        "Rent Expense Supplemental": NaN,
        "Diluted Average Shares": NaN,
        "Basic Average Shares": NaN,
        "Diluted EPS": NaN,
        "Basic EPS": NaN,
        "Diluted NI Availto Com Stockholders": NaN,
        "Net Income Common Stockholders": NaN,
        "Net Income": NaN,
        "Net Income Including Noncontrolling Interests": NaN,
        "Net Income Discontinuous Operations": -30331000.0,
        "Net Income Continuous Operations": NaN,
        "Tax Provision": NaN,
        "Pretax Income": NaN,
        "Other Income Expense": NaN,
        "Other Non Operating Income Expenses": 2683000.0,
        "Special Income Charges": NaN,
        "Gain On Sale Of Ppe": NaN,
        "Gain On Sale Of Business": NaN,
        "Other Special Charges": NaN,
        "Write Off": NaN,
        "Impairment Of Capital Assets": 0.0,
        "Restructuring And Mergern Acquisition": NaN,
        "Net Non Operating Interest Income Expense": NaN,
        "Interest Expense Non Operating": NaN,
        "Operating Income": NaN,
        "Operating Expense": NaN,
        "Research And Development": NaN,
        "Selling General And Administration": NaN,
        "General And Administrative Expense": 209416000.0,
        "Other Gand A": 209416000.0,
        "Salaries And Wages": NaN,
        "Gross Profit": NaN,
        "Cost Of Revenue": NaN,
        "Total Revenue": NaN,
        "Operating Revenue": NaN
    },
    "2023-12-31": {
        "Tax Effect Of Unusual Items": NaN,
        "Tax Rate For Calcs": NaN,
        "Normalized EBITDA": NaN,
        "Total Unusual Items": NaN,
        "Total Unusual Items Excluding Goodwill": NaN,
        "Net Income From Continuing Operation Net Minority Interest": NaN,
        "Reconciled Depreciation": NaN,
        "Reconciled Cost Of Revenue": NaN,
        "EBITDA": NaN,
        "EBIT": NaN,
        "Net Interest Income": NaN,
        "Interest Expense": NaN,
        "Normalized Income": NaN,
        "Net Income From Continuing And Discontinued Operation": NaN,
        "Total Expenses": NaN,
        "Rent Expense Supplemental": 4755000.0,
        "Diluted Average Shares": 176342000.0,
        "Basic Average Shares": 176248819.0,
        "Diluted EPS": -1.27,
        "Basic EPS": -1.27,
        "Diluted NI Availto Com Stockholders": NaN,
        "Net Income Common Stockholders": NaN,
        "Net Income": NaN,
        "Net Income Including Noncontrolling Interests": NaN,
        "Net Income Discontinuous Operations": NaN,
        "Net Income Continuous Operations": NaN,
        "Tax Provision": NaN,
        "Pretax Income": NaN,
        "Other Income Expense": NaN,
        "Other Non Operating Income Expenses": 2112000.0,
        "Special Income Charges": NaN,
        "Gain On Sale Of Ppe": 0.0,
        "Gain On Sale Of Business": 0.0,
        "Other Special Charges": 0.0,
        "Write Off": NaN,
        "Impairment Of Capital Assets": 220585000.0,
        "Restructuring And Mergern Acquisition": NaN,
        "Net Non Operating Interest Income Expense": NaN,
        "Interest Expense Non Operating": NaN,
        "Operating Income": NaN,
        "Operating Expense": NaN,
        "Research And Development": NaN,
        "Selling General And Administration": NaN,
        "General And Administrative Expense": NaN,
        "Other Gand A": NaN,
        "Salaries And Wages": NaN,
        "Gross Profit": NaN,
        "Cost Of Revenue": NaN,
        "Total Revenue": NaN,
        "Operating Revenue": NaN
    },
    "2024-03-31": {
        "Tax Effect Of Unusual Items": NaN,
        "Tax Rate For Calcs": NaN,
        "Normalized EBITDA": NaN,
        "Total Unusual Items": NaN,
        "Total Unusual Items Excluding Goodwill": NaN,
        "Net Income From Continuing Operation Net Minority Interest": NaN,
        "Reconciled Depreciation": NaN,
        "Reconciled Cost Of Revenue": NaN,
        "EBITDA": NaN,
        "EBIT": NaN,
        "Net Interest Income": NaN,
        "Interest Expense": NaN,
        "Normalized Income": NaN,
        "Net Income From Continuing And Discontinued Operation": NaN,
        "Total Expenses": NaN,
        "Rent Expense Supplemental": 4684000.0,
        "Diluted Average Shares": 181480000.0,
        "Basic Average Shares": 176997000.0,
        "Diluted EPS": -0.02,
        "Basic EPS": -0.02,
        "Diluted NI Availto Com Stockholders": NaN,
        "Net Income Common Stockholders": NaN,
        "Net Income": NaN,
        "Net Income Including Noncontrolling Interests": NaN,
        "Net Income Discontinuous Operations": -34989000.0,
        "Net Income Continuous Operations": NaN,
        "Tax Provision": NaN,
        "Pretax Income": NaN,
        "Other Income Expense": NaN,
        "Other Non Operating Income Expenses": NaN,
        "Special Income Charges": NaN,
        "Gain On Sale Of Ppe": NaN,
        "Gain On Sale Of Business": NaN,
        "Other Special Charges": NaN,
        "Write Off": NaN,
        "Impairment Of Capital Assets": NaN,
        "Restructuring And Mergern Acquisition": NaN,
        "Net Non Operating Interest Income Expense": NaN,
        "Interest Expense Non Operating": NaN,
        "Operating Income": NaN,
        "Operating Expense": NaN,
        "Research And Development": NaN,
        "Selling General And Administration": NaN,
        "General And Administrative Expense": 186445000.0,
        "Other Gand A": 186832000.0,
        "Salaries And Wages": -387000.0,
        "Gross Profit": NaN,
        "Cost Of Revenue": NaN,
        "Total Revenue": NaN,
        "Operating Revenue": NaN
    },
    "2024-06-30": {
        "Tax Effect Of Unusual Items": -11367951.0,
        "Tax Rate For Calcs": 0.357,
        "Normalized EBITDA": 74709000.0,
        "Total Unusual Items": -31843000.0,
        "Total Unusual Items Excluding Goodwill": -31843000.0,
        "Net Income From Continuing Operation Net Minority Interest": -24867000.0,
        "Reconciled Depreciation": 52763000.0,
        "Reconciled Cost Of Revenue": 542490000.0,
        "EBITDA": 42866000.0,
        "EBIT": -9897000.0,
        "Net Interest Income": -28767000.0,
        "Interest Expense": 28767000.0,
        "Normalized Income": -4391951.0,
        "Net Income From Continuing And Discontinued Operation": -24867000.0,
        "Total Expenses": 771224000.0,
        "Rent Expense Supplemental": 4433000.0,
        "Diluted Average Shares": 178696000.0,
        "Basic Average Shares": 178696000.0,
        "Diluted EPS": -0.14,
        "Basic EPS": -0.14,
        "Diluted NI Availto Com Stockholders": -24867000.0,
        "Net Income Common Stockholders": -24867000.0,
        "Net Income": -24867000.0,
        "Net Income Including Noncontrolling Interests": -24867000.0,
        "Net Income Discontinuous Operations": NaN,
        "Net Income Continuous Operations": -24867000.0,
        "Tax Provision": -13797000.0,
        "Pretax Income": -38664000.0,
        "Other Income Expense": -31843000.0,
        "Other Non Operating Income Expenses": NaN,
        "Special Income Charges": -31843000.0,
        "Gain On Sale Of Ppe": NaN,
        "Gain On Sale Of Business": NaN,
        "Other Special Charges": NaN,
        "Write Off": NaN,
        "Impairment Of Capital Assets": 0.0,
        "Restructuring And Mergern Acquisition": 31843000.0,
        "Net Non Operating Interest Income Expense": -28767000.0,
        "Interest Expense Non Operating": 28767000.0,
        "Operating Income": 21946000.0,
        "Operating Expense": 228734000.0,
        "Research And Development": 9108000.0,
        "Selling General And Administration": 219626000.0,
        "General And Administrative Expense": 219626000.0,
        "Other Gand A": 220008000.0,
        "Salaries And Wages": -382000.0,
        "Gross Profit": 250680000.0,
        "Cost Of Revenue": 542490000.0,
        "Total Revenue": 793170000.0,
        "Operating Revenue": 793170000.0
    },
    "2024-09-30": {
        "Tax Effect Of Unusual Items": -17006010.0,
        "Tax Rate For Calcs": 0.21,
        "Normalized EBITDA": 69149000.0,
        "Total Unusual Items": -80981000.0,
        "Total Unusual Items Excluding Goodwill": -80981000.0,
        "Net Income From Continuing Operation Net Minority Interest": 122586000.0,
        "Reconciled Depreciation": 4284000.0,
        "Reconciled Cost Of Revenue": 237990000.0,
        "EBITDA": -11832000.0,
        "EBIT": -16116000.0,
        "Net Interest Income": -27764000.0,
        "Interest Expense": 27764000.0,
        "Normalized Income": 186560990.0,
        "Net Income From Continuing And Discontinued Operation": -138472000.0,
        "Total Expenses": 435559000.0,
        "Rent Expense Supplemental": 4079000.0,
        "Diluted Average Shares": 183838000.0,
        "Basic Average Shares": 180242000.0,
        "Diluted EPS": -0.77,
        "Basic EPS": -0.77,
        "Diluted NI Availto Com Stockholders": -138472000.0,
        "Net Income Common Stockholders": -138472000.0,
        "Net Income": -138472000.0,
        "Net Income Including Noncontrolling Interests": -138472000.0,
        "Net Income Discontinuous Operations": -261058000.0,
        "Net Income Continuous Operations": 122586000.0,
        "Tax Provision": -166466000.0,
        "Pretax Income": -43880000.0,
        "Other Income Expense": -80020000.0,
        "Other Non Operating Income Expenses": 961000.0,
        "Special Income Charges": -80981000.0,
        "Gain On Sale Of Ppe": NaN,
        "Gain On Sale Of Business": NaN,
        "Other Special Charges": 2142000.0,
        "Write Off": 10000000.0,
        "Impairment Of Capital Assets": 0.0,
        "Restructuring And Mergern Acquisition": 68839000.0,
        "Net Non Operating Interest Income Expense": -27764000.0,
        "Interest Expense Non Operating": 27764000.0,
        "Operating Income": 63904000.0,
        "Operating Expense": 197569000.0,
        "Research And Development": 7580000.0,
        "Selling General And Administration": 189989000.0,
        "General And Administrative Expense": NaN,
        "Other Gand A": NaN,
        "Salaries And Wages": NaN,
        "Gross Profit": 261473000.0,
        "Cost Of Revenue": 237990000.0,
        "Total Revenue": 499463000.0,
        "Operating Revenue": 499463000.0
    },
    "2024-12-31": {
        "Tax Effect Of Unusual Items": -6426083.117206,
        "Tax Rate For Calcs": 0.127269,
        "Normalized EBITDA": 57654000.0,
        "Total Unusual Items": -50492000.0,
        "Total Unusual Items Excluding Goodwill": -50492000.0,
        "Net Income From Continuing Operation Net Minority Interest": -42063000.0,
        "Reconciled Depreciation": 28588000.0,
        "Reconciled Cost Of Revenue": 238520000.0,
        "EBITDA": 7162000.0,
        "EBIT": -21426000.0,
        "Net Interest Income": -26771000.0,
        "Interest Expense": 26771000.0,
        "Normalized Income": 2002916.882794,
        "Net Income From Continuing And Discontinued Operation": -37373000.0,
        "Total Expenses": 396281000.0,
        "Rent Expense Supplemental": 4265000.0,
        "Diluted Average Shares": NaN,
        "Basic Average Shares": NaN,
        "Diluted EPS": NaN,
        "Basic EPS": NaN,
        "Diluted NI Availto Com Stockholders": -37373000.0,
        "Net Income Common Stockholders": -37373000.0,
        "Net Income": -37373000.0,
        "Net Income Including Noncontrolling Interests": -37373000.0,
        "Net Income Discontinuous Operations": 4690000.0,
        "Net Income Continuous Operations": -42063000.0,
        "Tax Provision": -6134000.0,
        "Pretax Income": -48197000.0,
        "Other Income Expense": -141266000.0,
        "Other Non Operating Income Expenses": -90774000.0,
        "Special Income Charges": -50492000.0,
        "Gain On Sale Of Ppe": NaN,
        "Gain On Sale Of Business": NaN,
        "Other Special Charges": 8750000.0,
        "Write Off": 0.0,
        "Impairment Of Capital Assets": 0.0,
        "Restructuring And Mergern Acquisition": 41742000.0,
        "Net Non Operating Interest Income Expense": -26771000.0,
        "Interest Expense Non Operating": 26771000.0,
        "Operating Income": 119840000.0,
        "Operating Expense": 157761000.0,
        "Research And Development": 9492000.0,
        "Selling General And Administration": 148269000.0,
        "General And Administrative Expense": NaN,
        "Other Gand A": NaN,
        "Salaries And Wages": NaN,
        "Gross Profit": 277601000.0,
        "Cost Of Revenue": 238520000.0,
        "Total Revenue": 516121000.0,
        "Operating Revenue": 516121000.0
    },
    "2025-03-31": {
        "Tax Effect Of Unusual Items": -338800.0,
        "Tax Rate For Calcs": 0.242,
        "Normalized EBITDA": 100726000.0,
        "Total Unusual Items": -1400000.0,
        "Total Unusual Items Excluding Goodwill": -1400000.0,
        "Net Income From Continuing Operation Net Minority Interest": 35422000.0,
        "Reconciled Depreciation": 28324000.0,
        "Reconciled Cost Of Revenue": 224299000.0,
        "EBITDA": 99326000.0,
        "EBIT": 71002000.0,
        "Net Interest Income": -24270000.0,
        "Interest Expense": 24270000.0,
        "Normalized Income": 36483200.0,
        "Net Income From Continuing And Discontinued Operation": 35422000.0,
        "Total Expenses": 396831000.0,
        "Rent Expense Supplemental": NaN,
        "Diluted Average Shares": 184773000.0,
        "Basic Average Shares": 182872000.0,
        "Diluted EPS": 0.19,
        "Basic EPS": 0.19,
        "Diluted NI Availto Com Stockholders": 35422000.0,
        "Net Income Common Stockholders": 35422000.0,
        "Net Income": 35422000.0,
        "Net Income Including Noncontrolling Interests": 35422000.0,
        "Net Income Discontinuous Operations": 0.0,
        "Net Income Continuous Operations": 35422000.0,
        "Tax Provision": 11310000.0,
        "Pretax Income": 46732000.0,
        "Other Income Expense": -25587000.0,
        "Other Non Operating Income Expenses": -24187000.0,
        "Special Income Charges": -1400000.0,
        "Gain On Sale Of Ppe": NaN,
        "Gain On Sale Of Business": NaN,
        "Other Special Charges": NaN,
        "Write Off": NaN,
        "Impairment Of Capital Assets": NaN,
        "Restructuring And Mergern Acquisition": 1400000.0,
        "Net Non Operating Interest Income Expense": -24270000.0,
        "Interest Expense Non Operating": 24270000.0,
        "Operating Income": 96589000.0,
        "Operating Expense": 172532000.0,
        "Research And Development": 4763000.0,
        "Selling General And Administration": 167769000.0,
        "General And Administrative Expense": 167769000.0,
        "Other Gand A": 165915000.0,
        "Salaries And Wages": 1854000.0,
        "Gross Profit": 269121000.0,
        "Cost Of Revenue": 224299000.0,
        "Total Revenue": 493420000.0,
        "Operating Revenue": 493420000.0
    },
    "2025-06-30": {
        "Tax Effect Of Unusual Items": -3268075.068116,
        "Tax Rate For Calcs": 0.236714,
        "Normalized EBITDA": 106776000.0,
        "Total Unusual Items": -13806000.0,
        "Total Unusual Items Excluding Goodwill": -13806000.0,
        "Net Income From Continuing Operation Net Minority Interest": 29975000.0,
        "Reconciled Depreciation": 28762000.0,
        "Reconciled Cost Of Revenue": 214383000.0,
        "EBITDA": 92970000.0,
        "EBIT": 64208000.0,
        "Net Interest Income": -24937000.0,
        "Interest Expense": 24937000.0,
        "Normalized Income": 40512924.931884,
        "Net Income From Continuing And Discontinued Operation": 29975000.0,
        "Total Expenses": 390473000.0,
        "Rent Expense Supplemental": NaN,
        "Diluted Average Shares": NaN,
        "Basic Average Shares": NaN,
        "Diluted EPS": NaN,
        "Basic EPS": NaN,
        "Diluted NI Availto Com Stockholders": 29975000.0,
        "Net Income Common Stockholders": 29975000.0,
        "Net Income": 29975000.0,
        "Net Income Including Noncontrolling Interests": 29975000.0,
        "Net Income Discontinuous Operations": 0.0,
        "Net Income Continuous Operations": 29975000.0,
        "Tax Provision": 9296000.0,
        "Pretax Income": 39271000.0,
        "Other Income Expense": -7228000.0,
        "Other Non Operating Income Expenses": 6578000.0,
        "Special Income Charges": -13806000.0,
        "Gain On Sale Of Ppe": NaN,
        "Gain On Sale Of Business": NaN,
        "Other Special Charges": NaN,
        "Write Off": NaN,
        "Impairment Of Capital Assets": NaN,
        "Restructuring And Mergern Acquisition": 13806000.0,
        "Net Non Operating Interest Income Expense": -24937000.0,
        "Interest Expense Non Operating": 24937000.0,
        "Operating Income": 71436000.0,
        "Operating Expense": 176090000.0,
        "Research And Development": 3601000.0,
        "Selling General And Administration": 172489000.0,
        "General And Administrative Expense": 172489000.0,
        "Other Gand A": 170542000.0,
        "Salaries And Wages": 1947000.0,
        "Gross Profit": 247526000.0,
        "Cost Of Revenue": 214383000.0,
        "Total Revenue": 461909000.0,
        "Operating Revenue": 461909000.0
    }
}