{
    "2023-03-31": {
        "Tax Effect Of Unusual Items": NaN,
        "Tax Rate For Calcs": NaN,
        "Normalized EBITDA": NaN,
        "Total Unusual Items": 0.0,
        "Total Unusual Items Excluding Goodwill": 0.0,
        "Net Income From Continuing Operation Net Minority Interest": NaN,
        "Reconciled Depreciation": NaN,
        "Reconciled Cost Of Revenue": NaN,
        "EBITDA": NaN,
        "EBIT": NaN,
        "Net Interest Income": NaN,
        "Interest Expense": NaN,
        "Interest Income": NaN,
        "Normalized Income": NaN,
        "Net Income From Continuing And Discontinued Operation": NaN,
        "Total Expenses": NaN,
        "Total Operating Income As Reported": NaN,
        "Diluted Average Shares": NaN,
        "Basic Average Shares": NaN,
        "Diluted EPS": NaN,
        "Basic EPS": NaN,
        "Diluted NI Availto Com Stockholders": NaN,
        "Net Income Common Stockholders": NaN,
        "Net Income": NaN,
        "Net Income Including Noncontrolling Interests": NaN,
        "Net Income Continuous Operations": NaN,
        "Tax Provision": NaN,
        "Pretax Income": NaN,
        "Other Income Expense": NaN,
        "Other Non Operating Income Expenses": NaN,
        "Special Income Charges": 0.0,
        "Write Off": NaN,
        "Restructuring And Mergern Acquisition": NaN,
        "Net Non Operating Interest Income Expense": NaN,
        "Interest Expense Non Operating": NaN,
        "Interest Income Non Operating": NaN,
        "Operating Income": NaN,
        "Operating Expense": NaN,
        "Provision For Doubtful Accounts": NaN,
        "Research And Development": NaN,
        "Selling General And Administration": NaN,
        "General And Administrative Expense": NaN,
        "Other Gand A": NaN,
        "Salaries And Wages": NaN,
        "Gross Profit": NaN,
        "Cost Of Revenue": NaN,
        "Total Revenue": NaN,
        "Operating Revenue": NaN
    },
    "2022-12-31": {
        "Tax Effect Of Unusual Items": NaN,
        "Tax Rate For Calcs": NaN,
        "Normalized EBITDA": NaN,
        "Total Unusual Items": -12364000.0,
        "Total Unusual Items Excluding Goodwill": -12364000.0,
        "Net Income From Continuing Operation Net Minority Interest": NaN,
        "Reconciled Depreciation": NaN,
        "Reconciled Cost Of Revenue": NaN,
        "EBITDA": NaN,
        "EBIT": NaN,
        "Net Interest Income": NaN,
        "Interest Expense": NaN,
        "Interest Income": NaN,
        "Normalized Income": NaN,
        "Net Income From Continuing And Discontinued Operation": NaN,
        "Total Expenses": NaN,
        "Total Operating Income As Reported": NaN,
        "Diluted Average Shares": 45814185.0,
        "Basic Average Shares": 45814185.0,
        "Diluted EPS": -0.12,
        "Basic EPS": -0.12,
        "Diluted NI Availto Com Stockholders": NaN,
        "Net Income Common Stockholders": NaN,
        "Net Income": NaN,
        "Net Income Including Noncontrolling Interests": NaN,
        "Net Income Continuous Operations": NaN,
        "Tax Provision": NaN,
        "Pretax Income": NaN,
        "Other Income Expense": NaN,
        "Other Non Operating Income Expenses": NaN,
        "Special Income Charges": -12364000.0,
        "Other Special Charges": 12364000.0,
        "Write Off": NaN,
        "Restructuring And Mergern Acquisition": 0.0,
        "Net Non Operating Interest Income Expense": NaN,
        "Interest Expense Non Operating": NaN,
        "Interest Income Non Operating": NaN,
        "Operating Income": NaN,
        "Operating Expense": NaN,
        "Provision For Doubtful Accounts": NaN,
        "Research And Development": NaN,
        "Selling General And Administration": NaN,
        "General And Administrative Expense": NaN,
        "Other Gand A": NaN,
        "Salaries And Wages": NaN,
        "Gross Profit": NaN,
        "Cost Of Revenue": NaN,
        "Total Revenue": NaN,
        "Operating Revenue": NaN
    },
    "2022-09-30": {
        "Tax Effect Of Unusual Items": NaN,
        "Tax Rate For Calcs": NaN,
        "Normalized EBITDA": NaN,
        "Total Unusual Items": NaN,
        "Total Unusual Items Excluding Goodwill": NaN,
        "Net Income From Continuing Operation Net Minority Interest": NaN,
        "Reconciled Depreciation": NaN,
        "Reconciled Cost Of Revenue": NaN,
        "EBITDA": NaN,
        "EBIT": NaN,
        "Net Interest Income": NaN,
        "Interest Expense": NaN,
        "Interest Income": NaN,
        "Normalized Income": NaN,
        "Net Income From Continuing And Discontinued Operation": NaN,
        "Total Expenses": NaN,
        "Total Operating Income As Reported": NaN,
        "Diluted Average Shares": NaN,
        "Basic Average Shares": NaN,
        "Diluted EPS": NaN,
        "Basic EPS": NaN,
        "Diluted NI Availto Com Stockholders": NaN,
        "Net Income Common Stockholders": NaN,
        "Net Income": NaN,
        "Net Income Including Noncontrolling Interests": NaN,
        "Net Income Continuous Operations": NaN,
        "Tax Provision": NaN,
        "Pretax Income": NaN,
        "Other Income Expense": NaN,
        "Other Non Operating Income Expenses": NaN,
        "Special Income Charges": NaN,
        "Other Special Charges": 19000.0,
        "Write Off": 0.0,
        "Restructuring And Mergern Acquisition": 7000000.0,
        "Net Non Operating Interest Income Expense": NaN,
        "Interest Expense Non Operating": NaN,
        "Interest Income Non Operating": NaN,
        "Operating Income": NaN,
        "Operating Expense": NaN,
        "Provision For Doubtful Accounts": NaN,
        "Research And Development": NaN,
        "Selling General And Administration": NaN,
        "General And Administrative Expense": NaN,
        "Other Gand A": NaN,
        "Salaries And Wages": NaN,
        "Gross Profit": NaN,
        "Cost Of Revenue": NaN,
        "Total Revenue": NaN,
        "Operating Revenue": NaN
    },
    "2022-06-30": {
        "Tax Effect Of Unusual Items": -332.520153,
        "Tax Rate For Calcs": 0.006046,
        "Normalized EBITDA": 14409000.0,
        "Total Unusual Items": -55000.0,
        "Total Unusual Items Excluding Goodwill": -55000.0,
        "Net Income From Continuing Operation Net Minority Interest": 9371000.0,
        "Reconciled Depreciation": 2224000.0,
        "Reconciled Cost Of Revenue": 14918000.0,
        "EBITDA": 14354000.0,
        "EBIT": 12130000.0,
        "Net Interest Income": -2637000.0,
        "Interest Expense": 2702000.0,
        "Interest Income": 65000.0,
        "Normalized Income": 9425667.479847,
        "Net Income From Continuing And Discontinued Operation": 9371000.0,
        "Total Expenses": 47460000.0,
        "Total Operating Income As Reported": 12058000.0,
        "Diluted Average Shares": 45358739.0,
        "Basic Average Shares": 45058924.0,
        "Diluted EPS": 0.21,
        "Basic EPS": 0.21,
        "Diluted NI Availto Com Stockholders": 9371000.0,
        "Net Income Common Stockholders": 9371000.0,
        "Net Income": 9371000.0,
        "Net Income Including Noncontrolling Interests": 9371000.0,
        "Net Income Continuous Operations": 9371000.0,
        "Tax Provision": 57000.0,
        "Pretax Income": 9428000.0,
        "Other Income Expense": 7000.0,
        "Other Non Operating Income Expenses": 62000.0,
        "Special Income Charges": -55000.0,
        "Other Special Charges": 55000.0,
        "Net Non Operating Interest Income Expense": -2637000.0,
        "Interest Expense Non Operating": 2702000.0,
        "Interest Income Non Operating": 65000.0,
        "Operating Income": 12058000.0,
        "Operating Expense": 32542000.0,
        "Research And Development": 11966000.0,
        "Selling General And Administration": 20576000.0,
        "General And Administrative Expense": 20576000.0,
        "Other Gand A": 12648000.0,
        "Salaries And Wages": 7928000.0,
        "Gross Profit": 44600000.0,
        "Cost Of Revenue": 14918000.0,
        "Total Revenue": 59518000.0,
        "Operating Revenue": 59518000.0
    },
    "2022-03-31": {
        "Diluted EPS": -0.08,
        "Total Revenue": 46,
        "Gross Profit": 35,
        "Operating Income": -1,
        "EBIT": 2,
        "Net Income": -3
    },
    "2021-12-31": {
        "Diluted EPS": 0.1,
        "Total Revenue": 55,
        "Gross Profit": 43,
        "Operating Income": 7,
        "EBIT": 9,
        "Net Income": 4
    },
    "2021-09-30": {
        "Diluted EPS": -1.09,
        "Total Revenue": 46,
        "Gross Profit": 36,
        "Operating Income": -9,
        "EBIT": -7,
        "Net Income": -45
    },
    "2021-06-30": {
        "Diluted EPS": -0.13,
        "Total Revenue": 53,
        "Gross Profit": 41,
        "Operating Income": -17,
        "EBIT": -14,
        "Net Income": -5
    },
    "2021-03-31": {
        "Diluted EPS": 0.4,
        "Total Revenue": 98,
        "Gross Profit": 69,
        "Operating Income": 20,
        "EBIT": 23,
        "Net Income": 17
    },
    "2020-12-31": {
        "Diluted EPS": -0.38,
        "Total Revenue": 53,
        "Gross Profit": 42,
        "Operating Income": -11,
        "EBIT": -8,
        "Net Income": -15
    },
    "2020-09-30": {
        "Diluted EPS": -0.79,
        "Total Revenue": 51,
        "Gross Profit": 41,
        "Operating Income": -12,
        "EBIT": -9,
        "Net Income": -31
    },
    "2020-06-30": {
        "Diluted EPS": 0.08,
        "Total Revenue": 71,
        "Gross Profit": 61,
        "Operating Income": 7,
        "EBIT": 9,
        "Net Income": 3
    },
    "2020-03-31": {
        "Diluted EPS": -0.43,
        "Total Revenue": 51,
        "Gross Profit": 42,
        "Operating Income": -14,
        "EBIT": -12,
        "Net Income": -17
    },
    "2019-12-31": {
        "Diluted EPS": -0.28,
        "Total Revenue": 63,
        "Gross Profit": 53,
        "Operating Income": -9,
        "EBIT": -7,
        "Net Income": -11
    },
    "2019-09-30": {
        "Diluted EPS": -0.44,
        "Total Revenue": 56,
        "Gross Profit": 47,
        "Operating Income": -14,
        "EBIT": -13,
        "Net Income": -17
    },
    "2019-06-30": {
        "Diluted EPS": -0.97,
        "Total Revenue": 54,
        "Gross Profit": 45,
        "Operating Income": -26,
        "EBIT": -24,
        "Net Income": -37
    },
    "2019-03-31": {
        "Diluted EPS": -0.26,
        "Total Revenue": 99,
        "Gross Profit": 91,
        "Operating Income": 10,
        "EBIT": 12,
        "Net Income": -10
    },
    "2018-12-31": {
        "Diluted EPS": -0.8,
        "Total Revenue": 71,
        "Gross Profit": 61,
        "Operating Income": -19,
        "EBIT": -16,
        "Net Income": -31
    },
    "2018-09-30": {
        "Diluted EPS": -0.37,
        "Total Revenue": 63,
        "Gross Profit": 54,
        "Operating Income": -11,
        "EBIT": -9,
        "Net Income": -14
    },
    "2018-06-30": {
        "Diluted EPS": -1.17,
        "Total Revenue": 51,
        "Gross Profit": 42,
        "Operating Income": -41,
        "EBIT": -40,
        "Net Income": -44
    },
    "2018-03-31": {
        "Diluted EPS": -0.65,
        "Total Revenue": 67,
        "Gross Profit": 60,
        "Operating Income": -23,
        "EBIT": -22,
        "Net Income": -24
    },
    "2017-12-31": {
        "Diluted EPS": -1.71,
        "Total Revenue": 22,
        "Gross Profit": 18,
        "Operating Income": -64,
        "EBIT": -62,
        "Net Income": -64
    },
    "2017-09-30": {
        "Diluted EPS": -2.07,
        "Total Revenue": 6,
        "Gross Profit": 5,
        "Operating Income": -77,
        "EBIT": -77,
        "Net Income": -77
    },
    "2017-06-30": {
        "Diluted EPS": -2.1,
        "Total Revenue": NaN,
        "Gross Profit": NaN,
        "Operating Income": -78,
        "EBIT": -78,
        "Net Income": -78
    },
    "2017-03-31": {
        "Diluted EPS": -1.97,
        "Total Revenue": NaN,
        "Gross Profit": NaN,
        "Operating Income": -73,
        "EBIT": -73,
        "Net Income": -73
    },
    "2016-12-31": {
        "Diluted EPS": -2.03,
        "Total Revenue": NaN,
        "Gross Profit": NaN,
        "Operating Income": -73,
        "EBIT": -72,
        "Net Income": -73
    },
    "2016-09-30": {
        "Diluted EPS": -2.02,
        "Total Revenue": NaN,
        "Gross Profit": NaN,
        "Operating Income": -66,
        "EBIT": -66,
        "Net Income": -66
    },
    "2016-06-30": {
        "Diluted EPS": -2.05,
        "Total Revenue": NaN,
        "Gross Profit": NaN,
        "Operating Income": -66,
        "EBIT": -66,
        "Net Income": -67
    },
    "2016-03-31": {
        "Diluted EPS": -2.19,
        "Total Revenue": NaN,
        "Gross Profit": NaN,
        "Operating Income": -71,
        "EBIT": -71,
        "Net Income": -71
    },
    "2015-12-31": {
        "Diluted EPS": -1.91,
        "Total Revenue": NaN,
        "Gross Profit": NaN,
        "Operating Income": -62,
        "EBIT": -62,
        "Net Income": -62
    },
    "2015-09-30": {
        "Diluted EPS": -1.87,
        "Total Revenue": NaN,
        "Gross Profit": NaN,
        "Operating Income": -61,
        "EBIT": -61,
        "Net Income": -60
    },
    "2015-06-30": {
        "Diluted EPS": -2.01,
        "Total Revenue": NaN,
        "Gross Profit": NaN,
        "Operating Income": -65,
        "EBIT": -65,
        "Net Income": -65
    },
    "2015-03-31": {
        "Diluted EPS": -1.66,
        "Total Revenue": NaN,
        "Gross Profit": NaN,
        "Operating Income": -53,
        "EBIT": -52,
        "Net Income": -52
    },
    "2014-12-31": {
        "Diluted EPS": -1.58,
        "Total Revenue": NaN,
        "Gross Profit": NaN,
        "Operating Income": -48,
        "EBIT": -47,
        "Net Income": -47
    },
    "2014-09-30": {
        "Diluted EPS": -1.19,
        "Total Revenue": NaN,
        "Gross Profit": NaN,
        "Operating Income": -36,
        "EBIT": -36,
        "Net Income": -36
    },
    "2014-06-30": {
        "Diluted EPS": -1.29,
        "Total Revenue": NaN,
        "Gross Profit": NaN,
        "Operating Income": -39,
        "EBIT": -39,
        "Net Income": -39
    },
    "2014-03-31": {
        "Diluted EPS": -0.67,
        "Total Revenue": NaN,
        "Gross Profit": NaN,
        "Operating Income": -20,
        "EBIT": -20,
        "Net Income": -20
    },
    "2013-12-31": {
        "Diluted EPS": -0.55,
        "Total Revenue": NaN,
        "Gross Profit": NaN,
        "Operating Income": -16,
        "EBIT": -16,
        "Net Income": -16
    },
    "2013-09-30": {
        "Diluted EPS": -0.5,
        "Total Revenue": NaN,
        "Gross Profit": NaN,
        "Operating Income": -14,
        "EBIT": -14,
        "Net Income": -14
    },
    "2013-06-30": {
        "Diluted EPS": -0.44,
        "Total Revenue": NaN,
        "Gross Profit": NaN,
        "Operating Income": -13,
        "EBIT": -13,
        "Net Income": -13
    },
    "2013-03-31": {
        "Diluted EPS": -0.41,
        "Total Revenue": NaN,
        "Gross Profit": NaN,
        "Operating Income": -12,
        "EBIT": -12,
        "Net Income": -12
    },
    "2012-12-31": {
        "Diluted EPS": -0.8,
        "Total Revenue": NaN,
        "Gross Profit": NaN,
        "Operating Income": -22,
        "EBIT": -22,
        "Net Income": -22
    },
    "2012-09-30": {
        "Diluted EPS": -1.29,
        "Total Revenue": NaN,
        "Gross Profit": NaN,
        "Operating Income": -26,
        "EBIT": -26,
        "Net Income": -26
    },
    "2012-06-30": {
        "Diluted EPS": -0.74,
        "Total Revenue": NaN,
        "Gross Profit": NaN,
        "Operating Income": -15,
        "EBIT": -15,
        "Net Income": -15
    },
    "2012-03-31": {
        "Diluted EPS": -0.59,
        "Total Revenue": NaN,
        "Gross Profit": NaN,
        "Operating Income": -12,
        "EBIT": -12,
        "Net Income": -12
    },
    "2011-12-31": {
        "Diluted EPS": -1.22,
        "Total Revenue": NaN,
        "Gross Profit": NaN,
        "Operating Income": -10,
        "EBIT": -10,
        "Net Income": -10
    },
    "2011-09-30": {
        "Diluted EPS": -0.09,
        "Total Revenue": NaN,
        "Gross Profit": NaN,
        "Operating Income": 0,
        "EBIT": 0,
        "Net Income": 0
    },
    "2011-06-30": {
        "Diluted EPS": -0.01,
        "Total Revenue": NaN,
        "Gross Profit": NaN,
        "Operating Income": 0,
        "EBIT": 0,
        "Net Income": 0
    },
    "2011-03-31": {
        "Diluted EPS": -0.0,
        "Total Revenue": NaN,
        "Gross Profit": NaN,
        "Operating Income": 0,
        "EBIT": 0,
        "Net Income": 0
    },
    "2010-12-31": {
        "Diluted EPS": 0.0,
        "Total Revenue": NaN,
        "Gross Profit": NaN,
        "Operating Income": 0,
        "EBIT": 0,
        "Net Income": 0
    },
    "2010-09-30": {
        "Diluted EPS": -0.0,
        "Total Revenue": NaN,
        "Gross Profit": NaN,
        "Operating Income": 0,
        "EBIT": 0,
        "Net Income": 0
    },
    "2010-06-30": {
        "Diluted EPS": 0.0,
        "Total Revenue": NaN,
        "Gross Profit": NaN,
        "Operating Income": 0,
        "EBIT": 0,
        "Net Income": 0
    },
    "2010-03-31": {
        "Diluted EPS": -0.0,
        "Total Revenue": NaN,
        "Gross Profit": NaN,
        "Operating Income": 0,
        "EBIT": 0,
        "Net Income": 0
    },
    "2009-12-31": {
        "Diluted EPS": -0.01,
        "Total Revenue": NaN,
        "Gross Profit": NaN,
        "Operating Income": 0,
        "EBIT": 0,
        "Net Income": 0
    },
    "2009-09-30": {
        "Diluted EPS": 0.0,
        "Total Revenue": NaN,
        "Gross Profit": NaN,
        "Operating Income": 0,
        "EBIT": 0,
        "Net Income": 0
    },
    "2009-06-30": {
        "Diluted EPS": -0.0,
        "Total Revenue": NaN,
        "Gross Profit": NaN,
        "Operating Income": 0,
        "EBIT": 0,
        "Net Income": 0
    },
    "2009-03-31": {
        "Diluted EPS": -0.0,
        "Total Revenue": NaN,
        "Gross Profit": NaN,
        "Operating Income": 0,
        "EBIT": 0,
        "Net Income": 0
    },
    "2023-06-30": {
        "Tax Effect Of Unusual Items": NaN,
        "Tax Rate For Calcs": NaN,
        "Normalized EBITDA": NaN,
        "Total Unusual Items": 0.0,
        "Total Unusual Items Excluding Goodwill": 0.0,
        "Net Income From Continuing Operation Net Minority Interest": NaN,
        "Reconciled Depreciation": NaN,
        "Reconciled Cost Of Revenue": NaN,
        "EBITDA": NaN,
        "EBIT": NaN,
        "Net Interest Income": NaN,
        "Interest Expense": NaN,
        "Interest Income": NaN,
        "Normalized Income": NaN,
        "Net Income From Continuing And Discontinued Operation": NaN,
        "Total Expenses": NaN,
        "Total Operating Income As Reported": NaN,
        "Diluted Average Shares": NaN,
        "Basic Average Shares": NaN,
        "Diluted EPS": NaN,
        "Basic EPS": NaN,
        "Diluted NI Availto Com Stockholders": NaN,
        "Net Income Common Stockholders": NaN,
        "Net Income": NaN,
        "Net Income Including Noncontrolling Interests": NaN,
        "Net Income Continuous Operations": NaN,
        "Tax Provision": NaN,
        "Pretax Income": NaN,
        "Other Income Expense": NaN,
        "Other Non Operating Income Expenses": NaN,
        "Special Income Charges": 0.0,
        "Write Off": NaN,
        "Restructuring And Mergern Acquisition": NaN,
        "Net Non Operating Interest Income Expense": NaN,
        "Interest Expense Non Operating": NaN,
        "Interest Income Non Operating": NaN,
        "Operating Income": NaN,
        "Operating Expense": NaN,
        "Provision For Doubtful Accounts": NaN,
        "Research And Development": NaN,
        "Selling General And Administration": NaN,
        "General And Administrative Expense": NaN,
        "Other Gand A": NaN,
        "Salaries And Wages": NaN,
        "Gross Profit": NaN,
        "Cost Of Revenue": NaN,
        "Total Revenue": NaN,
        "Operating Revenue": NaN
    },
    "2023-09-30": {
        "Tax Effect Of Unusual Items": NaN,
        "Tax Rate For Calcs": NaN,
        "Normalized EBITDA": NaN,
        "Total Unusual Items": -625000.0,
        "Total Unusual Items Excluding Goodwill": -625000.0,
        "Net Income From Continuing Operation Net Minority Interest": NaN,
        "Reconciled Depreciation": NaN,
        "Reconciled Cost Of Revenue": NaN,
        "EBITDA": NaN,
        "EBIT": NaN,
        "Net Interest Income": NaN,
        "Interest Expense": NaN,
        "Interest Income": NaN,
        "Normalized Income": NaN,
        "Net Income From Continuing And Discontinued Operation": NaN,
        "Total Expenses": NaN,
        "Total Operating Income As Reported": NaN,
        "Diluted Average Shares": NaN,
        "Basic Average Shares": NaN,
        "Diluted EPS": NaN,
        "Basic EPS": NaN,
        "Diluted NI Availto Com Stockholders": NaN,
        "Net Income Common Stockholders": NaN,
        "Net Income": NaN,
        "Net Income Including Noncontrolling Interests": NaN,
        "Net Income Continuous Operations": NaN,
        "Tax Provision": NaN,
        "Pretax Income": NaN,
        "Other Income Expense": NaN,
        "Other Non Operating Income Expenses": NaN,
        "Special Income Charges": -625000.0,
        "Write Off": 625000.0,
        "Restructuring And Mergern Acquisition": 0.0,
        "Net Non Operating Interest Income Expense": NaN,
        "Interest Expense Non Operating": NaN,
        "Interest Income Non Operating": NaN,
        "Operating Income": NaN,
        "Operating Expense": NaN,
        "Provision For Doubtful Accounts": NaN,
        "Research And Development": NaN,
        "Selling General And Administration": NaN,
        "General And Administrative Expense": NaN,
        "Other Gand A": NaN,
        "Salaries And Wages": NaN,
        "Gross Profit": NaN,
        "Cost Of Revenue": NaN,
        "Total Revenue": NaN,
        "Operating Revenue": NaN
    },
    "2023-12-31": {
        "Tax Effect Of Unusual Items": NaN,
        "Tax Rate For Calcs": NaN,
        "Normalized EBITDA": NaN,
        "Total Unusual Items": 0.0,
        "Total Unusual Items Excluding Goodwill": 0.0,
        "Net Income From Continuing Operation Net Minority Interest": NaN,
        "Reconciled Depreciation": NaN,
        "Reconciled Cost Of Revenue": NaN,
        "EBITDA": NaN,
        "EBIT": NaN,
        "Net Interest Income": NaN,
        "Interest Expense": NaN,
        "Interest Income": NaN,
        "Normalized Income": NaN,
        "Net Income From Continuing And Discontinued Operation": NaN,
        "Total Expenses": NaN,
        "Total Operating Income As Reported": NaN,
        "Diluted Average Shares": NaN,
        "Basic Average Shares": NaN,
        "Diluted EPS": NaN,
        "Basic EPS": NaN,
        "Diluted NI Availto Com Stockholders": NaN,
        "Net Income Common Stockholders": NaN,
        "Net Income": NaN,
        "Net Income Including Noncontrolling Interests": NaN,
        "Net Income Continuous Operations": NaN,
        "Tax Provision": NaN,
        "Pretax Income": NaN,
        "Other Income Expense": NaN,
        "Other Non Operating Income Expenses": NaN,
        "Special Income Charges": 0.0,
        "Write Off": 0.0,
        "Restructuring And Mergern Acquisition": 0.0,
        "Net Non Operating Interest Income Expense": NaN,
        "Interest Expense Non Operating": NaN,
        "Interest Income Non Operating": NaN,
        "Operating Income": NaN,
        "Operating Expense": NaN,
        "Provision For Doubtful Accounts": NaN,
        "Research And Development": NaN,
        "Selling General And Administration": NaN,
        "General And Administrative Expense": NaN,
        "Other Gand A": NaN,
        "Salaries And Wages": NaN,
        "Gross Profit": NaN,
        "Cost Of Revenue": NaN,
        "Total Revenue": NaN,
        "Operating Revenue": NaN
    },
    "2024-03-31": {
        "Tax Effect Of Unusual Items": 0.0,
        "Tax Rate For Calcs": 0.21,
        "Normalized EBITDA": 1661000.0,
        "Total Unusual Items": NaN,
        "Total Unusual Items Excluding Goodwill": NaN,
        "Net Income From Continuing Operation Net Minority Interest": -4815000.0,
        "Reconciled Depreciation": 2897000.0,
        "Reconciled Cost Of Revenue": 10728000.0,
        "EBITDA": 1661000.0,
        "EBIT": -1236000.0,
        "Net Interest Income": -2387000.0,
        "Interest Expense": 3359000.0,
        "Interest Income": 972000.0,
        "Normalized Income": -4815000.0,
        "Net Income From Continuing And Discontinued Operation": -4815000.0,
        "Total Expenses": 46065000.0,
        "Total Operating Income As Reported": -2299000.0,
        "Diluted Average Shares": 48189256.0,
        "Basic Average Shares": 48189256.0,
        "Diluted EPS": -0.1,
        "Basic EPS": -0.1,
        "Diluted NI Availto Com Stockholders": -4815000.0,
        "Net Income Common Stockholders": -4815000.0,
        "Net Income": -4815000.0,
        "Net Income Including Noncontrolling Interests": -4815000.0,
        "Net Income Continuous Operations": -4815000.0,
        "Tax Provision": 220000.0,
        "Pretax Income": -4595000.0,
        "Other Income Expense": 91000.0,
        "Other Non Operating Income Expenses": 91000.0,
        "Special Income Charges": NaN,
        "Write Off": NaN,
        "Restructuring And Mergern Acquisition": NaN,
        "Net Non Operating Interest Income Expense": -2387000.0,
        "Interest Expense Non Operating": 3359000.0,
        "Interest Income Non Operating": 972000.0,
        "Operating Income": -2299000.0,
        "Operating Expense": 35337000.0,
        "Provision For Doubtful Accounts": 110000.0,
        "Research And Development": 13587000.0,
        "Selling General And Administration": 21640000.0,
        "General And Administrative Expense": 21640000.0,
        "Other Gand A": 11729000.0,
        "Salaries And Wages": 9911000.0,
        "Gross Profit": 33038000.0,
        "Cost Of Revenue": 10728000.0,
        "Total Revenue": 43766000.0,
        "Operating Revenue": 43766000.0
    },
    "2024-06-30": {
        "Tax Effect Of Unusual Items": 0.0,
        "Tax Rate For Calcs": 0.21,
        "Normalized EBITDA": 2129000.0,
        "Total Unusual Items": NaN,
        "Total Unusual Items Excluding Goodwill": NaN,
        "Net Income From Continuing Operation Net Minority Interest": -4529000.0,
        "Reconciled Depreciation": 2908000.0,
        "Reconciled Cost Of Revenue": 10658000.0,
        "EBITDA": 2129000.0,
        "EBIT": -779000.0,
        "Net Interest Income": -2128000.0,
        "Interest Expense": 3372000.0,
        "Interest Income": 1244000.0,
        "Normalized Income": -4529000.0,
        "Net Income From Continuing And Discontinued Operation": -4529000.0,
        "Total Expenses": 49262000.0,
        "Total Operating Income As Reported": -2179000.0,
        "Diluted Average Shares": 48292414.0,
        "Basic Average Shares": 48292414.0,
        "Diluted EPS": -0.09,
        "Basic EPS": -0.09,
        "Diluted NI Availto Com Stockholders": -4529000.0,
        "Net Income Common Stockholders": -4529000.0,
        "Net Income": -4529000.0,
        "Net Income Including Noncontrolling Interests": -4529000.0,
        "Net Income Continuous Operations": -4529000.0,
        "Tax Provision": 378000.0,
        "Pretax Income": -4151000.0,
        "Other Income Expense": 156000.0,
        "Other Non Operating Income Expenses": 156000.0,
        "Special Income Charges": NaN,
        "Write Off": NaN,
        "Net Non Operating Interest Income Expense": -2128000.0,
        "Interest Expense Non Operating": 3372000.0,
        "Interest Income Non Operating": 1244000.0,
        "Operating Income": -2179000.0,
        "Operating Expense": 38604000.0,
        "Provision For Doubtful Accounts": -183000.0,
        "Research And Development": 13632000.0,
        "Selling General And Administration": 25155000.0,
        "General And Administrative Expense": 25155000.0,
        "Other Gand A": 16124000.0,
        "Salaries And Wages": 9031000.0,
        "Gross Profit": 36425000.0,
        "Cost Of Revenue": 10658000.0,
        "Total Revenue": 47083000.0,
        "Operating Revenue": 47083000.0
    },
    "2024-09-30": {
        "Tax Effect Of Unusual Items": 0.0,
        "Tax Rate For Calcs": 0.014121,
        "Normalized EBITDA": 26586000.0,
        "Total Unusual Items": 0.0,
        "Total Unusual Items Excluding Goodwill": 0.0,
        "Net Income From Continuing Operation Net Minority Interest": 20317000.0,
        "Reconciled Depreciation": 2878000.0,
        "Reconciled Cost Of Revenue": 29097000.0,
        "EBITDA": 26586000.0,
        "EBIT": 23708000.0,
        "Net Interest Income": -1818000.0,
        "Interest Expense": 3100000.0,
        "Interest Income": 1282000.0,
        "Normalized Income": 20317000.0,
        "Net Income From Continuing And Discontinued Operation": 20317000.0,
        "Total Expenses": 58463000.0,
        "Total Operating Income As Reported": 22079000.0,
        "Diluted Average Shares": 49173361.0,
        "Basic Average Shares": 49008464.0,
        "Diluted EPS": 0.41,
        "Basic EPS": 0.41,
        "Diluted NI Availto Com Stockholders": 20317000.0,
        "Net Income Common Stockholders": 20317000.0,
        "Net Income": 20317000.0,
        "Net Income Including Noncontrolling Interests": 20317000.0,
        "Net Income Continuous Operations": 20317000.0,
        "Tax Provision": 291000.0,
        "Pretax Income": 20608000.0,
        "Other Income Expense": 347000.0,
        "Other Non Operating Income Expenses": 347000.0,
        "Special Income Charges": 0.0,
        "Write Off": 0.0,
        "Net Non Operating Interest Income Expense": -1818000.0,
        "Interest Expense Non Operating": 3100000.0,
        "Interest Income Non Operating": 1282000.0,
        "Operating Income": 22079000.0,
        "Operating Expense": 29366000.0,
        "Provision For Doubtful Accounts": -48000.0,
        "Research And Development": 12547000.0,
        "Selling General And Administration": 16867000.0,
        "General And Administrative Expense": 16867000.0,
        "Other Gand A": 7778000.0,
        "Salaries And Wages": 9089000.0,
        "Gross Profit": 51445000.0,
        "Cost Of Revenue": 29097000.0,
        "Total Revenue": 80542000.0,
        "Operating Revenue": 80542000.0
    },
    "2024-12-31": {
        "Tax Effect Of Unusual Items": 0.0,
        "Tax Rate For Calcs": 0.21,
        "Normalized EBITDA": 17700000.0,
        "Total Unusual Items": 0.0,
        "Total Unusual Items Excluding Goodwill": 0.0,
        "Net Income From Continuing Operation Net Minority Interest": 19305000.0,
        "Reconciled Depreciation": 2841000.0,
        "Reconciled Cost Of Revenue": 13921000.0,
        "EBITDA": 17700000.0,
        "EBIT": 14859000.0,
        "Net Interest Income": -1395000.0,
        "Interest Expense": 2621000.0,
        "Interest Income": 1226000.0,
        "Normalized Income": 19305000.0,
        "Net Income From Continuing And Discontinued Operation": 19305000.0,
        "Total Expenses": 45712000.0,
        "Total Operating Income As Reported": 13365000.0,
        "Diluted Average Shares": 49408877.0,
        "Basic Average Shares": 49095583.0,
        "Diluted EPS": 0.39,
        "Basic EPS": 0.39,
        "Diluted NI Availto Com Stockholders": 19305000.0,
        "Net Income Common Stockholders": 19305000.0,
        "Net Income": 19305000.0,
        "Net Income Including Noncontrolling Interests": 19305000.0,
        "Net Income Continuous Operations": 19305000.0,
        "Tax Provision": -7067000.0,
        "Pretax Income": 12238000.0,
        "Other Income Expense": 268000.0,
        "Other Non Operating Income Expenses": 268000.0,
        "Special Income Charges": 0.0,
        "Write Off": 0.0,
        "Net Non Operating Interest Income Expense": -1395000.0,
        "Interest Expense Non Operating": 2621000.0,
        "Interest Income Non Operating": 1226000.0,
        "Operating Income": 13365000.0,
        "Operating Expense": 31791000.0,
        "Provision For Doubtful Accounts": -398000.0,
        "Research And Development": 15169000.0,
        "Selling General And Administration": 17020000.0,
        "General And Administrative Expense": 17020000.0,
        "Other Gand A": 7930000.0,
        "Salaries And Wages": 9090000.0,
        "Gross Profit": 45156000.0,
        "Cost Of Revenue": 13921000.0,
        "Total Revenue": 59077000.0,
        "Operating Revenue": 59077000.0
    },
    "2025-03-31": {
        "Tax Effect Of Unusual Items": 0.0,
        "Tax Rate For Calcs": 0.089685,
        "Normalized EBITDA": 8240000.0,
        "Total Unusual Items": NaN,
        "Total Unusual Items Excluding Goodwill": NaN,
        "Net Income From Continuing Operation Net Minority Interest": 2974000.0,
        "Reconciled Depreciation": 2796000.0,
        "Reconciled Cost Of Revenue": 10556000.0,
        "EBITDA": 8240000.0,
        "EBIT": 5444000.0,
        "Net Interest Income": -1076000.0,
        "Interest Expense": 2177000.0,
        "Interest Income": 1101000.0,
        "Normalized Income": 2974000.0,
        "Net Income From Continuing And Discontinued Operation": 2974000.0,
        "Total Expenses": 42023000.0,
        "Total Operating Income As Reported": 3984000.0,
        "Diluted Average Shares": 49906341.0,
        "Basic Average Shares": 49595697.0,
        "Diluted EPS": 0.06,
        "Basic EPS": 0.06,
        "Diluted NI Availto Com Stockholders": 2974000.0,
        "Net Income Common Stockholders": 2974000.0,
        "Net Income": 2974000.0,
        "Net Income Including Noncontrolling Interests": 2974000.0,
        "Net Income Continuous Operations": 2974000.0,
        "Tax Provision": 293000.0,
        "Pretax Income": 3267000.0,
        "Other Income Expense": 359000.0,
        "Other Non Operating Income Expenses": 359000.0,
        "Special Income Charges": NaN,
        "Write Off": NaN,
        "Net Non Operating Interest Income Expense": -1076000.0,
        "Interest Expense Non Operating": 2177000.0,
        "Interest Income Non Operating": 1101000.0,
        "Operating Income": 3984000.0,
        "Operating Expense": 31467000.0,
        "Provision For Doubtful Accounts": 213000.0,
        "Research And Development": 13863000.0,
        "Selling General And Administration": 17391000.0,
        "General And Administrative Expense": 17391000.0,
        "Other Gand A": 7916000.0,
        "Salaries And Wages": 9475000.0,
        "Gross Profit": 35451000.0,
        "Cost Of Revenue": 10556000.0,
        "Total Revenue": 46007000.0,
        "Operating Revenue": 46007000.0
    },
    "2025-06-30": {
        "Tax Effect Of Unusual Items": 0.0,
        "Tax Rate For Calcs": 0.050284,
        "Normalized EBITDA": 10765000.0,
        "Total Unusual Items": NaN,
        "Total Unusual Items Excluding Goodwill": NaN,
        "Net Income From Continuing Operation Net Minority Interest": 5855000.0,
        "Reconciled Depreciation": 2763000.0,
        "Reconciled Cost Of Revenue": 12301000.0,
        "EBITDA": 10765000.0,
        "EBIT": 8002000.0,
        "Net Interest Income": -881000.0,
        "Interest Expense": 1837000.0,
        "Interest Income": 956000.0,
        "Normalized Income": 5855000.0,
        "Net Income From Continuing And Discontinued Operation": 5855000.0,
        "Total Expenses": 45800000.0,
        "Total Operating Income As Reported": 6636000.0,
        "Diluted Average Shares": 50144704.0,
        "Basic Average Shares": 49700217.0,
        "Diluted EPS": 0.12,
        "Basic EPS": 0.12,
        "Diluted NI Availto Com Stockholders": 5855000.0,
        "Net Income Common Stockholders": 5855000.0,
        "Net Income": 5855000.0,
        "Net Income Including Noncontrolling Interests": 5855000.0,
        "Net Income Continuous Operations": 5855000.0,
        "Tax Provision": 310000.0,
        "Pretax Income": 6165000.0,
        "Other Income Expense": 410000.0,
        "Other Non Operating Income Expenses": 410000.0,
        "Special Income Charges": NaN,
        "Write Off": NaN,
        "Net Non Operating Interest Income Expense": -881000.0,
        "Interest Expense Non Operating": 1837000.0,
        "Interest Income Non Operating": 956000.0,
        "Operating Income": 6636000.0,
        "Operating Expense": 33499000.0,
        "Provision For Doubtful Accounts": -362000.0,
        "Research And Development": 15452000.0,
        "Selling General And Administration": 18409000.0,
        "General And Administrative Expense": 18409000.0,
        "Other Gand A": 8353000.0,
        "Salaries And Wages": 10056000.0,
        "Gross Profit": 40135000.0,
        "Cost Of Revenue": 12301000.0,
        "Total Revenue": 52436000.0,
        "Operating Revenue": 52436000.0
    }
}