{
    "2023-06-30": {
        "Tax Effect Of Unusual Items": NaN,
        "Tax Rate For Calcs": NaN,
        "Net Income From Continuing Operation Net Minority Interest": NaN,
        "Reconciled Depreciation": NaN,
        "Net Interest Income": NaN,
        "Interest Expense": NaN,
        "Interest Income": NaN,
        "Normalized Income": NaN,
        "Net Income From Continuing And Discontinued Operation": NaN,
        "Diluted Average Shares": NaN,
        "Basic Average Shares": NaN,
        "Diluted EPS": NaN,
        "Basic EPS": NaN,
        "Diluted NI Availto Com Stockholders": NaN,
        "Net Income Common Stockholders": NaN,
        "Otherunder Preferred Stock Dividend": 24000.0,
        "Preferred Stock Dividends": NaN,
        "Net Income": NaN,
        "Net Income Including Noncontrolling Interests": NaN,
        "Net Income Continuous Operations": NaN,
        "Tax Provision": NaN,
        "Pretax Income": NaN,
        "Selling General And Administration": NaN,
        "Selling And Marketing Expense": NaN,
        "General And Administrative Expense": NaN,
        "Salaries And Wages": NaN,
        "Total Revenue": NaN,
        "Operating Revenue": NaN,
        "Occupancy And Equipment": NaN,
        "Professional Expense And Contract Services Expense": NaN,
        "Other Non Interest Expense": NaN
    },
    "2023-03-31": {
        "Tax Effect Of Unusual Items": NaN,
        "Tax Rate For Calcs": NaN,
        "Net Income From Continuing Operation Net Minority Interest": NaN,
        "Reconciled Depreciation": NaN,
        "Net Interest Income": NaN,
        "Interest Expense": NaN,
        "Interest Income": NaN,
        "Normalized Income": NaN,
        "Net Income From Continuing And Discontinued Operation": NaN,
        "Diluted Average Shares": NaN,
        "Basic Average Shares": NaN,
        "Diluted EPS": NaN,
        "Basic EPS": NaN,
        "Diluted NI Availto Com Stockholders": NaN,
        "Net Income Common Stockholders": NaN,
        "Otherunder Preferred Stock Dividend": NaN,
        "Preferred Stock Dividends": NaN,
        "Net Income": NaN,
        "Net Income Including Noncontrolling Interests": NaN,
        "Net Income Continuous Operations": NaN,
        "Tax Provision": NaN,
        "Pretax Income": NaN,
        "Selling General And Administration": NaN,
        "Selling And Marketing Expense": NaN,
        "General And Administrative Expense": NaN,
        "Other Gand A": 567000.0,
        "Salaries And Wages": NaN,
        "Total Revenue": NaN,
        "Operating Revenue": NaN,
        "Occupancy And Equipment": NaN,
        "Professional Expense And Contract Services Expense": NaN,
        "Other Non Interest Expense": NaN
    },
    "2022-12-31": {
        "Tax Effect Of Unusual Items": 0.0,
        "Tax Rate For Calcs": 0.297659,
        "Net Income From Continuing Operation Net Minority Interest": 8702000.0,
        "Reconciled Depreciation": 1076000.0,
        "Net Interest Income": 24265000.0,
        "Interest Expense": 7311000.0,
        "Interest Income": 31576000.0,
        "Normalized Income": 8702000.0,
        "Net Income From Continuing And Discontinued Operation": 8702000.0,
        "Diluted Average Shares": 14904106.0,
        "Basic Average Shares": 14700010.0,
        "Diluted EPS": 0.58,
        "Basic EPS": 0.59,
        "Diluted NI Availto Com Stockholders": 8665000.0,
        "Net Income Common Stockholders": 8665000.0,
        "Otherunder Preferred Stock Dividend": 37000.0,
        "Net Income": 8702000.0,
        "Net Income Including Noncontrolling Interests": 8702000.0,
        "Net Income Continuous Operations": 8702000.0,
        "Tax Provision": 3688000.0,
        "Pretax Income": 12390000.0,
        "Selling General And Administration": 7069000.0,
        "Selling And Marketing Expense": 724000.0,
        "General And Administrative Expense": 6345000.0,
        "Other Gand A": NaN,
        "Salaries And Wages": 8055000.0,
        "Total Revenue": 26654000.0,
        "Operating Revenue": 26654000.0
    },
    "2022-09-30": {
        "Tax Effect Of Unusual Items": NaN,
        "Tax Rate For Calcs": NaN,
        "Net Income From Continuing Operation Net Minority Interest": NaN,
        "Reconciled Depreciation": NaN,
        "Net Interest Income": NaN,
        "Interest Expense": NaN,
        "Interest Income": NaN,
        "Normalized Income": NaN,
        "Net Income From Continuing And Discontinued Operation": NaN,
        "Diluted Average Shares": NaN,
        "Basic Average Shares": NaN,
        "Diluted EPS": NaN,
        "Basic EPS": NaN,
        "Diluted NI Availto Com Stockholders": NaN,
        "Net Income Common Stockholders": NaN,
        "Otherunder Preferred Stock Dividend": NaN,
        "Net Income": NaN,
        "Net Income Including Noncontrolling Interests": NaN,
        "Net Income Continuous Operations": NaN,
        "Tax Provision": NaN,
        "Pretax Income": NaN,
        "Selling General And Administration": NaN,
        "Selling And Marketing Expense": NaN,
        "General And Administrative Expense": NaN,
        "Other Gand A": 577000.0,
        "Salaries And Wages": NaN,
        "Total Revenue": NaN,
        "Operating Revenue": NaN
    },
    "2022-06-30": {
        "Tax Effect Of Unusual Items": 0.0,
        "Tax Rate For Calcs": 0.293166,
        "Net Income From Continuing Operation Net Minority Interest": 9092000.0,
        "Reconciled Depreciation": 872000.0,
        "Net Interest Income": 21351000.0,
        "Interest Expense": 1095000.0,
        "Interest Income": 22446000.0,
        "Normalized Income": 9092000.0,
        "Net Income From Continuing And Discontinued Operation": 9092000.0,
        "Diluted Average Shares": 15122452.0,
        "Basic Average Shares": 14883768.0,
        "Diluted EPS": 0.6,
        "Basic EPS": 0.61,
        "Diluted NI Availto Com Stockholders": 9092000.0,
        "Net Income Common Stockholders": 9092000.0,
        "Otherunder Preferred Stock Dividend": NaN,
        "Net Income": 9092000.0,
        "Net Income Including Noncontrolling Interests": 9092000.0,
        "Net Income Continuous Operations": 9092000.0,
        "Tax Provision": 3771000.0,
        "Pretax Income": 12863000.0,
        "Selling General And Administration": 9205000.0,
        "Selling And Marketing Expense": 310000.0,
        "General And Administrative Expense": 8895000.0,
        "Other Gand A": 588000.0,
        "Salaries And Wages": 8307000.0,
        "Total Revenue": 24999000.0,
        "Operating Revenue": 24999000.0
    },
    "2022-03-31": {
        "Diluted EPS": 0.67,
        "Total Revenue": 26,
        "Gross Profit": 25,
        "Operating Income": 14,
        "EBIT": NaN,
        "Net Income": 10
    },
    "2021-12-31": {
        "Diluted EPS": 0.7,
        "Total Revenue": 26,
        "Gross Profit": 25,
        "Operating Income": 15,
        "EBIT": NaN,
        "Net Income": 11
    },
    "2021-09-30": {
        "Diluted EPS": 0.73,
        "Total Revenue": 27,
        "Gross Profit": 26,
        "Operating Income": 16,
        "EBIT": NaN,
        "Net Income": 11
    },
    "2021-06-30": {
        "Diluted EPS": 0.64,
        "Total Revenue": 25,
        "Gross Profit": 24,
        "Operating Income": 14,
        "EBIT": NaN,
        "Net Income": 10
    },
    "2021-03-31": {
        "Diluted EPS": 0.55,
        "Total Revenue": 22,
        "Gross Profit": 21,
        "Operating Income": 12,
        "EBIT": NaN,
        "Net Income": 9
    },
    "2020-12-31": {
        "Diluted EPS": 0.37,
        "Total Revenue": 24,
        "Gross Profit": 22,
        "Operating Income": 8,
        "EBIT": NaN,
        "Net Income": 6
    },
    "2020-09-30": {
        "Diluted EPS": 0.22,
        "Total Revenue": 22,
        "Gross Profit": 19,
        "Operating Income": 5,
        "EBIT": NaN,
        "Net Income": 3
    },
    "2020-06-30": {
        "Diluted EPS": 0.22,
        "Total Revenue": 22,
        "Gross Profit": 18,
        "Operating Income": 5,
        "EBIT": NaN,
        "Net Income": 3
    },
    "2020-03-31": {
        "Diluted EPS": 0.23,
        "Total Revenue": 24,
        "Gross Profit": 19,
        "Operating Income": 5,
        "EBIT": NaN,
        "Net Income": 4
    },
    "2019-12-31": {
        "Diluted EPS": 0.27,
        "Total Revenue": 26,
        "Gross Profit": 20,
        "Operating Income": 6,
        "EBIT": NaN,
        "Net Income": 4
    },
    "2019-09-30": {
        "Diluted EPS": 0.42,
        "Total Revenue": 26,
        "Gross Profit": 20,
        "Operating Income": 10,
        "EBIT": NaN,
        "Net Income": 7
    },
    "2019-06-30": {
        "Diluted EPS": 0.4,
        "Total Revenue": 27,
        "Gross Profit": 21,
        "Operating Income": 9,
        "EBIT": NaN,
        "Net Income": 7
    },
    "2019-03-31": {
        "Diluted EPS": 0.4,
        "Total Revenue": 25,
        "Gross Profit": 20,
        "Operating Income": 9,
        "EBIT": NaN,
        "Net Income": 7
    },
    "2018-12-31": {
        "Diluted EPS": 0.4,
        "Total Revenue": 25,
        "Gross Profit": 20,
        "Operating Income": 10,
        "EBIT": NaN,
        "Net Income": 7
    },
    "2018-09-30": {
        "Diluted EPS": 0.44,
        "Total Revenue": 24,
        "Gross Profit": 19,
        "Operating Income": 9,
        "EBIT": NaN,
        "Net Income": 7
    },
    "2018-06-30": {
        "Diluted EPS": 0.35,
        "Total Revenue": 23,
        "Gross Profit": 18,
        "Operating Income": 7,
        "EBIT": NaN,
        "Net Income": 5
    },
    "2018-03-31": {
        "Diluted EPS": 0.46,
        "Total Revenue": 22,
        "Gross Profit": 19,
        "Operating Income": 9,
        "EBIT": NaN,
        "Net Income": 6
    },
    "2017-12-31": {
        "Diluted EPS": 0.0,
        "Total Revenue": NaN,
        "Gross Profit": NaN,
        "Operating Income": NaN,
        "EBIT": NaN,
        "Net Income": NaN
    },
    "2017-09-30": {
        "Diluted EPS": 0.35,
        "Total Revenue": 21,
        "Gross Profit": 18,
        "Operating Income": 8,
        "EBIT": NaN,
        "Net Income": 5
    },
    "2017-06-30": {
        "Diluted EPS": 0.36,
        "Total Revenue": 19,
        "Gross Profit": 17,
        "Operating Income": 8,
        "EBIT": NaN,
        "Net Income": 5
    },
    "2016-12-31": {
        "Diluted EPS": 0.0,
        "Total Revenue": NaN,
        "Gross Profit": NaN,
        "Operating Income": NaN,
        "EBIT": NaN,
        "Net Income": NaN
    },
    "2023-09-30": {
        "Tax Effect Of Unusual Items": NaN,
        "Tax Rate For Calcs": NaN,
        "Net Income From Continuing Operation Net Minority Interest": NaN,
        "Reconciled Depreciation": NaN,
        "Net Interest Income": NaN,
        "Interest Expense": NaN,
        "Interest Income": NaN,
        "Normalized Income": NaN,
        "Net Income From Continuing And Discontinued Operation": NaN,
        "Diluted Average Shares": 14396216.0,
        "Basic Average Shares": 14294802.0,
        "Diluted EPS": 0.49,
        "Basic EPS": 0.49,
        "Diluted NI Availto Com Stockholders": NaN,
        "Net Income Common Stockholders": NaN,
        "Otherunder Preferred Stock Dividend": 21000.0,
        "Preferred Stock Dividends": NaN,
        "Net Income": NaN,
        "Net Income Including Noncontrolling Interests": NaN,
        "Net Income Continuous Operations": NaN,
        "Tax Provision": NaN,
        "Pretax Income": NaN,
        "Selling General And Administration": NaN,
        "Selling And Marketing Expense": NaN,
        "General And Administrative Expense": NaN,
        "Salaries And Wages": NaN,
        "Total Revenue": NaN,
        "Operating Revenue": NaN,
        "Occupancy And Equipment": NaN,
        "Professional Expense And Contract Services Expense": NaN,
        "Other Non Interest Expense": NaN
    },
    "2023-12-31": {
        "Tax Effect Of Unusual Items": NaN,
        "Tax Rate For Calcs": NaN,
        "Net Income From Continuing Operation Net Minority Interest": NaN,
        "Reconciled Depreciation": NaN,
        "Net Interest Income": NaN,
        "Interest Expense": NaN,
        "Interest Income": NaN,
        "Normalized Income": NaN,
        "Net Income From Continuing And Discontinued Operation": NaN,
        "Diluted Average Shares": NaN,
        "Basic Average Shares": NaN,
        "Diluted EPS": NaN,
        "Basic EPS": NaN,
        "Diluted NI Availto Com Stockholders": NaN,
        "Net Income Common Stockholders": NaN,
        "Otherunder Preferred Stock Dividend": 17000.0,
        "Preferred Stock Dividends": NaN,
        "Net Income": NaN,
        "Net Income Including Noncontrolling Interests": NaN,
        "Net Income Continuous Operations": NaN,
        "Tax Provision": NaN,
        "Pretax Income": NaN,
        "Selling General And Administration": NaN,
        "Selling And Marketing Expense": NaN,
        "General And Administrative Expense": NaN,
        "Salaries And Wages": NaN,
        "Total Revenue": NaN,
        "Operating Revenue": NaN,
        "Occupancy And Equipment": NaN,
        "Professional Expense And Contract Services Expense": NaN,
        "Other Non Interest Expense": NaN
    },
    "2024-03-31": {
        "Tax Effect Of Unusual Items": 0.0,
        "Tax Rate For Calcs": 0.279452,
        "Net Income From Continuing Operation Net Minority Interest": 4685000.0,
        "Reconciled Depreciation": 925000.0,
        "Net Interest Income": 20999000.0,
        "Interest Expense": 22556000.0,
        "Interest Income": 43555000.0,
        "Normalized Income": 4685000.0,
        "Net Income From Continuing And Discontinued Operation": 4685000.0,
        "Diluted Average Shares": 14330204.0,
        "Basic Average Shares": 14235419.0,
        "Diluted EPS": 0.33,
        "Basic EPS": 0.33,
        "Diluted NI Availto Com Stockholders": 4676000.0,
        "Net Income Common Stockholders": 4676000.0,
        "Otherunder Preferred Stock Dividend": 9000.0,
        "Preferred Stock Dividends": NaN,
        "Net Income": 4685000.0,
        "Net Income Including Noncontrolling Interests": 4685000.0,
        "Net Income Continuous Operations": 4685000.0,
        "Tax Provision": 1817000.0,
        "Pretax Income": 6502000.0,
        "Selling General And Administration": 9769000.0,
        "Selling And Marketing Expense": 319000.0,
        "General And Administrative Expense": 9450000.0,
        "Salaries And Wages": 9450000.0,
        "Total Revenue": 23944000.0,
        "Operating Revenue": 23944000.0,
        "Occupancy And Equipment": 2358000.0,
        "Professional Expense And Contract Services Expense": 1084000.0,
        "Other Non Interest Expense": 3141000.0
    },
    "2024-06-30": {
        "Tax Effect Of Unusual Items": 0.0,
        "Tax Rate For Calcs": 0.285113,
        "Net Income From Continuing Operation Net Minority Interest": 6281000.0,
        "Reconciled Depreciation": 1069000.0,
        "Net Interest Income": 21735000.0,
        "Interest Expense": 23210000.0,
        "Interest Income": 44945000.0,
        "Normalized Income": 6281000.0,
        "Net Income From Continuing And Discontinued Operation": 6281000.0,
        "Diluted Average Shares": NaN,
        "Basic Average Shares": NaN,
        "Diluted EPS": NaN,
        "Basic EPS": NaN,
        "Diluted NI Availto Com Stockholders": 6128000.0,
        "Net Income Common Stockholders": 6128000.0,
        "Otherunder Preferred Stock Dividend": 11000.0,
        "Preferred Stock Dividends": 142000.0,
        "Net Income": 6281000.0,
        "Net Income Including Noncontrolling Interests": 6281000.0,
        "Net Income Continuous Operations": 6281000.0,
        "Tax Provision": 2505000.0,
        "Pretax Income": 8786000.0,
        "Selling General And Administration": 9764000.0,
        "Selling And Marketing Expense": 318000.0,
        "General And Administrative Expense": 9446000.0,
        "Salaries And Wages": 9446000.0,
        "Total Revenue": 24220000.0,
        "Operating Revenue": 24220000.0,
        "Occupancy And Equipment": 2300000.0,
        "Professional Expense And Contract Services Expense": 973000.0,
        "Other Non Interest Expense": 2138000.0
    },
    "2024-09-30": {
        "Tax Effect Of Unusual Items": 0.0,
        "Tax Rate For Calcs": 0.269,
        "Total Unusual Items": NaN,
        "Total Unusual Items Excluding Goodwill": NaN,
        "Net Income From Continuing Operation Net Minority Interest": 7814000.0,
        "Reconciled Depreciation": 1055000.0,
        "Net Interest Income": 22719000.0,
        "Interest Expense": 23279000.0,
        "Interest Income": 45998000.0,
        "Normalized Income": 7814000.0,
        "Net Income From Continuing And Discontinued Operation": 7814000.0,
        "Diluted Average Shares": NaN,
        "Basic Average Shares": NaN,
        "Diluted EPS": NaN,
        "Basic EPS": NaN,
        "Diluted NI Availto Com Stockholders": 7457000.0,
        "Net Income Common Stockholders": 7457000.0,
        "Otherunder Preferred Stock Dividend": 11000.0,
        "Preferred Stock Dividends": 346000.0,
        "Net Income": 7814000.0,
        "Net Income Including Noncontrolling Interests": 7814000.0,
        "Net Income Continuous Operations": 7814000.0,
        "Tax Provision": 2873000.0,
        "Pretax Income": 10687000.0,
        "Special Income Charges": NaN,
        "Impairment Of Capital Assets": NaN,
        "Selling General And Administration": 9694000.0,
        "Selling And Marketing Expense": 667000.0,
        "General And Administrative Expense": 9027000.0,
        "Salaries And Wages": 9027000.0,
        "Total Revenue": 25242000.0,
        "Operating Revenue": 25242000.0,
        "Occupancy And Equipment": 2261000.0,
        "Professional Expense And Contract Services Expense": 599000.0,
        "Other Non Interest Expense": 1951000.0
    },
    "2024-12-31": {
        "Tax Effect Of Unusual Items": 0.0,
        "Tax Rate For Calcs": 0.318204,
        "Total Unusual Items": NaN,
        "Total Unusual Items Excluding Goodwill": NaN,
        "Net Income From Continuing Operation Net Minority Interest": 7030000.0,
        "Reconciled Depreciation": 967000.0,
        "Net Interest Income": 23164000.0,
        "Interest Expense": 23155000.0,
        "Interest Income": 46319000.0,
        "Normalized Income": 7030000.0,
        "Net Income From Continuing And Discontinued Operation": 7030000.0,
        "Diluted Average Shares": 14406756.0,
        "Basic Average Shares": 14254584.0,
        "Diluted EPS": 0.46,
        "Basic EPS": 0.47,
        "Diluted NI Availto Com Stockholders": 6668000.0,
        "Net Income Common Stockholders": 6668000.0,
        "Otherunder Preferred Stock Dividend": 16000.0,
        "Preferred Stock Dividends": 346000.0,
        "Net Income": 7030000.0,
        "Net Income Including Noncontrolling Interests": 7030000.0,
        "Net Income Continuous Operations": 7030000.0,
        "Tax Provision": 3281000.0,
        "Pretax Income": 10311000.0,
        "Special Income Charges": NaN,
        "Impairment Of Capital Assets": NaN,
        "Selling General And Administration": 9226000.0,
        "Selling And Marketing Expense": 582000.0,
        "General And Administrative Expense": 8644000.0,
        "Salaries And Wages": 8644000.0,
        "Total Revenue": 26207000.0,
        "Operating Revenue": 26207000.0,
        "Occupancy And Equipment": 2198000.0,
        "Professional Expense And Contract Services Expense": 752000.0,
        "Other Non Interest Expense": 1718000.0
    },
    "2025-03-31": {
        "Tax Effect Of Unusual Items": 0.0,
        "Tax Rate For Calcs": 0.283199,
        "Total Unusual Items": NaN,
        "Total Unusual Items Excluding Goodwill": NaN,
        "Net Income From Continuing Operation Net Minority Interest": 7735000.0,
        "Reconciled Depreciation": 1113000.0,
        "Net Interest Income": 24283000.0,
        "Interest Expense": 22609000.0,
        "Interest Income": 46892000.0,
        "Normalized Income": 7735000.0,
        "Net Income From Continuing And Discontinued Operation": 7735000.0,
        "Diluted Average Shares": 14403769.0,
        "Basic Average Shares": 14272267.0,
        "Diluted EPS": 0.53,
        "Basic EPS": 0.53,
        "Diluted NI Availto Com Stockholders": 7634000.0,
        "Net Income Common Stockholders": 7634000.0,
        "Otherunder Preferred Stock Dividend": 61000.0,
        "Preferred Stock Dividends": 40000.0,
        "Net Income": 7735000.0,
        "Net Income Including Noncontrolling Interests": 7735000.0,
        "Net Income Continuous Operations": 7735000.0,
        "Tax Provision": 3056000.0,
        "Pretax Income": 10791000.0,
        "Special Income Charges": NaN,
        "Impairment Of Capital Assets": NaN,
        "Selling General And Administration": 9544000.0,
        "Selling And Marketing Expense": 243000.0,
        "General And Administrative Expense": 9301000.0,
        "Salaries And Wages": 9301000.0,
        "Total Revenue": 26863000.0,
        "Operating Revenue": 26863000.0,
        "Occupancy And Equipment": 2289000.0,
        "Professional Expense And Contract Services Expense": 628000.0,
        "Other Non Interest Expense": 2013000.0
    },
    "2025-06-30": {
        "Tax Effect Of Unusual Items": 0.0,
        "Tax Rate For Calcs": 0.284,
        "Total Unusual Items": NaN,
        "Total Unusual Items Excluding Goodwill": NaN,
        "Net Income From Continuing Operation Net Minority Interest": 9071000.0,
        "Reconciled Depreciation": 1038000.0,
        "Net Interest Income": 25990000.0,
        "Interest Expense": 23318000.0,
        "Interest Income": 49308000.0,
        "Normalized Income": 9071000.0,
        "Net Income From Continuing And Discontinued Operation": 9071000.0,
        "Diluted Average Shares": 14326011.0,
        "Basic Average Shares": 14213032.0,
        "Diluted EPS": 0.62,
        "Basic EPS": 0.63,
        "Diluted NI Availto Com Stockholders": 8912000.0,
        "Net Income Common Stockholders": 8912000.0,
        "Otherunder Preferred Stock Dividend": 72000.0,
        "Preferred Stock Dividends": 87000.0,
        "Net Income": 9071000.0,
        "Net Income Including Noncontrolling Interests": 9071000.0,
        "Net Income Continuous Operations": 9071000.0,
        "Tax Provision": 3600000.0,
        "Pretax Income": 12671000.0,
        "Special Income Charges": NaN,
        "Impairment Of Capital Assets": NaN,
        "Selling General And Administration": 9666000.0,
        "Selling And Marketing Expense": 597000.0,
        "General And Administrative Expense": 9069000.0,
        "Salaries And Wages": 9069000.0,
        "Total Revenue": 29287000.0,
        "Operating Revenue": 29287000.0,
        "Occupancy And Equipment": 2379000.0,
        "Professional Expense And Contract Services Expense": 805000.0,
        "Other Non Interest Expense": 1979000.0
    },
    "2025-09-30": {
        "Tax Effect Of Unusual Items": -2820.0,
        "Tax Rate For Calcs": 0.282,
        "Total Unusual Items": -10000.0,
        "Total Unusual Items Excluding Goodwill": -10000.0,
        "Net Income From Continuing Operation Net Minority Interest": 11412000.0,
        "Reconciled Depreciation": 1093000.0,
        "Net Interest Income": 26978000.0,
        "Interest Expense": 24493000.0,
        "Interest Income": 51471000.0,
        "Normalized Income": 11419180.0,
        "Net Income From Continuing And Discontinued Operation": 11412000.0,
        "Diluted Average Shares": 14325956.0,
        "Basic Average Shares": 14201054.0,
        "Diluted EPS": 0.78,
        "Basic EPS": 0.79,
        "Diluted NI Availto Com Stockholders": 11235000.0,
        "Net Income Common Stockholders": 11235000.0,
        "Otherunder Preferred Stock Dividend": 91000.0,
        "Preferred Stock Dividends": 86000.0,
        "Net Income": 11412000.0,
        "Net Income Including Noncontrolling Interests": 11412000.0,
        "Net Income Continuous Operations": 11412000.0,
        "Tax Provision": 4492000.0,
        "Pretax Income": 15904000.0,
        "Special Income Charges": -10000.0,
        "Impairment Of Capital Assets": 10000.0,
        "Selling General And Administration": 10185000.0,
        "Selling And Marketing Expense": 669000.0,
        "General And Administrative Expense": 9516000.0,
        "Salaries And Wages": 9516000.0,
        "Total Revenue": 30252000.0,
        "Operating Revenue": 30252000.0,
        "Occupancy And Equipment": 2372000.0,
        "Professional Expense And Contract Services Expense": 541000.0,
        "Other Non Interest Expense": 1621000.0
    },
    "2025-12-31": {
        "Tax Effect Of Unusual Items": NaN,
        "Tax Rate For Calcs": NaN,
        "Total Unusual Items": NaN,
        "Total Unusual Items Excluding Goodwill": NaN,
        "Net Income From Continuing Operation Net Minority Interest": NaN,
        "Reconciled Depreciation": NaN,
        "Net Interest Income": NaN,
        "Interest Expense": NaN,
        "Interest Income": NaN,
        "Normalized Income": NaN,
        "Net Income From Continuing And Discontinued Operation": NaN,
        "Diluted Average Shares": 14235867.0,
        "Basic Average Shares": 14133086.0,
        "Diluted EPS": 0.64,
        "Basic EPS": 0.64,
        "Diluted NI Availto Com Stockholders": NaN,
        "Net Income Common Stockholders": NaN,
        "Otherunder Preferred Stock Dividend": NaN,
        "Preferred Stock Dividends": NaN,
        "Net Income": NaN,
        "Net Income Including Noncontrolling Interests": NaN,
        "Net Income Continuous Operations": NaN,
        "Tax Provision": NaN,
        "Pretax Income": NaN,
        "Special Income Charges": NaN,
        "Impairment Of Capital Assets": NaN,
        "Selling General And Administration": NaN,
        "Selling And Marketing Expense": NaN,
        "General And Administrative Expense": NaN,
        "Salaries And Wages": NaN,
        "Total Revenue": NaN,
        "Operating Revenue": NaN,
        "Occupancy And Equipment": NaN,
        "Professional Expense And Contract Services Expense": NaN,
        "Other Non Interest Expense": NaN
    }
}