{
    "2023-03-31": {
        "Tax Effect Of Unusual Items": NaN,
        "Tax Rate For Calcs": NaN,
        "Normalized EBITDA": NaN,
        "Total Unusual Items": NaN,
        "Total Unusual Items Excluding Goodwill": NaN,
        "Net Income From Continuing Operation Net Minority Interest": NaN,
        "Reconciled Depreciation": NaN,
        "Reconciled Cost Of Revenue": NaN,
        "EBITDA": NaN,
        "EBIT": NaN,
        "Net Interest Income": NaN,
        "Interest Expense": NaN,
        "Interest Income": NaN,
        "Normalized Income": NaN,
        "Net Income From Continuing And Discontinued Operation": NaN,
        "Total Expenses": NaN,
        "Total Operating Income As Reported": NaN,
        "Diluted Average Shares": NaN,
        "Basic Average Shares": NaN,
        "Diluted EPS": NaN,
        "Basic EPS": NaN,
        "Diluted NI Availto Com Stockholders": NaN,
        "Average Dilution Earnings": NaN,
        "Net Income Common Stockholders": NaN,
        "Net Income": NaN,
        "Net Income Including Noncontrolling Interests": NaN,
        "Net Income Continuous Operations": NaN,
        "Tax Provision": NaN,
        "Pretax Income": NaN,
        "Other Income Expense": NaN,
        "Other Non Operating Income Expenses": NaN,
        "Special Income Charges": NaN,
        "Other Special Charges": 16926000.0,
        "Impairment Of Capital Assets": NaN,
        "Restructuring And Mergern Acquisition": NaN,
        "Net Non Operating Interest Income Expense": NaN,
        "Total Other Finance Cost": NaN,
        "Interest Expense Non Operating": NaN,
        "Interest Income Non Operating": NaN,
        "Operating Income": NaN,
        "Operating Expense": NaN,
        "Depreciation Amortization Depletion Income Statement": NaN,
        "Depreciation And Amortization In Income Statement": NaN,
        "Amortization": NaN,
        "Amortization Of Intangibles Income Statement": NaN,
        "Research And Development": NaN,
        "Selling General And Administration": NaN,
        "Selling And Marketing Expense": NaN,
        "General And Administrative Expense": NaN,
        "Other Gand A": NaN,
        "Salaries And Wages": NaN,
        "Gross Profit": NaN,
        "Cost Of Revenue": NaN,
        "Total Revenue": NaN,
        "Operating Revenue": NaN
    },
    "2022-12-31": {
        "Tax Effect Of Unusual Items": NaN,
        "Tax Rate For Calcs": NaN,
        "Normalized EBITDA": NaN,
        "Total Unusual Items": NaN,
        "Total Unusual Items Excluding Goodwill": NaN,
        "Net Income From Continuing Operation Net Minority Interest": NaN,
        "Reconciled Depreciation": NaN,
        "Reconciled Cost Of Revenue": NaN,
        "EBITDA": NaN,
        "EBIT": NaN,
        "Net Interest Income": NaN,
        "Interest Expense": NaN,
        "Interest Income": NaN,
        "Normalized Income": NaN,
        "Net Income From Continuing And Discontinued Operation": NaN,
        "Total Expenses": NaN,
        "Total Operating Income As Reported": NaN,
        "Diluted Average Shares": 45882000.0,
        "Basic Average Shares": 45882000.0,
        "Diluted EPS": -0.22,
        "Basic EPS": -0.22,
        "Diluted NI Availto Com Stockholders": NaN,
        "Average Dilution Earnings": NaN,
        "Net Income Common Stockholders": NaN,
        "Net Income": NaN,
        "Net Income Including Noncontrolling Interests": NaN,
        "Net Income Continuous Operations": NaN,
        "Tax Provision": NaN,
        "Pretax Income": NaN,
        "Other Income Expense": NaN,
        "Other Non Operating Income Expenses": NaN,
        "Special Income Charges": NaN,
        "Other Special Charges": NaN,
        "Restructuring And Mergern Acquisition": NaN,
        "Net Non Operating Interest Income Expense": NaN,
        "Total Other Finance Cost": NaN,
        "Interest Expense Non Operating": NaN,
        "Interest Income Non Operating": NaN,
        "Operating Income": NaN,
        "Operating Expense": NaN,
        "Depreciation Amortization Depletion Income Statement": NaN,
        "Depreciation And Amortization In Income Statement": NaN,
        "Amortization": NaN,
        "Amortization Of Intangibles Income Statement": NaN,
        "Research And Development": NaN,
        "Selling General And Administration": NaN,
        "Selling And Marketing Expense": NaN,
        "General And Administrative Expense": NaN,
        "Other Gand A": NaN,
        "Salaries And Wages": NaN,
        "Gross Profit": NaN,
        "Cost Of Revenue": NaN,
        "Total Revenue": NaN,
        "Operating Revenue": NaN
    },
    "2022-09-30": {
        "Tax Effect Of Unusual Items": NaN,
        "Tax Rate For Calcs": NaN,
        "Normalized EBITDA": NaN,
        "Total Unusual Items": NaN,
        "Total Unusual Items Excluding Goodwill": NaN,
        "Net Income From Continuing Operation Net Minority Interest": NaN,
        "Reconciled Depreciation": NaN,
        "Reconciled Cost Of Revenue": NaN,
        "EBITDA": NaN,
        "EBIT": NaN,
        "Net Interest Income": NaN,
        "Interest Expense": NaN,
        "Interest Income": NaN,
        "Normalized Income": NaN,
        "Net Income From Continuing And Discontinued Operation": NaN,
        "Total Expenses": NaN,
        "Total Operating Income As Reported": NaN,
        "Diluted Average Shares": NaN,
        "Basic Average Shares": NaN,
        "Diluted EPS": NaN,
        "Basic EPS": NaN,
        "Diluted NI Availto Com Stockholders": NaN,
        "Average Dilution Earnings": 0.0,
        "Net Income Common Stockholders": NaN,
        "Net Income": NaN,
        "Net Income Including Noncontrolling Interests": NaN,
        "Net Income Continuous Operations": NaN,
        "Tax Provision": NaN,
        "Pretax Income": NaN,
        "Other Income Expense": NaN,
        "Other Non Operating Income Expenses": NaN,
        "Special Income Charges": NaN,
        "Other Special Charges": NaN,
        "Restructuring And Mergern Acquisition": NaN,
        "Net Non Operating Interest Income Expense": NaN,
        "Total Other Finance Cost": NaN,
        "Interest Expense Non Operating": NaN,
        "Interest Income Non Operating": NaN,
        "Operating Income": NaN,
        "Operating Expense": NaN,
        "Depreciation Amortization Depletion Income Statement": NaN,
        "Depreciation And Amortization In Income Statement": NaN,
        "Amortization": NaN,
        "Amortization Of Intangibles Income Statement": NaN,
        "Research And Development": NaN,
        "Selling General And Administration": NaN,
        "Selling And Marketing Expense": NaN,
        "General And Administrative Expense": NaN,
        "Other Gand A": NaN,
        "Salaries And Wages": NaN,
        "Gross Profit": NaN,
        "Cost Of Revenue": NaN,
        "Total Revenue": NaN,
        "Operating Revenue": NaN
    },
    "2022-06-30": {
        "Tax Effect Of Unusual Items": 1805800.0,
        "Tax Rate For Calcs": 0.1,
        "Normalized EBITDA": 32772000.0,
        "Total Unusual Items": 18058000.0,
        "Total Unusual Items Excluding Goodwill": 18058000.0,
        "Net Income From Continuing Operation Net Minority Interest": 19876000.0,
        "Reconciled Depreciation": 20864000.0,
        "Reconciled Cost Of Revenue": 44085000.0,
        "EBITDA": 50830000.0,
        "EBIT": 29966000.0,
        "Net Interest Income": -8581000.0,
        "Interest Expense": 7959000.0,
        "Interest Income": 252000.0,
        "Normalized Income": 3623800.0,
        "Net Income From Continuing And Discontinued Operation": 19876000.0,
        "Total Expenses": 156234000.0,
        "Total Operating Income As Reported": 31235000.0,
        "Diluted Average Shares": 52478000.0,
        "Basic Average Shares": 45501000.0,
        "Diluted EPS": 0.4,
        "Basic EPS": 0.44,
        "Diluted NI Availto Com Stockholders": 19876000.0,
        "Average Dilution Earnings": NaN,
        "Net Income Common Stockholders": 19876000.0,
        "Net Income": 19876000.0,
        "Net Income Including Noncontrolling Interests": 19876000.0,
        "Net Income Continuous Operations": 19876000.0,
        "Tax Provision": 2131000.0,
        "Pretax Income": 22007000.0,
        "Other Income Expense": 17411000.0,
        "Other Non Operating Income Expenses": -647000.0,
        "Special Income Charges": 18058000.0,
        "Other Special Charges": NaN,
        "Restructuring And Mergern Acquisition": -18058000.0,
        "Net Non Operating Interest Income Expense": -8581000.0,
        "Total Other Finance Cost": 874000.0,
        "Interest Expense Non Operating": 7959000.0,
        "Interest Income Non Operating": 252000.0,
        "Operating Income": 13177000.0,
        "Operating Expense": 105607000.0,
        "Depreciation Amortization Depletion Income Statement": 14322000.0,
        "Depreciation And Amortization In Income Statement": 14322000.0,
        "Amortization": 14322000.0,
        "Amortization Of Intangibles Income Statement": 14322000.0,
        "Research And Development": 26282000.0,
        "Selling General And Administration": 65003000.0,
        "Selling And Marketing Expense": 36854000.0,
        "General And Administrative Expense": 28149000.0,
        "Other Gand A": 19603000.0,
        "Salaries And Wages": 8546000.0,
        "Gross Profit": 118784000.0,
        "Cost Of Revenue": 50627000.0,
        "Total Revenue": 169411000.0,
        "Operating Revenue": 169411000.0
    },
    "2023-06-30": {
        "Tax Effect Of Unusual Items": NaN,
        "Tax Rate For Calcs": NaN,
        "Normalized EBITDA": NaN,
        "Total Unusual Items": NaN,
        "Total Unusual Items Excluding Goodwill": NaN,
        "Net Income From Continuing Operation Net Minority Interest": NaN,
        "Reconciled Depreciation": NaN,
        "Reconciled Cost Of Revenue": NaN,
        "EBITDA": NaN,
        "EBIT": NaN,
        "Net Interest Income": NaN,
        "Interest Expense": NaN,
        "Interest Income": NaN,
        "Normalized Income": NaN,
        "Net Income From Continuing And Discontinued Operation": NaN,
        "Total Expenses": NaN,
        "Total Operating Income As Reported": NaN,
        "Diluted Average Shares": 52054000.0,
        "Basic Average Shares": 46088000.0,
        "Diluted EPS": 0.51,
        "Basic EPS": 0.56,
        "Diluted NI Availto Com Stockholders": NaN,
        "Average Dilution Earnings": NaN,
        "Net Income Common Stockholders": NaN,
        "Net Income": NaN,
        "Net Income Including Noncontrolling Interests": NaN,
        "Net Income Continuous Operations": NaN,
        "Tax Provision": NaN,
        "Pretax Income": NaN,
        "Other Income Expense": NaN,
        "Other Non Operating Income Expenses": NaN,
        "Special Income Charges": NaN,
        "Other Special Charges": NaN,
        "Impairment Of Capital Assets": NaN,
        "Restructuring And Mergern Acquisition": NaN,
        "Net Non Operating Interest Income Expense": NaN,
        "Total Other Finance Cost": NaN,
        "Interest Expense Non Operating": NaN,
        "Interest Income Non Operating": NaN,
        "Operating Income": NaN,
        "Operating Expense": NaN,
        "Depreciation Amortization Depletion Income Statement": NaN,
        "Depreciation And Amortization In Income Statement": NaN,
        "Amortization": NaN,
        "Amortization Of Intangibles Income Statement": NaN,
        "Research And Development": NaN,
        "Selling General And Administration": NaN,
        "Selling And Marketing Expense": NaN,
        "General And Administrative Expense": NaN,
        "Other Gand A": NaN,
        "Salaries And Wages": NaN,
        "Gross Profit": NaN,
        "Cost Of Revenue": NaN,
        "Total Revenue": NaN,
        "Operating Revenue": NaN
    },
    "2022-03-31": {
        "Diluted EPS": 0.15,
        "Total Revenue": 158,
        "Gross Profit": 122,
        "Operating Income": 17,
        "EBIT": 39,
        "Net Income": 7
    },
    "2021-12-31": {
        "Diluted EPS": -0.12,
        "Total Revenue": 159,
        "Gross Profit": 120,
        "Operating Income": 4,
        "EBIT": 24,
        "Net Income": -5
    },
    "2021-09-30": {
        "Diluted EPS": 0.39,
        "Total Revenue": 128,
        "Gross Profit": 93,
        "Operating Income": 31,
        "EBIT": 44,
        "Net Income": 18
    },
    "2021-06-30": {
        "Diluted EPS": 0.42,
        "Total Revenue": 136,
        "Gross Profit": 100,
        "Operating Income": 35,
        "EBIT": 46,
        "Net Income": 19
    },
    "2021-03-31": {
        "Diluted EPS": 0.23,
        "Total Revenue": 119,
        "Gross Profit": 88,
        "Operating Income": 19,
        "EBIT": 31,
        "Net Income": 10
    },
    "2020-12-31": {
        "Diluted EPS": 0.37,
        "Total Revenue": 131,
        "Gross Profit": 96,
        "Operating Income": 19,
        "EBIT": 30,
        "Net Income": 15
    },
    "2020-09-30": {
        "Diluted EPS": 2.94,
        "Total Revenue": 117,
        "Gross Profit": 87,
        "Operating Income": 18,
        "EBIT": 29,
        "Net Income": 130
    },
    "2020-06-30": {
        "Diluted EPS": -0.17,
        "Total Revenue": 76,
        "Gross Profit": 53,
        "Operating Income": -7,
        "EBIT": 2,
        "Net Income": -7
    },
    "2020-03-31": {
        "Diluted EPS": 0.19,
        "Total Revenue": 106,
        "Gross Profit": 76,
        "Operating Income": 17,
        "EBIT": 26,
        "Net Income": 8
    },
    "2019-12-31": {
        "Diluted EPS": -0.11,
        "Total Revenue": 122,
        "Gross Profit": 91,
        "Operating Income": 2,
        "EBIT": 11,
        "Net Income": -5
    },
    "2019-09-30": {
        "Diluted EPS": -0.15,
        "Total Revenue": 105,
        "Gross Profit": 82,
        "Operating Income": 2,
        "EBIT": 12,
        "Net Income": -6
    },
    "2019-06-30": {
        "Diluted EPS": 0.06,
        "Total Revenue": 103,
        "Gross Profit": 77,
        "Operating Income": 5,
        "EBIT": 14,
        "Net Income": 3
    },
    "2019-03-31": {
        "Diluted EPS": -0.07,
        "Total Revenue": 91,
        "Gross Profit": 64,
        "Operating Income": 1,
        "EBIT": 8,
        "Net Income": -3
    },
    "2018-12-31": {
        "Diluted EPS": 0.21,
        "Total Revenue": 95,
        "Gross Profit": 71,
        "Operating Income": 12,
        "EBIT": 20,
        "Net Income": 8
    },
    "2018-09-30": {
        "Diluted EPS": -0.02,
        "Total Revenue": 83,
        "Gross Profit": 64,
        "Operating Income": 4,
        "EBIT": 11,
        "Net Income": -1
    },
    "2018-06-30": {
        "Diluted EPS": 0.06,
        "Total Revenue": 84,
        "Gross Profit": 63,
        "Operating Income": 7,
        "EBIT": 13,
        "Net Income": 3
    },
    "2018-03-31": {
        "Diluted EPS": -0.26,
        "Total Revenue": 75,
        "Gross Profit": 52,
        "Operating Income": -7,
        "EBIT": -1,
        "Net Income": -11
    },
    "2017-12-31": {
        "Diluted EPS": 0.13,
        "Total Revenue": 79,
        "Gross Profit": 58,
        "Operating Income": 8,
        "EBIT": 16,
        "Net Income": 5
    },
    "2017-09-30": {
        "Diluted EPS": -0.19,
        "Total Revenue": 67,
        "Gross Profit": 49,
        "Operating Income": -4,
        "EBIT": 3,
        "Net Income": -8
    },
    "2017-06-30": {
        "Diluted EPS": -0.49,
        "Total Revenue": 71,
        "Gross Profit": 47,
        "Operating Income": -16,
        "EBIT": -9,
        "Net Income": -20
    },
    "2017-03-31": {
        "Diluted EPS": -0.52,
        "Total Revenue": 69,
        "Gross Profit": 45,
        "Operating Income": -14,
        "EBIT": -9,
        "Net Income": -20
    },
    "2016-12-31": {
        "Diluted EPS": -0.12,
        "Total Revenue": 73,
        "Gross Profit": 49,
        "Operating Income": -2,
        "EBIT": 2,
        "Net Income": -4
    },
    "2016-09-30": {
        "Diluted EPS": -0.59,
        "Total Revenue": 68,
        "Gross Profit": 25,
        "Operating Income": -21,
        "EBIT": -16,
        "Net Income": -22
    },
    "2016-06-30": {
        "Diluted EPS": -0.21,
        "Total Revenue": 70,
        "Gross Profit": 47,
        "Operating Income": -6,
        "EBIT": -2,
        "Net Income": -8
    },
    "2016-03-31": {
        "Diluted EPS": -0.1,
        "Total Revenue": 65,
        "Gross Profit": 45,
        "Operating Income": -2,
        "EBIT": 2,
        "Net Income": -4
    },
    "2015-12-31": {
        "Diluted EPS": -0.07,
        "Total Revenue": 69,
        "Gross Profit": 50,
        "Operating Income": -1,
        "EBIT": 3,
        "Net Income": -2
    },
    "2015-09-30": {
        "Diluted EPS": 0.08,
        "Total Revenue": 62,
        "Gross Profit": 46,
        "Operating Income": 5,
        "EBIT": 9,
        "Net Income": 3
    },
    "2015-06-30": {
        "Diluted EPS": 0.0,
        "Total Revenue": 59,
        "Gross Profit": 40,
        "Operating Income": 2,
        "EBIT": 6,
        "Net Income": 0
    },
    "2015-03-31": {
        "Diluted EPS": 0.03,
        "Total Revenue": 58,
        "Gross Profit": 41,
        "Operating Income": 3,
        "EBIT": 7,
        "Net Income": 1
    },
    "2014-12-31": {
        "Diluted EPS": 0.17,
        "Total Revenue": 62,
        "Gross Profit": 43,
        "Operating Income": 8,
        "EBIT": 12,
        "Net Income": 6
    },
    "2014-09-30": {
        "Diluted EPS": -0.08,
        "Total Revenue": 52,
        "Gross Profit": 32,
        "Operating Income": -1,
        "EBIT": 3,
        "Net Income": -3
    },
    "2014-06-30": {
        "Diluted EPS": -0.14,
        "Total Revenue": 47,
        "Gross Profit": 27,
        "Operating Income": -3,
        "EBIT": 1,
        "Net Income": -5
    },
    "2014-03-31": {
        "Diluted EPS": -0.34,
        "Total Revenue": 37,
        "Gross Profit": 19,
        "Operating Income": -9,
        "EBIT": -5,
        "Net Income": -11
    },
    "2013-12-31": {
        "Diluted EPS": -0.36,
        "Total Revenue": 34,
        "Gross Profit": 15,
        "Operating Income": -10,
        "EBIT": -7,
        "Net Income": -12
    },
    "2013-09-30": {
        "Diluted EPS": -0.44,
        "Total Revenue": 23,
        "Gross Profit": 8,
        "Operating Income": -13,
        "EBIT": -10,
        "Net Income": -15
    },
    "2013-06-30": {
        "Diluted EPS": -0.42,
        "Total Revenue": 17,
        "Gross Profit": 7,
        "Operating Income": -12,
        "EBIT": -10,
        "Net Income": -14
    },
    "2013-03-31": {
        "Diluted EPS": -0.71,
        "Total Revenue": 12,
        "Gross Profit": 0,
        "Operating Income": -19,
        "EBIT": -16,
        "Net Income": -23
    },
    "2012-12-31": {
        "Diluted EPS": -0.49,
        "Total Revenue": 10,
        "Gross Profit": 1,
        "Operating Income": -16,
        "EBIT": -14,
        "Net Income": -16
    },
    "2012-09-30": {
        "Diluted EPS": -0.49,
        "Total Revenue": 8,
        "Gross Profit": -1,
        "Operating Income": -16,
        "EBIT": -14,
        "Net Income": -16
    },
    "2012-06-30": {
        "Diluted EPS": -0.27,
        "Total Revenue": 12,
        "Gross Profit": 6,
        "Operating Income": -7,
        "EBIT": -5,
        "Net Income": -8
    },
    "2012-03-31": {
        "Diluted EPS": -0.47,
        "Total Revenue": 8,
        "Gross Profit": 1,
        "Operating Income": -11,
        "EBIT": -10,
        "Net Income": -12
    },
    "2011-12-31": {
        "Diluted EPS": -0.6,
        "Total Revenue": 4,
        "Gross Profit": -2,
        "Operating Income": -15,
        "EBIT": -13,
        "Net Income": -15
    },
    "2011-09-30": {
        "Diluted EPS": -0.55,
        "Total Revenue": 4,
        "Gross Profit": 1,
        "Operating Income": -9,
        "EBIT": -8,
        "Net Income": -10
    },
    "2011-06-30": {
        "Diluted EPS": -0.51,
        "Total Revenue": 4,
        "Gross Profit": 1,
        "Operating Income": -9,
        "EBIT": -7,
        "Net Income": -9
    },
    "2011-03-31": {
        "Diluted EPS": -0.98,
        "Total Revenue": 4,
        "Gross Profit": 0,
        "Operating Income": -7,
        "EBIT": -5,
        "Net Income": -10
    },
    "2010-12-31": {
        "Diluted EPS": -12.27,
        "Total Revenue": 2,
        "Gross Profit": 0,
        "Operating Income": -6,
        "EBIT": -5,
        "Net Income": -7
    },
    "2010-09-30": {
        "Diluted EPS": -13.77,
        "Total Revenue": 5,
        "Gross Profit": 1,
        "Operating Income": -6,
        "EBIT": -5,
        "Net Income": -8
    },
    "2010-06-30": {
        "Diluted EPS": -11.86,
        "Total Revenue": 3,
        "Gross Profit": 0,
        "Operating Income": -6,
        "EBIT": -5,
        "Net Income": -7
    },
    "2010-03-31": {
        "Diluted EPS": -9.39,
        "Total Revenue": 5,
        "Gross Profit": 1,
        "Operating Income": -5,
        "EBIT": -4,
        "Net Income": -5
    },
    "2009-12-31": {
        "Diluted EPS": 0.0,
        "Total Revenue": NaN,
        "Gross Profit": NaN,
        "Operating Income": NaN,
        "EBIT": NaN,
        "Net Income": NaN
    },
    "2023-09-30": {
        "Tax Effect Of Unusual Items": NaN,
        "Tax Rate For Calcs": NaN,
        "Normalized EBITDA": NaN,
        "Total Unusual Items": NaN,
        "Total Unusual Items Excluding Goodwill": NaN,
        "Net Income From Continuing Operation Net Minority Interest": NaN,
        "Reconciled Depreciation": NaN,
        "Reconciled Cost Of Revenue": NaN,
        "EBITDA": NaN,
        "EBIT": NaN,
        "Net Interest Income": NaN,
        "Interest Expense": NaN,
        "Interest Income": NaN,
        "Normalized Income": NaN,
        "Net Income From Continuing And Discontinued Operation": NaN,
        "Total Expenses": NaN,
        "Total Operating Income As Reported": NaN,
        "Diluted Average Shares": NaN,
        "Basic Average Shares": NaN,
        "Diluted EPS": NaN,
        "Basic EPS": NaN,
        "Diluted NI Availto Com Stockholders": NaN,
        "Average Dilution Earnings": NaN,
        "Net Income Common Stockholders": NaN,
        "Net Income": NaN,
        "Net Income Including Noncontrolling Interests": NaN,
        "Net Income Continuous Operations": NaN,
        "Tax Provision": NaN,
        "Pretax Income": NaN,
        "Other Income Expense": NaN,
        "Other Non Operating Income Expenses": NaN,
        "Special Income Charges": NaN,
        "Other Special Charges": NaN,
        "Impairment Of Capital Assets": 0.0,
        "Restructuring And Mergern Acquisition": NaN,
        "Net Non Operating Interest Income Expense": NaN,
        "Total Other Finance Cost": NaN,
        "Interest Expense Non Operating": NaN,
        "Interest Income Non Operating": NaN,
        "Operating Income": NaN,
        "Operating Expense": NaN,
        "Depreciation Amortization Depletion Income Statement": NaN,
        "Depreciation And Amortization In Income Statement": NaN,
        "Amortization": NaN,
        "Amortization Of Intangibles Income Statement": NaN,
        "Research And Development": NaN,
        "Selling General And Administration": NaN,
        "Selling And Marketing Expense": NaN,
        "General And Administrative Expense": NaN,
        "Other Gand A": NaN,
        "Salaries And Wages": NaN,
        "Gross Profit": NaN,
        "Cost Of Revenue": NaN,
        "Total Revenue": NaN,
        "Operating Revenue": NaN
    },
    "2023-12-31": {
        "Tax Effect Of Unusual Items": NaN,
        "Tax Rate For Calcs": NaN,
        "Normalized EBITDA": NaN,
        "Total Unusual Items": NaN,
        "Total Unusual Items Excluding Goodwill": NaN,
        "Net Income From Continuing Operation Net Minority Interest": NaN,
        "Reconciled Depreciation": NaN,
        "Reconciled Cost Of Revenue": NaN,
        "EBITDA": NaN,
        "EBIT": NaN,
        "Net Interest Income": NaN,
        "Interest Expense": NaN,
        "Interest Income": NaN,
        "Normalized Income": NaN,
        "Net Income From Continuing And Discontinued Operation": NaN,
        "Total Expenses": NaN,
        "Total Operating Income As Reported": NaN,
        "Diluted Average Shares": NaN,
        "Basic Average Shares": NaN,
        "Diluted EPS": NaN,
        "Basic EPS": NaN,
        "Diluted NI Availto Com Stockholders": NaN,
        "Average Dilution Earnings": NaN,
        "Net Income Common Stockholders": NaN,
        "Net Income": NaN,
        "Net Income Including Noncontrolling Interests": NaN,
        "Net Income Continuous Operations": NaN,
        "Tax Provision": NaN,
        "Pretax Income": NaN,
        "Other Income Expense": NaN,
        "Other Non Operating Income Expenses": NaN,
        "Special Income Charges": NaN,
        "Other Special Charges": 0.0,
        "Impairment Of Capital Assets": NaN,
        "Restructuring And Mergern Acquisition": NaN,
        "Net Non Operating Interest Income Expense": NaN,
        "Total Other Finance Cost": NaN,
        "Interest Expense Non Operating": NaN,
        "Interest Income Non Operating": NaN,
        "Operating Income": NaN,
        "Operating Expense": NaN,
        "Depreciation Amortization Depletion Income Statement": NaN,
        "Depreciation And Amortization In Income Statement": NaN,
        "Amortization": NaN,
        "Amortization Of Intangibles Income Statement": NaN,
        "Research And Development": NaN,
        "Selling General And Administration": NaN,
        "Selling And Marketing Expense": NaN,
        "General And Administrative Expense": NaN,
        "Other Gand A": NaN,
        "Salaries And Wages": NaN,
        "Gross Profit": NaN,
        "Cost Of Revenue": NaN,
        "Total Revenue": NaN,
        "Operating Revenue": NaN
    },
    "2024-03-31": {
        "Tax Effect Of Unusual Items": -650284.677419,
        "Tax Rate For Calcs": 0.341716,
        "Normalized EBITDA": 36604000.0,
        "Total Unusual Items": -1903000.0,
        "Total Unusual Items Excluding Goodwill": -1903000.0,
        "Net Income From Continuing Operation Net Minority Interest": 8979000.0,
        "Reconciled Depreciation": 18426000.0,
        "Reconciled Cost Of Revenue": 43312000.0,
        "EBITDA": 34701000.0,
        "EBIT": 16275000.0,
        "Net Interest Income": 587000.0,
        "Interest Expense": 2635000.0,
        "Interest Income": 3903000.0,
        "Normalized Income": 10231715.322581,
        "Net Income From Continuing And Discontinued Operation": 8979000.0,
        "Total Expenses": 152002000.0,
        "Total Operating Income As Reported": 13212000.0,
        "Diluted Average Shares": 52193000.0,
        "Basic Average Shares": 46499000.0,
        "Diluted EPS": 0.19,
        "Basic EPS": 0.19,
        "Diluted NI Availto Com Stockholders": 10008000.0,
        "Average Dilution Earnings": 1029000.0,
        "Net Income Common Stockholders": 8979000.0,
        "Net Income": 8979000.0,
        "Net Income Including Noncontrolling Interests": 8979000.0,
        "Net Income Continuous Operations": 8979000.0,
        "Tax Provision": 4661000.0,
        "Pretax Income": 13640000.0,
        "Other Income Expense": -2062000.0,
        "Other Non Operating Income Expenses": -159000.0,
        "Special Income Charges": -1903000.0,
        "Other Special Charges": NaN,
        "Impairment Of Capital Assets": NaN,
        "Restructuring And Mergern Acquisition": 1903000.0,
        "Net Non Operating Interest Income Expense": 587000.0,
        "Total Other Finance Cost": 681000.0,
        "Interest Expense Non Operating": 2635000.0,
        "Interest Income Non Operating": 3903000.0,
        "Operating Income": 15115000.0,
        "Operating Expense": 104586000.0,
        "Depreciation Amortization Depletion Income Statement": 14322000.0,
        "Depreciation And Amortization In Income Statement": 14322000.0,
        "Amortization": 14322000.0,
        "Amortization Of Intangibles Income Statement": 14322000.0,
        "Research And Development": 18238000.0,
        "Selling General And Administration": 72026000.0,
        "Selling And Marketing Expense": 39435000.0,
        "General And Administrative Expense": 32591000.0,
        "Other Gand A": 24606000.0,
        "Salaries And Wages": 7985000.0,
        "Gross Profit": 119701000.0,
        "Cost Of Revenue": 47416000.0,
        "Total Revenue": 167117000.0,
        "Operating Revenue": 167117000.0
    },
    "2024-06-30": {
        "Tax Effect Of Unusual Items": NaN,
        "Tax Rate For Calcs": NaN,
        "Normalized EBITDA": NaN,
        "Total Unusual Items": NaN,
        "Total Unusual Items Excluding Goodwill": NaN,
        "Net Income From Continuing Operation Net Minority Interest": NaN,
        "Reconciled Depreciation": NaN,
        "Reconciled Cost Of Revenue": NaN,
        "EBITDA": NaN,
        "EBIT": NaN,
        "Net Interest Income": NaN,
        "Interest Expense": NaN,
        "Interest Income": NaN,
        "Normalized Income": NaN,
        "Net Income From Continuing And Discontinued Operation": NaN,
        "Total Expenses": NaN,
        "Total Operating Income As Reported": NaN,
        "Diluted Average Shares": NaN,
        "Basic Average Shares": NaN,
        "Diluted EPS": NaN,
        "Basic EPS": NaN,
        "Diluted NI Availto Com Stockholders": NaN,
        "Average Dilution Earnings": 762000.0,
        "Net Income Common Stockholders": NaN,
        "Net Income": NaN,
        "Net Income Including Noncontrolling Interests": NaN,
        "Net Income Continuous Operations": NaN,
        "Tax Provision": NaN,
        "Pretax Income": NaN,
        "Other Income Expense": NaN,
        "Other Non Operating Income Expenses": NaN,
        "Special Income Charges": NaN,
        "Other Special Charges": -7518000.0,
        "Impairment Of Capital Assets": NaN,
        "Restructuring And Mergern Acquisition": NaN,
        "Net Non Operating Interest Income Expense": NaN,
        "Total Other Finance Cost": NaN,
        "Interest Expense Non Operating": NaN,
        "Interest Income Non Operating": NaN,
        "Operating Income": NaN,
        "Operating Expense": NaN,
        "Depreciation Amortization Depletion Income Statement": NaN,
        "Depreciation And Amortization In Income Statement": NaN,
        "Amortization": NaN,
        "Amortization Of Intangibles Income Statement": NaN,
        "Research And Development": NaN,
        "Selling General And Administration": NaN,
        "Selling And Marketing Expense": NaN,
        "General And Administrative Expense": NaN,
        "Other Gand A": NaN,
        "Salaries And Wages": NaN,
        "Gross Profit": NaN,
        "Cost Of Revenue": NaN,
        "Total Revenue": NaN,
        "Operating Revenue": NaN
    },
    "2024-09-30": {
        "Tax Effect Of Unusual Items": -33910170.0,
        "Tax Rate For Calcs": 0.21,
        "Normalized EBITDA": 46723000.0,
        "Total Unusual Items": -161477000.0,
        "Total Unusual Items Excluding Goodwill": -161477000.0,
        "Net Income From Continuing Operation Net Minority Interest": -143466000.0,
        "Reconciled Depreciation": 20253000.0,
        "Reconciled Cost Of Revenue": 32933000.0,
        "EBITDA": -114754000.0,
        "EBIT": -135007000.0,
        "Net Interest Income": 793000.0,
        "Interest Expense": 3849000.0,
        "Interest Income": 5482000.0,
        "Normalized Income": -15899170.0,
        "Net Income From Continuing And Discontinued Operation": -143466000.0,
        "Total Expenses": 146623000.0,
        "Total Operating Income As Reported": -139527000.0,
        "Diluted Average Shares": 46134000.0,
        "Basic Average Shares": 46134000.0,
        "Diluted EPS": -3.11,
        "Basic EPS": -3.11,
        "Diluted NI Availto Com Stockholders": -143466000.0,
        "Average Dilution Earnings": 0.0,
        "Net Income Common Stockholders": -143466000.0,
        "Net Income": -143466000.0,
        "Net Income Including Noncontrolling Interests": -143466000.0,
        "Net Income Continuous Operations": -143466000.0,
        "Tax Provision": 4610000.0,
        "Pretax Income": -138856000.0,
        "Other Income Expense": -161599000.0,
        "Other Non Operating Income Expenses": -122000.0,
        "Special Income Charges": -161477000.0,
        "Other Special Charges": NaN,
        "Impairment Of Capital Assets": 163243000.0,
        "Restructuring And Mergern Acquisition": -1766000.0,
        "Net Non Operating Interest Income Expense": 793000.0,
        "Total Other Finance Cost": 840000.0,
        "Interest Expense Non Operating": 3849000.0,
        "Interest Income Non Operating": 5482000.0,
        "Operating Income": 21950000.0,
        "Operating Expense": 107759000.0,
        "Depreciation Amortization Depletion Income Statement": 14322000.0,
        "Depreciation And Amortization In Income Statement": 14322000.0,
        "Amortization": 14322000.0,
        "Amortization Of Intangibles Income Statement": 14322000.0,
        "Research And Development": 19104000.0,
        "Selling General And Administration": 74333000.0,
        "Selling And Marketing Expense": 43191000.0,
        "General And Administrative Expense": 31142000.0,
        "Other Gand A": 22005000.0,
        "Salaries And Wages": 9137000.0,
        "Gross Profit": 129709000.0,
        "Cost Of Revenue": 38864000.0,
        "Total Revenue": 168573000.0,
        "Operating Revenue": 168573000.0
    },
    "2024-12-31": {
        "Tax Effect Of Unusual Items": -1794740.656585,
        "Tax Rate For Calcs": 0.371582,
        "Normalized EBITDA": 55433000.0,
        "Total Unusual Items": -4830000.0,
        "Total Unusual Items Excluding Goodwill": -4830000.0,
        "Net Income From Continuing Operation Net Minority Interest": 16041000.0,
        "Reconciled Depreciation": 21243000.0,
        "Reconciled Cost Of Revenue": 32965000.0,
        "EBITDA": 50603000.0,
        "EBIT": 29360000.0,
        "Net Interest Income": 875000.0,
        "Interest Expense": 3834000.0,
        "Interest Income": 5555000.0,
        "Normalized Income": 19076259.343415,
        "Net Income From Continuing And Discontinued Operation": 16041000.0,
        "Total Expenses": 157719000.0,
        "Total Operating Income As Reported": 24704000.0,
        "Diluted Average Shares": 49036000.0,
        "Basic Average Shares": 46171000.0,
        "Diluted EPS": 0.34,
        "Basic EPS": 0.35,
        "Diluted NI Availto Com Stockholders": 16041000.0,
        "Average Dilution Earnings": 0.0,
        "Net Income Common Stockholders": 16041000.0,
        "Net Income": 16041000.0,
        "Net Income Including Noncontrolling Interests": 16041000.0,
        "Net Income Continuous Operations": 16041000.0,
        "Tax Provision": 9485000.0,
        "Pretax Income": 25526000.0,
        "Other Income Expense": -4883000.0,
        "Other Non Operating Income Expenses": -53000.0,
        "Special Income Charges": -4830000.0,
        "Other Special Charges": 0.0,
        "Impairment Of Capital Assets": 0.0,
        "Restructuring And Mergern Acquisition": 4830000.0,
        "Net Non Operating Interest Income Expense": 875000.0,
        "Total Other Finance Cost": 846000.0,
        "Interest Expense Non Operating": 3834000.0,
        "Interest Income Non Operating": 5555000.0,
        "Operating Income": 29534000.0,
        "Operating Expense": 117833000.0,
        "Depreciation Amortization Depletion Income Statement": 14322000.0,
        "Depreciation And Amortization In Income Statement": 14322000.0,
        "Amortization": 14322000.0,
        "Amortization Of Intangibles Income Statement": 14322000.0,
        "Research And Development": 23897000.0,
        "Selling General And Administration": 79614000.0,
        "Selling And Marketing Expense": 50342000.0,
        "General And Administrative Expense": 29272000.0,
        "Other Gand A": 20385000.0,
        "Salaries And Wages": 8887000.0,
        "Gross Profit": 147367000.0,
        "Cost Of Revenue": 39886000.0,
        "Total Revenue": 187253000.0,
        "Operating Revenue": 187253000.0
    },
    "2025-03-31": {
        "Tax Effect Of Unusual Items": -1299270.0,
        "Tax Rate For Calcs": 0.21,
        "Normalized EBITDA": 39796000.0,
        "Total Unusual Items": -6187000.0,
        "Total Unusual Items Excluding Goodwill": -6187000.0,
        "Net Income From Continuing Operation Net Minority Interest": 4812000.0,
        "Reconciled Depreciation": 21168000.0,
        "Reconciled Cost Of Revenue": 27460000.0,
        "EBITDA": 33609000.0,
        "EBIT": 12441000.0,
        "Net Interest Income": 2315000.0,
        "Interest Expense": 3735000.0,
        "Interest Income": 6895000.0,
        "Normalized Income": 9699730.0,
        "Net Income From Continuing And Discontinued Operation": 4812000.0,
        "Total Expenses": 160746000.0,
        "Total Operating Income As Reported": 1990000.0,
        "Diluted Average Shares": 46526000.0,
        "Basic Average Shares": 46275000.0,
        "Diluted EPS": 0.1,
        "Basic EPS": 0.1,
        "Diluted NI Availto Com Stockholders": 4812000.0,
        "Average Dilution Earnings": 0.0,
        "Net Income Common Stockholders": 4812000.0,
        "Net Income": 4812000.0,
        "Net Income Including Noncontrolling Interests": 4812000.0,
        "Net Income Continuous Operations": 4812000.0,
        "Tax Provision": 3894000.0,
        "Pretax Income": 8706000.0,
        "Other Income Expense": -1786000.0,
        "Other Non Operating Income Expenses": 4401000.0,
        "Special Income Charges": -6187000.0,
        "Other Special Charges": 7000000.0,
        "Impairment Of Capital Assets": NaN,
        "Restructuring And Mergern Acquisition": -813000.0,
        "Net Non Operating Interest Income Expense": 2315000.0,
        "Total Other Finance Cost": 845000.0,
        "Interest Expense Non Operating": 3735000.0,
        "Interest Income Non Operating": 6895000.0,
        "Operating Income": 8177000.0,
        "Operating Expense": 126440000.0,
        "Depreciation Amortization Depletion Income Statement": 14322000.0,
        "Depreciation And Amortization In Income Statement": 14322000.0,
        "Amortization": 14322000.0,
        "Amortization Of Intangibles Income Statement": 14322000.0,
        "Research And Development": 25342000.0,
        "Selling General And Administration": 86776000.0,
        "Selling And Marketing Expense": 55571000.0,
        "General And Administrative Expense": 31205000.0,
        "Other Gand A": 20609000.0,
        "Salaries And Wages": 10596000.0,
        "Gross Profit": 134617000.0,
        "Cost Of Revenue": 34306000.0,
        "Total Revenue": 168923000.0,
        "Operating Revenue": 168923000.0
    },
    "2025-06-30": {
        "Tax Effect Of Unusual Items": -133140.0,
        "Tax Rate For Calcs": 0.21,
        "Normalized EBITDA": 29875000.0,
        "Total Unusual Items": -634000.0,
        "Total Unusual Items Excluding Goodwill": -634000.0,
        "Net Income From Continuing Operation Net Minority Interest": -4847000.0,
        "Reconciled Depreciation": 27322000.0,
        "Reconciled Cost Of Revenue": 27866000.0,
        "EBITDA": 29241000.0,
        "EBIT": 1919000.0,
        "Net Interest Income": 313000.0,
        "Interest Expense": 3846000.0,
        "Interest Income": 5008000.0,
        "Normalized Income": -4346140.0,
        "Net Income From Continuing And Discontinued Operation": -4847000.0,
        "Total Expenses": 171966000.0,
        "Total Operating Income As Reported": 8499000.0,
        "Diluted Average Shares": 45459000.0,
        "Basic Average Shares": 45459000.0,
        "Diluted EPS": -0.11,
        "Basic EPS": -0.11,
        "Diluted NI Availto Com Stockholders": -4847000.0,
        "Average Dilution Earnings": 0.0,
        "Net Income Common Stockholders": -4847000.0,
        "Net Income": -4847000.0,
        "Net Income Including Noncontrolling Interests": -4847000.0,
        "Net Income Continuous Operations": -4847000.0,
        "Tax Provision": 2920000.0,
        "Pretax Income": -1927000.0,
        "Other Income Expense": -11373000.0,
        "Other Non Operating Income Expenses": -10739000.0,
        "Special Income Charges": -634000.0,
        "Other Special Charges": NaN,
        "Impairment Of Capital Assets": NaN,
        "Restructuring And Mergern Acquisition": 634000.0,
        "Net Non Operating Interest Income Expense": 313000.0,
        "Total Other Finance Cost": 849000.0,
        "Interest Expense Non Operating": 3846000.0,
        "Interest Income Non Operating": 5008000.0,
        "Operating Income": 9133000.0,
        "Operating Expense": 131100000.0,
        "Depreciation Amortization Depletion Income Statement": 14322000.0,
        "Depreciation And Amortization In Income Statement": 14322000.0,
        "Amortization": 14322000.0,
        "Amortization Of Intangibles Income Statement": 14322000.0,
        "Research And Development": 28200000.0,
        "Selling General And Administration": 88578000.0,
        "Selling And Marketing Expense": 50964000.0,
        "General And Administrative Expense": 37614000.0,
        "Other Gand A": 26231000.0,
        "Salaries And Wages": 11383000.0,
        "Gross Profit": 140233000.0,
        "Cost Of Revenue": 40866000.0,
        "Total Revenue": 181099000.0,
        "Operating Revenue": 181099000.0
    },
    "2025-09-30": {
        "Tax Effect Of Unusual Items": -1632540.0,
        "Tax Rate For Calcs": 0.21,
        "Normalized EBITDA": 42142000.0,
        "Total Unusual Items": -7774000.0,
        "Total Unusual Items Excluding Goodwill": -7774000.0,
        "Net Income From Continuing Operation Net Minority Interest": 5432000.0,
        "Reconciled Depreciation": 21191000.0,
        "Reconciled Cost Of Revenue": 27409000.0,
        "EBITDA": 34368000.0,
        "EBIT": 13177000.0,
        "Net Interest Income": 4255000.0,
        "Interest Expense": 3653000.0,
        "Interest Income": 8534000.0,
        "Normalized Income": 11573460.0,
        "Net Income From Continuing And Discontinued Operation": 5432000.0,
        "Total Expenses": 166363000.0,
        "Total Operating Income As Reported": 6362000.0,
        "Diluted Average Shares": 44459000.0,
        "Basic Average Shares": 44038000.0,
        "Diluted EPS": 0.12,
        "Basic EPS": 0.12,
        "Diluted NI Availto Com Stockholders": 5432000.0,
        "Average Dilution Earnings": NaN,
        "Net Income Common Stockholders": 5432000.0,
        "Net Income": 5432000.0,
        "Net Income Including Noncontrolling Interests": 5432000.0,
        "Net Income Continuous Operations": 5432000.0,
        "Tax Provision": 4092000.0,
        "Pretax Income": 9524000.0,
        "Other Income Expense": -7884000.0,
        "Other Non Operating Income Expenses": -110000.0,
        "Special Income Charges": -7774000.0,
        "Other Special Charges": -22165000.0,
        "Impairment Of Capital Assets": 25866000.0,
        "Restructuring And Mergern Acquisition": 4073000.0,
        "Net Non Operating Interest Income Expense": 4255000.0,
        "Total Other Finance Cost": 626000.0,
        "Interest Expense Non Operating": 3653000.0,
        "Interest Income Non Operating": 8534000.0,
        "Operating Income": 13153000.0,
        "Operating Expense": 132085000.0,
        "Depreciation Amortization Depletion Income Statement": 14322000.0,
        "Depreciation And Amortization In Income Statement": 14322000.0,
        "Amortization": 14322000.0,
        "Amortization Of Intangibles Income Statement": 14322000.0,
        "Research And Development": 25966000.0,
        "Selling General And Administration": 91797000.0,
        "Selling And Marketing Expense": 58471000.0,
        "General And Administrative Expense": 33326000.0,
        "Other Gand A": 23180000.0,
        "Salaries And Wages": 10146000.0,
        "Gross Profit": 145238000.0,
        "Cost Of Revenue": 34278000.0,
        "Total Revenue": 179516000.0,
        "Operating Revenue": 179516000.0
    }
}