{
    "2023-03-31": {
        "Tax Effect Of Unusual Items": 0.0,
        "Tax Rate For Calcs": 0.139142,
        "Normalized EBITDA": 1947000.0,
        "Total Unusual Items": 0.0,
        "Total Unusual Items Excluding Goodwill": 0.0,
        "Net Income From Continuing Operation Net Minority Interest": 1324000.0,
        "Reconciled Depreciation": 629000.0,
        "Reconciled Cost Of Revenue": 10875000.0,
        "EBITDA": 1947000.0,
        "EBIT": 1318000.0,
        "Net Interest Income": 229000.0,
        "Interest Income": 229000.0,
        "Normalized Income": 1324000.0,
        "Net Income From Continuing And Discontinued Operation": 1324000.0,
        "Total Expenses": 21655000.0,
        "Total Operating Income As Reported": 1318000.0,
        "Diluted Average Shares": 18428062.0,
        "Basic Average Shares": 18366614.0,
        "Diluted EPS": 0.07,
        "Basic EPS": 0.07,
        "Diluted NI Availto Com Stockholders": 1324000.0,
        "Net Income Common Stockholders": 1324000.0,
        "Net Income": 1324000.0,
        "Net Income Including Noncontrolling Interests": 1324000.0,
        "Net Income Continuous Operations": 1324000.0,
        "Tax Provision": 214000.0,
        "Pretax Income": 1538000.0,
        "Other Income Expense": 220000.0,
        "Other Non Operating Income Expenses": 220000.0,
        "Special Income Charges": 0.0,
        "Restructuring And Mergern Acquisition": 0.0,
        "Gain On Sale Of Security": -10000.0,
        "Net Non Operating Interest Income Expense": 229000.0,
        "Interest Income Non Operating": 229000.0,
        "Operating Income": 1318000.0,
        "Operating Expense": 10214000.0,
        "Depreciation Amortization Depletion Income Statement": 63000.0,
        "Depreciation And Amortization In Income Statement": 63000.0,
        "Amortization": 63000.0,
        "Amortization Of Intangibles Income Statement": 63000.0,
        "Research And Development": 2984000.0,
        "Selling General And Administration": 7167000.0,
        "Selling And Marketing Expense": 3562000.0,
        "General And Administrative Expense": 3605000.0,
        "Other Gand A": 3605000.0,
        "Gross Profit": 11532000.0,
        "Cost Of Revenue": 11441000.0,
        "Total Revenue": 22973000.0,
        "Operating Revenue": 22973000.0
    },
    "2022-12-31": {
        "Tax Effect Of Unusual Items": 0.0,
        "Tax Rate For Calcs": 0.010618,
        "Normalized EBITDA": 2629000.0,
        "Total Unusual Items": 0.0,
        "Total Unusual Items Excluding Goodwill": 0.0,
        "Net Income From Continuing Operation Net Minority Interest": 2050000.0,
        "Reconciled Depreciation": 659000.0,
        "Reconciled Cost Of Revenue": 12287000.0,
        "EBITDA": 2629000.0,
        "EBIT": 1970000.0,
        "Net Interest Income": 132000.0,
        "Interest Income": 132000.0,
        "Normalized Income": 2050000.0,
        "Net Income From Continuing And Discontinued Operation": 2050000.0,
        "Total Expenses": 23952000.0,
        "Total Operating Income As Reported": 1970000.0,
        "Diluted Average Shares": 18576000.0,
        "Basic Average Shares": 18265000.0,
        "Diluted EPS": 0.11,
        "Basic EPS": 0.11,
        "Diluted NI Availto Com Stockholders": 2050000.0,
        "Net Income Common Stockholders": 2050000.0,
        "Net Income": 2050000.0,
        "Net Income Including Noncontrolling Interests": 2050000.0,
        "Net Income Continuous Operations": 2050000.0,
        "Tax Provision": 22000.0,
        "Pretax Income": 2072000.0,
        "Other Income Expense": 102000.0,
        "Other Non Operating Income Expenses": 102000.0,
        "Special Income Charges": 0.0,
        "Restructuring And Mergern Acquisition": 0.0,
        "Gain On Sale Of Security": -26000.0,
        "Net Non Operating Interest Income Expense": 132000.0,
        "Interest Income Non Operating": 132000.0,
        "Operating Income": 1970000.0,
        "Operating Expense": 11068000.0,
        "Depreciation Amortization Depletion Income Statement": 62000.0,
        "Depreciation And Amortization In Income Statement": 62000.0,
        "Amortization": 62000.0,
        "Amortization Of Intangibles Income Statement": 62000.0,
        "Research And Development": 3050000.0,
        "Selling General And Administration": 7956000.0,
        "Selling And Marketing Expense": 3837000.0,
        "General And Administrative Expense": 4119000.0,
        "Other Gand A": 4119000.0,
        "Gross Profit": 13038000.0,
        "Cost Of Revenue": 12884000.0,
        "Total Revenue": 25922000.0,
        "Operating Revenue": 25922000.0
    },
    "2022-09-30": {
        "Tax Effect Of Unusual Items": -11970.0,
        "Tax Rate For Calcs": 0.21,
        "Normalized EBITDA": 1510000.0,
        "Total Unusual Items": -57000.0,
        "Total Unusual Items Excluding Goodwill": -57000.0,
        "Net Income From Continuing Operation Net Minority Interest": 1972000.0,
        "Reconciled Depreciation": 63000.0,
        "Reconciled Cost Of Revenue": 14052000.0,
        "EBITDA": 1453000.0,
        "EBIT": 1390000.0,
        "Net Interest Income": 75000.0,
        "Interest Income": 75000.0,
        "Normalized Income": 2017030.0,
        "Net Income From Continuing And Discontinued Operation": 1972000.0,
        "Total Expenses": 24598000.0,
        "Total Operating Income As Reported": 1333000.0,
        "Diluted Average Shares": 18187075.0,
        "Basic Average Shares": 18165611.0,
        "Diluted EPS": 0.11,
        "Basic EPS": 0.11,
        "Diluted NI Availto Com Stockholders": 1972000.0,
        "Net Income Common Stockholders": 1972000.0,
        "Net Income": 1972000.0,
        "Net Income Including Noncontrolling Interests": 1972000.0,
        "Net Income Continuous Operations": 1972000.0,
        "Tax Provision": -434000.0,
        "Pretax Income": 1538000.0,
        "Other Income Expense": 148000.0,
        "Other Non Operating Income Expenses": 205000.0,
        "Special Income Charges": -57000.0,
        "Restructuring And Mergern Acquisition": 57000.0,
        "Gain On Sale Of Security": 114000.0,
        "Net Non Operating Interest Income Expense": 75000.0,
        "Interest Income Non Operating": 75000.0,
        "Operating Income": 1390000.0,
        "Operating Expense": 10546000.0,
        "Depreciation Amortization Depletion Income Statement": 63000.0,
        "Depreciation And Amortization In Income Statement": 63000.0,
        "Amortization": 63000.0,
        "Amortization Of Intangibles Income Statement": 63000.0,
        "Research And Development": 3178000.0,
        "Selling General And Administration": 7305000.0,
        "Selling And Marketing Expense": 3600000.0,
        "General And Administrative Expense": 3705000.0,
        "Other Gand A": 3705000.0,
        "Gross Profit": 11936000.0,
        "Cost Of Revenue": 14052000.0,
        "Total Revenue": 25988000.0,
        "Operating Revenue": 25988000.0
    },
    "2022-06-30": {
        "Tax Effect Of Unusual Items": -16940.0,
        "Tax Rate For Calcs": 0.07,
        "Normalized EBITDA": 1754000.0,
        "Total Unusual Items": -242000.0,
        "Total Unusual Items Excluding Goodwill": -242000.0,
        "Net Income From Continuing Operation Net Minority Interest": 411000.0,
        "Reconciled Depreciation": 867000.0,
        "Reconciled Cost Of Revenue": 12749000.0,
        "EBITDA": 1512000.0,
        "EBIT": 645000.0,
        "Net Interest Income": 36000.0,
        "Interest Income": 36000.0,
        "Normalized Income": 636060.0,
        "Net Income From Continuing And Discontinued Operation": 411000.0,
        "Total Expenses": 24331000.0,
        "Total Operating Income As Reported": 328000.0,
        "Diluted Average Shares": 18156561.0,
        "Basic Average Shares": 18156561.0,
        "Diluted EPS": 0.02,
        "Basic EPS": 0.02,
        "Diluted NI Availto Com Stockholders": 411000.0,
        "Net Income Common Stockholders": 411000.0,
        "Net Income": 411000.0,
        "Net Income Including Noncontrolling Interests": 411000.0,
        "Net Income Continuous Operations": 411000.0,
        "Tax Provision": 31000.0,
        "Pretax Income": 442000.0,
        "Other Income Expense": -239000.0,
        "Other Non Operating Income Expenses": 3000.0,
        "Special Income Charges": -317000.0,
        "Restructuring And Mergern Acquisition": 317000.0,
        "Gain On Sale Of Security": 75000.0,
        "Net Non Operating Interest Income Expense": 36000.0,
        "Interest Income Non Operating": 36000.0,
        "Operating Income": 645000.0,
        "Operating Expense": 10782000.0,
        "Depreciation Amortization Depletion Income Statement": 67000.0,
        "Depreciation And Amortization In Income Statement": 67000.0,
        "Amortization": 67000.0,
        "Amortization Of Intangibles Income Statement": 67000.0,
        "Research And Development": 3356000.0,
        "Selling General And Administration": 7359000.0,
        "Selling And Marketing Expense": 3908000.0,
        "General And Administrative Expense": 3451000.0,
        "Other Gand A": 3451000.0,
        "Gross Profit": 11427000.0,
        "Cost Of Revenue": 13549000.0,
        "Total Revenue": 24976000.0,
        "Operating Revenue": 24976000.0
    },
    "2022-03-31": {
        "Diluted EPS": -0.09,
        "Total Revenue": 23,
        "Gross Profit": 9,
        "Operating Income": -2,
        "EBIT": -1,
        "Net Income": -2
    },
    "2021-12-31": {
        "Diluted EPS": 0.02,
        "Total Revenue": 26,
        "Gross Profit": 12,
        "Operating Income": 0,
        "EBIT": 1,
        "Net Income": 0
    },
    "2021-09-30": {
        "Diluted EPS": 0.04,
        "Total Revenue": 22,
        "Gross Profit": 10,
        "Operating Income": 1,
        "EBIT": 2,
        "Net Income": 1
    },
    "2021-06-30": {
        "Diluted EPS": -0.01,
        "Total Revenue": 22,
        "Gross Profit": 10,
        "Operating Income": 0,
        "EBIT": 1,
        "Net Income": 0
    },
    "2021-03-31": {
        "Diluted EPS": -0.04,
        "Total Revenue": 18,
        "Gross Profit": 8,
        "Operating Income": -1,
        "EBIT": 0,
        "Net Income": -1
    },
    "2020-12-31": {
        "Diluted EPS": 0.1,
        "Total Revenue": 21,
        "Gross Profit": 11,
        "Operating Income": 2,
        "EBIT": 3,
        "Net Income": 2
    },
    "2020-09-30": {
        "Diluted EPS": 0.06,
        "Total Revenue": 19,
        "Gross Profit": 10,
        "Operating Income": 1,
        "EBIT": 2,
        "Net Income": 1
    },
    "2020-06-30": {
        "Diluted EPS": 0.07,
        "Total Revenue": 20,
        "Gross Profit": 10,
        "Operating Income": 1,
        "EBIT": 2,
        "Net Income": 1
    },
    "2020-03-31": {
        "Diluted EPS": -0.04,
        "Total Revenue": 18,
        "Gross Profit": 8,
        "Operating Income": -1,
        "EBIT": 0,
        "Net Income": -1
    },
    "2019-12-31": {
        "Diluted EPS": 0.11,
        "Total Revenue": 23,
        "Gross Profit": 12,
        "Operating Income": 2,
        "EBIT": 3,
        "Net Income": 2
    },
    "2019-09-30": {
        "Diluted EPS": 0.07,
        "Total Revenue": 24,
        "Gross Profit": 11,
        "Operating Income": 1,
        "EBIT": 2,
        "Net Income": 1
    },
    "2019-06-30": {
        "Diluted EPS": 0.05,
        "Total Revenue": 23,
        "Gross Profit": 11,
        "Operating Income": 1,
        "EBIT": 2,
        "Net Income": 1
    },
    "2019-03-31": {
        "Diluted EPS": -0.02,
        "Total Revenue": 21,
        "Gross Profit": 9,
        "Operating Income": 0,
        "EBIT": 0,
        "Net Income": 0
    },
    "2018-12-31": {
        "Diluted EPS": -0.53,
        "Total Revenue": 21,
        "Gross Profit": 9,
        "Operating Income": 0,
        "EBIT": 1,
        "Net Income": -9
    },
    "2018-09-30": {
        "Diluted EPS": -0.1,
        "Total Revenue": 18,
        "Gross Profit": 7,
        "Operating Income": -2,
        "EBIT": -1,
        "Net Income": -2
    },
    "2018-06-30": {
        "Diluted EPS": -0.07,
        "Total Revenue": 22,
        "Gross Profit": 8,
        "Operating Income": -2,
        "EBIT": -1,
        "Net Income": -1
    },
    "2018-03-31": {
        "Diluted EPS": -0.05,
        "Total Revenue": 22,
        "Gross Profit": 8,
        "Operating Income": -1,
        "EBIT": 0,
        "Net Income": -1
    },
    "2017-12-31": {
        "Diluted EPS": 0.19,
        "Total Revenue": 23,
        "Gross Profit": 10,
        "Operating Income": 1,
        "EBIT": 2,
        "Net Income": 3
    },
    "2017-09-30": {
        "Diluted EPS": 0.06,
        "Total Revenue": 24,
        "Gross Profit": 10,
        "Operating Income": 1,
        "EBIT": 2,
        "Net Income": 1
    },
    "2017-06-30": {
        "Diluted EPS": -0.02,
        "Total Revenue": 22,
        "Gross Profit": 9,
        "Operating Income": 0,
        "EBIT": 1,
        "Net Income": 0
    },
    "2017-03-31": {
        "Diluted EPS": 0.0,
        "Total Revenue": 23,
        "Gross Profit": 9,
        "Operating Income": 0,
        "EBIT": 1,
        "Net Income": 0
    },
    "2016-12-31": {
        "Diluted EPS": -0.32,
        "Total Revenue": 22,
        "Gross Profit": 10,
        "Operating Income": 2,
        "EBIT": 3,
        "Net Income": -5
    },
    "2016-09-30": {
        "Diluted EPS": 0.01,
        "Total Revenue": 21,
        "Gross Profit": 8,
        "Operating Income": 0,
        "EBIT": 1,
        "Net Income": 0
    },
    "2016-06-30": {
        "Diluted EPS": -0.69,
        "Total Revenue": 21,
        "Gross Profit": 9,
        "Operating Income": 0,
        "EBIT": 0,
        "Net Income": -11
    },
    "2016-03-31": {
        "Diluted EPS": -0.09,
        "Total Revenue": 21,
        "Gross Profit": 7,
        "Operating Income": -3,
        "EBIT": -1,
        "Net Income": -1
    },
    "2015-12-31": {
        "Diluted EPS": -0.05,
        "Total Revenue": 10,
        "Gross Profit": 7,
        "Operating Income": -1,
        "EBIT": -1,
        "Net Income": -1
    },
    "2015-09-30": {
        "Diluted EPS": -0.06,
        "Total Revenue": 27,
        "Gross Profit": 8,
        "Operating Income": -2,
        "EBIT": 0,
        "Net Income": -1
    },
    "2015-06-30": {
        "Diluted EPS": 0.02,
        "Total Revenue": 28,
        "Gross Profit": 9,
        "Operating Income": -2,
        "EBIT": 0,
        "Net Income": 0
    },
    "2015-03-31": {
        "Diluted EPS": -0.0,
        "Total Revenue": 26,
        "Gross Profit": 10,
        "Operating Income": 0,
        "EBIT": 1,
        "Net Income": 0
    },
    "2014-12-31": {
        "Diluted EPS": 0.11,
        "Total Revenue": 29,
        "Gross Profit": 12,
        "Operating Income": 2,
        "EBIT": 3,
        "Net Income": 2
    },
    "2014-09-30": {
        "Diluted EPS": 0.12,
        "Total Revenue": 28,
        "Gross Profit": 11,
        "Operating Income": 2,
        "EBIT": 3,
        "Net Income": 2
    },
    "2014-06-30": {
        "Diluted EPS": 0.03,
        "Total Revenue": 26,
        "Gross Profit": 11,
        "Operating Income": 1,
        "EBIT": 2,
        "Net Income": 1
    },
    "2014-03-31": {
        "Diluted EPS": -0.01,
        "Total Revenue": 24,
        "Gross Profit": 10,
        "Operating Income": 0,
        "EBIT": 1,
        "Net Income": 0
    },
    "2013-12-31": {
        "Diluted EPS": 0.03,
        "Total Revenue": 26,
        "Gross Profit": 11,
        "Operating Income": 0,
        "EBIT": -1,
        "Net Income": 0
    },
    "2013-09-30": {
        "Diluted EPS": 0.04,
        "Total Revenue": 26,
        "Gross Profit": 11,
        "Operating Income": 1,
        "EBIT": 5,
        "Net Income": 1
    },
    "2013-06-30": {
        "Diluted EPS": 0.01,
        "Total Revenue": 27,
        "Gross Profit": 11,
        "Operating Income": 0,
        "EBIT": 2,
        "Net Income": 0
    },
    "2013-03-31": {
        "Diluted EPS": 0.1,
        "Total Revenue": 25,
        "Gross Profit": 10,
        "Operating Income": -1,
        "EBIT": 0,
        "Net Income": 2
    },
    "2012-12-31": {
        "Diluted EPS": -0.48,
        "Total Revenue": 26,
        "Gross Profit": 10,
        "Operating Income": -11,
        "EBIT": -10,
        "Net Income": -8
    },
    "2012-09-30": {
        "Diluted EPS": 0.02,
        "Total Revenue": 26,
        "Gross Profit": 10,
        "Operating Income": 1,
        "EBIT": 3,
        "Net Income": 0
    },
    "2012-06-30": {
        "Diluted EPS": -0.02,
        "Total Revenue": 20,
        "Gross Profit": 9,
        "Operating Income": 1,
        "EBIT": 2,
        "Net Income": 0
    },
    "2012-03-31": {
        "Diluted EPS": -0.05,
        "Total Revenue": 17,
        "Gross Profit": 7,
        "Operating Income": -2,
        "EBIT": 0,
        "Net Income": -1
    },
    "2011-12-31": {
        "Diluted EPS": 0.03,
        "Total Revenue": 20,
        "Gross Profit": 9,
        "Operating Income": 3,
        "EBIT": 4,
        "Net Income": 1
    },
    "2011-09-30": {
        "Diluted EPS": 0.02,
        "Total Revenue": 19,
        "Gross Profit": 9,
        "Operating Income": 0,
        "EBIT": 2,
        "Net Income": 0
    },
    "2011-06-30": {
        "Diluted EPS": 0.0,
        "Total Revenue": 19,
        "Gross Profit": 9,
        "Operating Income": 0,
        "EBIT": 1,
        "Net Income": 0
    },
    "2011-03-31": {
        "Diluted EPS": -0.04,
        "Total Revenue": 18,
        "Gross Profit": 8,
        "Operating Income": -1,
        "EBIT": 1,
        "Net Income": -1
    },
    "2010-12-31": {
        "Diluted EPS": -0.04,
        "Total Revenue": 19,
        "Gross Profit": 9,
        "Operating Income": -1,
        "EBIT": 0,
        "Net Income": -1
    },
    "2010-09-30": {
        "Diluted EPS": -0.05,
        "Total Revenue": 17,
        "Gross Profit": 7,
        "Operating Income": -1,
        "EBIT": 0,
        "Net Income": -1
    },
    "2010-06-30": {
        "Diluted EPS": -0.06,
        "Total Revenue": 18,
        "Gross Profit": 8,
        "Operating Income": -2,
        "EBIT": -1,
        "Net Income": -1
    },
    "2010-03-31": {
        "Diluted EPS": -0.05,
        "Total Revenue": 16,
        "Gross Profit": 7,
        "Operating Income": -1,
        "EBIT": 1,
        "Net Income": -1
    },
    "2009-12-31": {
        "Diluted EPS": -0.04,
        "Total Revenue": 15,
        "Gross Profit": 7,
        "Operating Income": -1,
        "EBIT": -1,
        "Net Income": -1
    },
    "2009-09-30": {
        "Diluted EPS": -0.04,
        "Total Revenue": 14,
        "Gross Profit": 6,
        "Operating Income": -1,
        "EBIT": -2,
        "Net Income": -1
    },
    "2009-06-30": {
        "Diluted EPS": -0.07,
        "Total Revenue": 13,
        "Gross Profit": 6,
        "Operating Income": -2,
        "EBIT": 0,
        "Net Income": -1
    },
    "2009-03-31": {
        "Diluted EPS": -0.11,
        "Total Revenue": 14,
        "Gross Profit": 7,
        "Operating Income": -3,
        "EBIT": 1,
        "Net Income": -2
    },
    "2023-06-30": {
        "Tax Effect Of Unusual Items": 12516.0,
        "Tax Rate For Calcs": 0.149,
        "Normalized EBITDA": 1358000.0,
        "Total Unusual Items": 84000.0,
        "Total Unusual Items Excluding Goodwill": 84000.0,
        "Net Income From Continuing Operation Net Minority Interest": 999000.0,
        "Reconciled Depreciation": 614000.0,
        "Reconciled Cost Of Revenue": 9932000.0,
        "EBITDA": 1442000.0,
        "EBIT": 828000.0,
        "Net Interest Income": 262000.0,
        "Interest Income": 262000.0,
        "Normalized Income": 927516.0,
        "Net Income From Continuing And Discontinued Operation": 999000.0,
        "Total Expenses": 19750000.0,
        "Total Operating Income As Reported": 828000.0,
        "Diluted Average Shares": 18821330.0,
        "Basic Average Shares": 18741208.0,
        "Diluted EPS": 0.05,
        "Basic EPS": 0.05,
        "Diluted NI Availto Com Stockholders": 999000.0,
        "Net Income Common Stockholders": 999000.0,
        "Net Income": 999000.0,
        "Net Income Including Noncontrolling Interests": 999000.0,
        "Net Income Continuous Operations": 999000.0,
        "Tax Provision": 175000.0,
        "Pretax Income": 1174000.0,
        "Other Income Expense": 84000.0,
        "Other Non Operating Income Expenses": NaN,
        "Special Income Charges": 0.0,
        "Restructuring And Mergern Acquisition": 0.0,
        "Gain On Sale Of Security": 84000.0,
        "Net Non Operating Interest Income Expense": 262000.0,
        "Interest Income Non Operating": 262000.0,
        "Operating Income": 828000.0,
        "Operating Expense": 9267000.0,
        "Depreciation Amortization Depletion Income Statement": 63000.0,
        "Depreciation And Amortization In Income Statement": 63000.0,
        "Amortization": 63000.0,
        "Amortization Of Intangibles Income Statement": 63000.0,
        "Research And Development": 3130000.0,
        "Selling General And Administration": 6074000.0,
        "Selling And Marketing Expense": 3220000.0,
        "General And Administrative Expense": 2854000.0,
        "Other Gand A": 2854000.0,
        "Gross Profit": 10095000.0,
        "Cost Of Revenue": 10483000.0,
        "Total Revenue": 20578000.0,
        "Operating Revenue": 20578000.0
    },
    "2023-09-30": {
        "Tax Effect Of Unusual Items": -11760.0,
        "Tax Rate For Calcs": 0.21,
        "Normalized EBITDA": 362000.0,
        "Total Unusual Items": -56000.0,
        "Total Unusual Items Excluding Goodwill": -56000.0,
        "Net Income From Continuing Operation Net Minority Interest": -110000.0,
        "Reconciled Depreciation": 627000.0,
        "Reconciled Cost Of Revenue": 9207000.0,
        "EBITDA": 306000.0,
        "EBIT": -321000.0,
        "Net Interest Income": 346000.0,
        "Interest Income": 346000.0,
        "Normalized Income": -65760.0,
        "Net Income From Continuing And Discontinued Operation": -110000.0,
        "Total Expenses": 17706000.0,
        "Total Operating Income As Reported": -321000.0,
        "Diluted Average Shares": 18817294.0,
        "Basic Average Shares": 18817294.0,
        "Diluted EPS": -0.01,
        "Basic EPS": -0.01,
        "Diluted NI Availto Com Stockholders": -110000.0,
        "Net Income Common Stockholders": -110000.0,
        "Net Income": -110000.0,
        "Net Income Including Noncontrolling Interests": -110000.0,
        "Net Income Continuous Operations": -110000.0,
        "Tax Provision": 77000.0,
        "Pretax Income": -33000.0,
        "Other Income Expense": -58000.0,
        "Other Non Operating Income Expenses": -2000.0,
        "Special Income Charges": 0.0,
        "Restructuring And Mergern Acquisition": 0.0,
        "Gain On Sale Of Security": -56000.0,
        "Net Non Operating Interest Income Expense": 346000.0,
        "Interest Income Non Operating": 346000.0,
        "Operating Income": -321000.0,
        "Operating Expense": 7933000.0,
        "Depreciation Amortization Depletion Income Statement": 61000.0,
        "Depreciation And Amortization In Income Statement": 61000.0,
        "Amortization": 61000.0,
        "Amortization Of Intangibles Income Statement": 61000.0,
        "Research And Development": 2881000.0,
        "Selling General And Administration": 4991000.0,
        "Selling And Marketing Expense": 2487000.0,
        "General And Administrative Expense": 2504000.0,
        "Other Gand A": 2504000.0,
        "Gross Profit": 7612000.0,
        "Cost Of Revenue": 9773000.0,
        "Total Revenue": 17385000.0,
        "Operating Revenue": 17385000.0
    }
}