{
    "2023-03-31": {
        "Tax Effect Of Unusual Items": NaN,
        "Tax Rate For Calcs": NaN,
        "Normalized EBITDA": NaN,
        "Net Income From Continuing Operation Net Minority Interest": NaN,
        "Reconciled Depreciation": NaN,
        "Reconciled Cost Of Revenue": NaN,
        "EBITDA": NaN,
        "EBIT": NaN,
        "Normalized Income": NaN,
        "Net Income From Continuing And Discontinued Operation": NaN,
        "Total Expenses": NaN,
        "Total Operating Income As Reported": NaN,
        "Diluted Average Shares": 56555000.0,
        "Basic Average Shares": 55788000.0,
        "Diluted EPS": 1.02,
        "Basic EPS": 1.03,
        "Diluted NI Availto Com Stockholders": NaN,
        "Net Income Common Stockholders": NaN,
        "Net Income": NaN,
        "Net Income Including Noncontrolling Interests": NaN,
        "Net Income Continuous Operations": NaN,
        "Tax Provision": NaN,
        "Pretax Income": NaN,
        "Other Income Expense": NaN,
        "Other Non Operating Income Expenses": NaN,
        "Operating Income": NaN,
        "Operating Expense": NaN,
        "Research And Development": NaN,
        "Selling General And Administration": NaN,
        "Selling And Marketing Expense": NaN,
        "General And Administrative Expense": NaN,
        "Other Gand A": NaN,
        "Gross Profit": NaN,
        "Cost Of Revenue": NaN,
        "Total Revenue": NaN,
        "Operating Revenue": NaN
    },
    "2022-12-31": {
        "Tax Effect Of Unusual Items": 0.0,
        "Tax Rate For Calcs": 0.143,
        "Normalized EBITDA": 33035000.0,
        "Net Income From Continuing Operation Net Minority Interest": 15600000.0,
        "Reconciled Depreciation": 14827000.0,
        "Reconciled Cost Of Revenue": 90076000.0,
        "EBITDA": 33035000.0,
        "EBIT": 18208000.0,
        "Normalized Income": 15600000.0,
        "Net Income From Continuing And Discontinued Operation": 15600000.0,
        "Total Expenses": 254800000.0,
        "Total Operating Income As Reported": 18208000.0,
        "Diluted Average Shares": 56474000.0,
        "Basic Average Shares": 55721000.0,
        "Diluted EPS": 0.28,
        "Basic EPS": 0.28,
        "Diluted NI Availto Com Stockholders": 15600000.0,
        "Net Income Common Stockholders": 15600000.0,
        "Net Income": 15600000.0,
        "Net Income Including Noncontrolling Interests": 15600000.0,
        "Net Income Continuous Operations": 15600000.0,
        "Tax Provision": 2603000.0,
        "Pretax Income": 18203000.0,
        "Other Income Expense": -5000.0,
        "Other Non Operating Income Expenses": -5000.0,
        "Operating Income": 18208000.0,
        "Operating Expense": 164724000.0,
        "Research And Development": 41029000.0,
        "Selling General And Administration": 123695000.0,
        "Selling And Marketing Expense": 75694000.0,
        "General And Administrative Expense": 48001000.0,
        "Other Gand A": 48001000.0,
        "Gross Profit": 182932000.0,
        "Cost Of Revenue": 90076000.0,
        "Total Revenue": 273008000.0,
        "Operating Revenue": 273008000.0
    },
    "2022-09-30": {
        "Tax Effect Of Unusual Items": 0.0,
        "Tax Rate For Calcs": 0.21,
        "Normalized EBITDA": 21356000.0,
        "Net Income From Continuing Operation Net Minority Interest": 30352000.0,
        "Reconciled Depreciation": 14267000.0,
        "Reconciled Cost Of Revenue": 84543000.0,
        "EBITDA": 21356000.0,
        "EBIT": 7089000.0,
        "Normalized Income": 30352000.0,
        "Net Income From Continuing And Discontinued Operation": 30352000.0,
        "Total Expenses": 246191000.0,
        "Total Operating Income As Reported": 7089000.0,
        "Diluted Average Shares": 56664000.0,
        "Basic Average Shares": 55453000.0,
        "Diluted EPS": 0.54,
        "Basic EPS": 0.55,
        "Diluted NI Availto Com Stockholders": 30352000.0,
        "Net Income Common Stockholders": 30352000.0,
        "Net Income": 30352000.0,
        "Net Income Including Noncontrolling Interests": 30352000.0,
        "Net Income Continuous Operations": 30352000.0,
        "Tax Provision": -23426000.0,
        "Pretax Income": 6926000.0,
        "Other Income Expense": -163000.0,
        "Other Non Operating Income Expenses": -163000.0,
        "Operating Income": 7089000.0,
        "Operating Expense": 161648000.0,
        "Research And Development": 40093000.0,
        "Selling General And Administration": 121555000.0,
        "Selling And Marketing Expense": 71063000.0,
        "General And Administrative Expense": 50492000.0,
        "Other Gand A": 50492000.0,
        "Gross Profit": 168737000.0,
        "Cost Of Revenue": 84543000.0,
        "Total Revenue": 253280000.0,
        "Operating Revenue": 253280000.0
    },
    "2022-06-30": {
        "Tax Effect Of Unusual Items": 0.0,
        "Tax Rate For Calcs": 0.186967,
        "Normalized EBITDA": 32625000.0,
        "Net Income From Continuing Operation Net Minority Interest": 15146000.0,
        "Reconciled Depreciation": 13799000.0,
        "Reconciled Cost Of Revenue": 77394000.0,
        "EBITDA": 32625000.0,
        "EBIT": 18826000.0,
        "Normalized Income": 15146000.0,
        "Net Income From Continuing And Discontinued Operation": 15146000.0,
        "Total Expenses": 210121000.0,
        "Total Operating Income As Reported": 18826000.0,
        "Diluted Average Shares": 56469000.0,
        "Basic Average Shares": 55156000.0,
        "Diluted EPS": 0.27,
        "Basic EPS": 0.27,
        "Diluted NI Availto Com Stockholders": 15146000.0,
        "Net Income Common Stockholders": 15146000.0,
        "Net Income": 15146000.0,
        "Net Income Including Noncontrolling Interests": 15146000.0,
        "Net Income Continuous Operations": 15146000.0,
        "Tax Provision": 3483000.0,
        "Pretax Income": 18629000.0,
        "Other Income Expense": -197000.0,
        "Other Non Operating Income Expenses": -197000.0,
        "Operating Income": 18826000.0,
        "Operating Expense": 132727000.0,
        "Research And Development": 28884000.0,
        "Selling General And Administration": 103843000.0,
        "Selling And Marketing Expense": 59599000.0,
        "General And Administrative Expense": 44244000.0,
        "Other Gand A": 44244000.0,
        "Gross Profit": 151553000.0,
        "Cost Of Revenue": 77394000.0,
        "Total Revenue": 228947000.0,
        "Operating Revenue": 228947000.0
    },
    "2023-06-30": {
        "Tax Effect Of Unusual Items": 0.0,
        "Tax Rate For Calcs": 0.28315,
        "Normalized EBITDA": 65737000.0,
        "Net Income From Continuing Operation Net Minority Interest": 37254000.0,
        "Reconciled Depreciation": 16385000.0,
        "Reconciled Cost Of Revenue": 96706000.0,
        "EBITDA": 65737000.0,
        "EBIT": 49352000.0,
        "Normalized Income": 37254000.0,
        "Net Income From Continuing And Discontinued Operation": 37254000.0,
        "Total Expenses": 259101000.0,
        "Total Operating Income As Reported": 49352000.0,
        "Diluted Average Shares": 56665000.0,
        "Basic Average Shares": 55864000.0,
        "Diluted EPS": 0.66,
        "Basic EPS": 0.67,
        "Diluted NI Availto Com Stockholders": 37254000.0,
        "Net Income Common Stockholders": 37254000.0,
        "Net Income": 37254000.0,
        "Net Income Including Noncontrolling Interests": 37254000.0,
        "Net Income Continuous Operations": 37254000.0,
        "Tax Provision": 14715000.0,
        "Pretax Income": 51969000.0,
        "Other Income Expense": 2617000.0,
        "Other Non Operating Income Expenses": 2617000.0,
        "Operating Income": 49352000.0,
        "Operating Expense": 162395000.0,
        "Research And Development": 40549000.0,
        "Selling General And Administration": 121846000.0,
        "Selling And Marketing Expense": 75895000.0,
        "General And Administrative Expense": 45951000.0,
        "Other Gand A": 45951000.0,
        "Gross Profit": 211747000.0,
        "Cost Of Revenue": 96706000.0,
        "Total Revenue": 308453000.0,
        "Operating Revenue": 308453000.0
    },
    "2022-03-31": {
        "Diluted EPS": 0.62,
        "Total Revenue": 246,
        "Gross Profit": 170,
        "Operating Income": 47,
        "EBIT": 61,
        "Net Income": 35
    },
    "2021-12-31": {
        "Diluted EPS": 0.17,
        "Total Revenue": 196,
        "Gross Profit": 125,
        "Operating Income": 8,
        "EBIT": 20,
        "Net Income": 10
    },
    "2021-09-30": {
        "Diluted EPS": 0.55,
        "Total Revenue": 182,
        "Gross Profit": 118,
        "Operating Income": 10,
        "EBIT": 22,
        "Net Income": 31
    },
    "2021-06-30": {
        "Diluted EPS": 0.22,
        "Total Revenue": 167,
        "Gross Profit": 108,
        "Operating Income": 9,
        "EBIT": 20,
        "Net Income": 11
    },
    "2021-03-31": {
        "Diluted EPS": 0.65,
        "Total Revenue": 186,
        "Gross Profit": 129,
        "Operating Income": 39,
        "EBIT": 50,
        "Net Income": 37
    },
    "2020-12-31": {
        "Diluted EPS": 0.17,
        "Total Revenue": 146,
        "Gross Profit": 93,
        "Operating Income": 6,
        "EBIT": 17,
        "Net Income": 10
    },
    "2020-09-30": {
        "Diluted EPS": 0.22,
        "Total Revenue": 136,
        "Gross Profit": 86,
        "Operating Income": 3,
        "EBIT": 14,
        "Net Income": 12
    },
    "2020-06-30": {
        "Diluted EPS": 0.08,
        "Total Revenue": 131,
        "Gross Profit": 85,
        "Operating Income": 6,
        "EBIT": 16,
        "Net Income": 6
    },
    "2020-03-31": {
        "Diluted EPS": 0.72,
        "Total Revenue": 172,
        "Gross Profit": 124,
        "Operating Income": 48,
        "EBIT": 57,
        "Net Income": 40
    },
    "2019-12-31": {
        "Diluted EPS": 0.1,
        "Total Revenue": 132,
        "Gross Profit": 87,
        "Operating Income": 6,
        "EBIT": 15,
        "Net Income": 5
    },
    "2019-09-30": {
        "Diluted EPS": 0.25,
        "Total Revenue": 127,
        "Gross Profit": 84,
        "Operating Income": 6,
        "EBIT": 14,
        "Net Income": 14
    },
    "2019-06-30": {
        "Diluted EPS": 0.18,
        "Total Revenue": 120,
        "Gross Profit": 80,
        "Operating Income": 9,
        "EBIT": 18,
        "Net Income": 10
    },
    "2019-03-31": {
        "Diluted EPS": 0.51,
        "Total Revenue": 140,
        "Gross Profit": 100,
        "Operating Income": 36,
        "EBIT": 44,
        "Net Income": 28
    },
    "2018-12-31": {
        "Diluted EPS": 0.1,
        "Total Revenue": 107,
        "Gross Profit": 69,
        "Operating Income": 7,
        "EBIT": 15,
        "Net Income": 6
    },
    "2018-09-30": {
        "Diluted EPS": 0.18,
        "Total Revenue": 101,
        "Gross Profit": 65,
        "Operating Income": 4,
        "EBIT": 12,
        "Net Income": 10
    },
    "2018-06-30": {
        "Diluted EPS": -0.03,
        "Total Revenue": 97,
        "Gross Profit": 58,
        "Operating Income": -5,
        "EBIT": 4,
        "Net Income": -2
    },
    "2018-03-31": {
        "Diluted EPS": 0.71,
        "Total Revenue": 113,
        "Gross Profit": 75,
        "Operating Income": 20,
        "EBIT": 28,
        "Net Income": 39
    },
    "2017-12-31": {
        "Diluted EPS": 0.01,
        "Total Revenue": 86,
        "Gross Profit": 49,
        "Operating Income": 0,
        "EBIT": 7,
        "Net Income": 0
    },
    "2017-09-30": {
        "Diluted EPS": 0.01,
        "Total Revenue": 82,
        "Gross Profit": 47,
        "Operating Income": 1,
        "EBIT": 7,
        "Net Income": 1
    },
    "2017-06-30": {
        "Diluted EPS": -0.07,
        "Total Revenue": 76,
        "Gross Profit": 43,
        "Operating Income": -3,
        "EBIT": 3,
        "Net Income": -4
    },
    "2017-03-31": {
        "Diluted EPS": 0.27,
        "Total Revenue": 90,
        "Gross Profit": 58,
        "Operating Income": 15,
        "EBIT": 20,
        "Net Income": 15
    },
    "2016-12-31": {
        "Diluted EPS": -0.03,
        "Total Revenue": 69,
        "Gross Profit": 38,
        "Operating Income": -2,
        "EBIT": 3,
        "Net Income": -2
    },
    "2016-09-30": {
        "Diluted EPS": -0.05,
        "Total Revenue": 65,
        "Gross Profit": 37,
        "Operating Income": -3,
        "EBIT": 2,
        "Net Income": -3
    },
    "2016-06-30": {
        "Diluted EPS": -0.11,
        "Total Revenue": 60,
        "Gross Profit": 33,
        "Operating Income": -5,
        "EBIT": -1,
        "Net Income": -5
    },
    "2016-03-31": {
        "Diluted EPS": 0.12,
        "Total Revenue": 71,
        "Gross Profit": 43,
        "Operating Income": 6,
        "EBIT": 10,
        "Net Income": 6
    },
    "2015-12-31": {
        "Diluted EPS": -0.02,
        "Total Revenue": 55,
        "Gross Profit": 31,
        "Operating Income": -1,
        "EBIT": 2,
        "Net Income": -1
    },
    "2015-09-30": {
        "Diluted EPS": -0.07,
        "Total Revenue": 45,
        "Gross Profit": 25,
        "Operating Income": -3,
        "EBIT": -1,
        "Net Income": -3
    },
    "2015-06-30": {
        "Diluted EPS": -0.08,
        "Total Revenue": 40,
        "Gross Profit": 22,
        "Operating Income": -4,
        "EBIT": -2,
        "Net Income": -4
    },
    "2015-03-31": {
        "Diluted EPS": 0.03,
        "Total Revenue": 47,
        "Gross Profit": 28,
        "Operating Income": 2,
        "EBIT": 4,
        "Net Income": 2
    },
    "2014-12-31": {
        "Diluted EPS": -0.13,
        "Total Revenue": 34,
        "Gross Profit": 16,
        "Operating Income": -6,
        "EBIT": -4,
        "Net Income": -6
    },
    "2014-09-30": {
        "Diluted EPS": -0.1,
        "Total Revenue": 31,
        "Gross Profit": 16,
        "Operating Income": -5,
        "EBIT": -3,
        "Net Income": -5
    },
    "2014-06-30": {
        "Diluted EPS": -0.17,
        "Total Revenue": 29,
        "Gross Profit": 14,
        "Operating Income": -6,
        "EBIT": -5,
        "Net Income": -7
    },
    "2014-03-31": {
        "Diluted EPS": 0.01,
        "Total Revenue": 34,
        "Gross Profit": 19,
        "Operating Income": 2,
        "EBIT": 4,
        "Net Income": 0
    },
    "2013-12-31": {
        "Diluted EPS": -0.07,
        "Total Revenue": 24,
        "Gross Profit": 11,
        "Operating Income": -2,
        "EBIT": -1,
        "Net Income": -2
    },
    "2013-09-30": {
        "Diluted EPS": -0.03,
        "Total Revenue": 22,
        "Gross Profit": 11,
        "Operating Income": 0,
        "EBIT": 1,
        "Net Income": -1
    },
    "2013-06-30": {
        "Diluted EPS": 0.0,
        "Total Revenue": NaN,
        "Gross Profit": NaN,
        "Operating Income": NaN,
        "EBIT": NaN,
        "Net Income": NaN
    },
    "2013-03-31": {
        "Diluted EPS": 0.03,
        "Total Revenue": 24,
        "Gross Profit": 13,
        "Operating Income": 3,
        "EBIT": 3,
        "Net Income": 1
    },
    "2012-06-30": {
        "Diluted EPS": 0.0,
        "Total Revenue": NaN,
        "Gross Profit": NaN,
        "Operating Income": NaN,
        "EBIT": NaN,
        "Net Income": NaN
    },
    "2011-06-30": {
        "Diluted EPS": 0.0,
        "Total Revenue": NaN,
        "Gross Profit": NaN,
        "Operating Income": NaN,
        "EBIT": NaN,
        "Net Income": NaN
    },
    "2023-09-30": {
        "Tax Effect Of Unusual Items": 0.0,
        "Tax Rate For Calcs": 0.223,
        "Normalized EBITDA": 81265000.0,
        "Net Income From Continuing Operation Net Minority Interest": 49573000.0,
        "Reconciled Depreciation": 17121000.0,
        "Reconciled Cost Of Revenue": 114960000.0,
        "EBITDA": 81265000.0,
        "EBIT": 64144000.0,
        "Normalized Income": 49573000.0,
        "Net Income From Continuing And Discontinued Operation": 49573000.0,
        "Total Expenses": 298812000.0,
        "Total Operating Income As Reported": 64144000.0,
        "Diluted Average Shares": 56266000.0,
        "Basic Average Shares": 55640000.0,
        "Diluted EPS": 0.88,
        "Basic EPS": 0.89,
        "Diluted NI Availto Com Stockholders": 49573000.0,
        "Net Income Common Stockholders": 49573000.0,
        "Net Income": 49573000.0,
        "Net Income Including Noncontrolling Interests": 49573000.0,
        "Net Income Continuous Operations": 49573000.0,
        "Tax Provision": 19313000.0,
        "Pretax Income": 68886000.0,
        "Other Income Expense": 4742000.0,
        "Other Non Operating Income Expenses": 4742000.0,
        "Operating Income": 64144000.0,
        "Operating Expense": 183852000.0,
        "Research And Development": 47260000.0,
        "Selling General And Administration": 136592000.0,
        "Selling And Marketing Expense": 88431000.0,
        "General And Administrative Expense": 48161000.0,
        "Other Gand A": 48161000.0,
        "Gross Profit": 247996000.0,
        "Cost Of Revenue": 114960000.0,
        "Total Revenue": 362956000.0,
        "Operating Revenue": 362956000.0
    },
    "2023-12-31": {
        "Tax Effect Of Unusual Items": 0.0,
        "Tax Rate For Calcs": 0.288,
        "Normalized EBITDA": 68086000.0,
        "Net Income From Continuing Operation Net Minority Interest": 38116000.0,
        "Reconciled Depreciation": 18380000.0,
        "Reconciled Cost Of Revenue": 107399000.0,
        "EBITDA": 68086000.0,
        "EBIT": 49706000.0,
        "Normalized Income": 38116000.0,
        "Net Income From Continuing And Discontinued Operation": 38116000.0,
        "Total Expenses": 276655000.0,
        "Total Operating Income As Reported": 49706000.0,
        "Diluted Average Shares": 56855000.0,
        "Basic Average Shares": 56244000.0,
        "Diluted EPS": 0.67,
        "Basic EPS": 0.68,
        "Diluted NI Availto Com Stockholders": 38116000.0,
        "Net Income Common Stockholders": 38116000.0,
        "Net Income": 38116000.0,
        "Net Income Including Noncontrolling Interests": 38116000.0,
        "Net Income Continuous Operations": 38116000.0,
        "Tax Provision": 15390000.0,
        "Pretax Income": 53506000.0,
        "Other Income Expense": 3800000.0,
        "Other Non Operating Income Expenses": 3800000.0,
        "Operating Income": 49706000.0,
        "Operating Expense": 169256000.0,
        "Research And Development": 46139000.0,
        "Selling General And Administration": 123117000.0,
        "Selling And Marketing Expense": 79777000.0,
        "General And Administrative Expense": 43340000.0,
        "Other Gand A": 43340000.0,
        "Gross Profit": 218962000.0,
        "Cost Of Revenue": 107399000.0,
        "Total Revenue": 326361000.0,
        "Operating Revenue": 326361000.0
    },
    "2024-03-31": {
        "Tax Effect Of Unusual Items": NaN,
        "Tax Rate For Calcs": NaN,
        "Normalized EBITDA": NaN,
        "Net Income From Continuing Operation Net Minority Interest": NaN,
        "Reconciled Depreciation": NaN,
        "Reconciled Cost Of Revenue": NaN,
        "EBITDA": NaN,
        "EBIT": NaN,
        "Normalized Income": NaN,
        "Net Income From Continuing And Discontinued Operation": NaN,
        "Total Expenses": NaN,
        "Total Operating Income As Reported": NaN,
        "Diluted Average Shares": 57048000.0,
        "Basic Average Shares": 56369000.0,
        "Diluted EPS": 1.5,
        "Basic EPS": 1.51,
        "Diluted NI Availto Com Stockholders": NaN,
        "Net Income Common Stockholders": NaN,
        "Net Income": NaN,
        "Net Income Including Noncontrolling Interests": NaN,
        "Net Income Continuous Operations": NaN,
        "Tax Provision": NaN,
        "Pretax Income": NaN,
        "Other Income Expense": NaN,
        "Other Non Operating Income Expenses": NaN,
        "Operating Income": NaN,
        "Operating Expense": NaN,
        "Research And Development": NaN,
        "Selling General And Administration": NaN,
        "Selling And Marketing Expense": NaN,
        "General And Administrative Expense": NaN,
        "Other Gand A": NaN,
        "Gross Profit": NaN,
        "Cost Of Revenue": NaN,
        "Total Revenue": NaN,
        "Operating Revenue": NaN
    },
    "2024-06-30": {
        "Tax Effect Of Unusual Items": 0.0,
        "Tax Rate For Calcs": 0.287127,
        "Normalized EBITDA": 83556000.0,
        "Net Income From Continuing Operation Net Minority Interest": 48819000.0,
        "Reconciled Depreciation": 20647000.0,
        "Reconciled Cost Of Revenue": 116880000.0,
        "EBITDA": 83556000.0,
        "EBIT": 62909000.0,
        "Normalized Income": 48819000.0,
        "Net Income From Continuing And Discontinued Operation": 48819000.0,
        "Total Expenses": 294378000.0,
        "Total Operating Income As Reported": 62909000.0,
        "Diluted Average Shares": 56890000.0,
        "Basic Average Shares": 56209000.0,
        "Diluted EPS": 0.86,
        "Basic EPS": 0.87,
        "Diluted NI Availto Com Stockholders": 48819000.0,
        "Net Income Common Stockholders": 48819000.0,
        "Net Income": 48819000.0,
        "Net Income Including Noncontrolling Interests": 48819000.0,
        "Net Income Continuous Operations": 48819000.0,
        "Tax Provision": 19663000.0,
        "Pretax Income": 68482000.0,
        "Other Income Expense": 5573000.0,
        "Other Non Operating Income Expenses": 5573000.0,
        "Operating Income": 62909000.0,
        "Operating Expense": 177498000.0,
        "Research And Development": 44203000.0,
        "Selling General And Administration": 133295000.0,
        "Selling And Marketing Expense": 88014000.0,
        "General And Administrative Expense": 45281000.0,
        "Other Gand A": 45281000.0,
        "Gross Profit": 240407000.0,
        "Cost Of Revenue": 116880000.0,
        "Total Revenue": 357287000.0,
        "Operating Revenue": 357287000.0
    },
    "2024-09-30": {
        "Tax Effect Of Unusual Items": 0.0,
        "Tax Rate For Calcs": 0.28,
        "Normalized EBITDA": 62741000.0,
        "Net Income From Continuing Operation Net Minority Interest": 34517000.0,
        "Reconciled Depreciation": 21552000.0,
        "Reconciled Cost Of Revenue": 101467000.0,
        "EBITDA": 62741000.0,
        "EBIT": 41189000.0,
        "Normalized Income": 34517000.0,
        "Net Income From Continuing And Discontinued Operation": 34517000.0,
        "Total Expenses": 276397000.0,
        "Total Operating Income As Reported": 41189000.0,
        "Diluted Average Shares": 56266000.0,
        "Basic Average Shares": 55640000.0,
        "Diluted EPS": 0.88,
        "Basic EPS": 0.89,
        "Diluted NI Availto Com Stockholders": 34517000.0,
        "Net Income Common Stockholders": 34517000.0,
        "Net Income": 34517000.0,
        "Net Income Including Noncontrolling Interests": 34517000.0,
        "Net Income Continuous Operations": 34517000.0,
        "Tax Provision": 9897000.0,
        "Pretax Income": 44414000.0,
        "Other Income Expense": 3225000.0,
        "Other Non Operating Income Expenses": 3225000.0,
        "Operating Income": 41189000.0,
        "Operating Expense": 174930000.0,
        "Research And Development": 44605000.0,
        "Selling General And Administration": 130325000.0,
        "Selling And Marketing Expense": 80403000.0,
        "General And Administrative Expense": 49922000.0,
        "Other Gand A": 49922000.0,
        "Gross Profit": 216119000.0,
        "Cost Of Revenue": 101467000.0,
        "Total Revenue": 317586000.0,
        "Operating Revenue": 317586000.0
    },
    "2024-12-31": {
        "Tax Effect Of Unusual Items": 0.0,
        "Tax Rate For Calcs": 0.2,
        "Normalized EBITDA": 72283000.0,
        "Net Income From Continuing Operation Net Minority Interest": 37465000.0,
        "Reconciled Depreciation": 25660000.0,
        "Reconciled Cost Of Revenue": 124545000.0,
        "EBITDA": 72283000.0,
        "EBIT": 46623000.0,
        "Normalized Income": 37465000.0,
        "Net Income From Continuing And Discontinued Operation": 37465000.0,
        "Total Expenses": 330357000.0,
        "Total Operating Income As Reported": 46623000.0,
        "Diluted Average Shares": 56740000.0,
        "Basic Average Shares": 55826000.0,
        "Diluted EPS": 0.66,
        "Basic EPS": 0.67,
        "Diluted NI Availto Com Stockholders": 37465000.0,
        "Net Income Common Stockholders": 37465000.0,
        "Net Income": 37465000.0,
        "Net Income Including Noncontrolling Interests": 37465000.0,
        "Net Income Continuous Operations": 37465000.0,
        "Tax Provision": 9351000.0,
        "Pretax Income": 46816000.0,
        "Other Income Expense": 193000.0,
        "Other Non Operating Income Expenses": 193000.0,
        "Operating Income": 46623000.0,
        "Operating Expense": 205812000.0,
        "Research And Development": 56155000.0,
        "Selling General And Administration": 149657000.0,
        "Selling And Marketing Expense": 93133000.0,
        "General And Administrative Expense": 56524000.0,
        "Other Gand A": 56524000.0,
        "Gross Profit": 252435000.0,
        "Cost Of Revenue": 124545000.0,
        "Total Revenue": 376980000.0,
        "Operating Revenue": 376980000.0
    },
    "2025-03-31": {
        "Tax Effect Of Unusual Items": 0.0,
        "Tax Rate For Calcs": 0.277,
        "Normalized EBITDA": 153002000.0,
        "Net Income From Continuing Operation Net Minority Interest": 91483000.0,
        "Reconciled Depreciation": 25972000.0,
        "Reconciled Cost Of Revenue": 129853000.0,
        "EBITDA": 153002000.0,
        "EBIT": 127030000.0,
        "Normalized Income": 91483000.0,
        "Net Income From Continuing And Discontinued Operation": 91483000.0,
        "Total Expenses": 327518000.0,
        "Total Operating Income As Reported": 127030000.0,
        "Diluted Average Shares": 56780000.0,
        "Basic Average Shares": 55810000.0,
        "Diluted EPS": 1.61,
        "Basic EPS": 1.64,
        "Diluted NI Availto Com Stockholders": 91483000.0,
        "Net Income Common Stockholders": 91483000.0,
        "Net Income": 91483000.0,
        "Net Income Including Noncontrolling Interests": 91483000.0,
        "Net Income Continuous Operations": 91483000.0,
        "Tax Provision": 35079000.0,
        "Pretax Income": 126562000.0,
        "Other Income Expense": -468000.0,
        "Other Non Operating Income Expenses": -468000.0,
        "Operating Income": 127030000.0,
        "Operating Expense": 197665000.0,
        "Research And Development": 51396000.0,
        "Selling General And Administration": 146269000.0,
        "Selling And Marketing Expense": 91774000.0,
        "General And Administrative Expense": 54495000.0,
        "Other Gand A": 54495000.0,
        "Gross Profit": 324695000.0,
        "Cost Of Revenue": 129853000.0,
        "Total Revenue": 454548000.0,
        "Operating Revenue": 454548000.0
    },
    "2025-06-30": {
        "Tax Effect Of Unusual Items": 0.0,
        "Tax Rate For Calcs": 0.272354,
        "Normalized EBITDA": 92679000.0,
        "Net Income From Continuing Operation Net Minority Interest": 48606000.0,
        "Reconciled Depreciation": 26452000.0,
        "Reconciled Cost Of Revenue": 128865000.0,
        "EBITDA": 92679000.0,
        "EBIT": 66227000.0,
        "Normalized Income": 48606000.0,
        "Net Income From Continuing And Discontinued Operation": 48606000.0,
        "Total Expenses": 334510000.0,
        "Total Operating Income As Reported": 66227000.0,
        "Diluted Average Shares": NaN,
        "Basic Average Shares": NaN,
        "Diluted EPS": NaN,
        "Basic EPS": NaN,
        "Diluted NI Availto Com Stockholders": 48606000.0,
        "Net Income Common Stockholders": 48606000.0,
        "Net Income": 48606000.0,
        "Net Income Including Noncontrolling Interests": 48606000.0,
        "Net Income Continuous Operations": 48606000.0,
        "Tax Provision": 18193000.0,
        "Pretax Income": 66799000.0,
        "Other Income Expense": 572000.0,
        "Other Non Operating Income Expenses": 572000.0,
        "Operating Income": 66227000.0,
        "Operating Expense": 205645000.0,
        "Research And Development": 51040000.0,
        "Selling General And Administration": 154605000.0,
        "Selling And Marketing Expense": 100878000.0,
        "General And Administrative Expense": 53727000.0,
        "Other Gand A": 53727000.0,
        "Gross Profit": 271872000.0,
        "Cost Of Revenue": 128865000.0,
        "Total Revenue": 400737000.0,
        "Operating Revenue": 400737000.0
    }
}