{
    "2023-04-30": {
        "Tax Effect Of Unusual Items": NaN,
        "Tax Rate For Calcs": NaN,
        "Normalized EBITDA": NaN,
        "Total Unusual Items": NaN,
        "Total Unusual Items Excluding Goodwill": NaN,
        "Net Income From Continuing Operation Net Minority Interest": NaN,
        "Reconciled Depreciation": NaN,
        "Reconciled Cost Of Revenue": NaN,
        "EBITDA": NaN,
        "EBIT": NaN,
        "Net Interest Income": NaN,
        "Interest Expense": NaN,
        "Normalized Income": NaN,
        "Net Income From Continuing And Discontinued Operation": NaN,
        "Total Expenses": NaN,
        "Total Operating Income As Reported": NaN,
        "Diluted Average Shares": 97768000.0,
        "Basic Average Shares": 97224000.0,
        "Diluted EPS": 0.77,
        "Basic EPS": 0.77,
        "Diluted NI Availto Com Stockholders": NaN,
        "Net Income Common Stockholders": NaN,
        "Net Income": NaN,
        "Minority Interests": NaN,
        "Net Income Including Noncontrolling Interests": NaN,
        "Net Income Continuous Operations": NaN,
        "Tax Provision": NaN,
        "Pretax Income": NaN,
        "Other Income Expense": NaN,
        "Gain On Sale Of Security": NaN,
        "Net Non Operating Interest Income Expense": NaN,
        "Interest Expense Non Operating": NaN,
        "Operating Income": NaN,
        "Operating Expense": NaN,
        "Gross Profit": NaN,
        "Cost Of Revenue": NaN,
        "Total Revenue": NaN,
        "Operating Revenue": NaN
    },
    "2023-01-31": {
        "Tax Effect Of Unusual Items": NaN,
        "Tax Rate For Calcs": NaN,
        "Normalized EBITDA": NaN,
        "Total Unusual Items": NaN,
        "Total Unusual Items Excluding Goodwill": NaN,
        "Net Income From Continuing Operation Net Minority Interest": NaN,
        "Reconciled Depreciation": NaN,
        "Reconciled Cost Of Revenue": NaN,
        "EBITDA": NaN,
        "EBIT": NaN,
        "Net Interest Income": NaN,
        "Interest Expense": NaN,
        "Normalized Income": NaN,
        "Net Income From Continuing And Discontinued Operation": NaN,
        "Total Expenses": NaN,
        "Total Operating Income As Reported": NaN,
        "Diluted Average Shares": 97977000.0,
        "Basic Average Shares": 97327000.0,
        "Diluted EPS": 0.55,
        "Basic EPS": 0.55,
        "Diluted NI Availto Com Stockholders": NaN,
        "Net Income Common Stockholders": NaN,
        "Net Income": NaN,
        "Minority Interests": NaN,
        "Net Income Including Noncontrolling Interests": NaN,
        "Net Income Continuous Operations": NaN,
        "Tax Provision": NaN,
        "Pretax Income": NaN,
        "Other Income Expense": NaN,
        "Gain On Sale Of Security": NaN,
        "Net Non Operating Interest Income Expense": NaN,
        "Interest Expense Non Operating": NaN,
        "Operating Income": NaN,
        "Operating Expense": NaN,
        "Gross Profit": NaN,
        "Cost Of Revenue": NaN,
        "Total Revenue": NaN,
        "Operating Revenue": NaN
    },
    "2022-10-31": {
        "Tax Effect Of Unusual Items": 4405126.0,
        "Tax Rate For Calcs": 0.242,
        "Normalized EBITDA": 81007000.0,
        "Total Unusual Items": 18203000.0,
        "Total Unusual Items Excluding Goodwill": 18203000.0,
        "Net Income From Continuing Operation Net Minority Interest": 54073000.0,
        "Reconciled Depreciation": 20912000.0,
        "Reconciled Cost Of Revenue": 1298115000.0,
        "EBITDA": 99210000.0,
        "EBIT": 78298000.0,
        "Net Interest Income": -7544000.0,
        "Interest Expense": 7544000.0,
        "Normalized Income": 40275126.0,
        "Net Income From Continuing And Discontinued Operation": 54073000.0,
        "Total Expenses": 1566109000.0,
        "Total Operating Income As Reported": 60095000.0,
        "Diluted Average Shares": 97552000.0,
        "Basic Average Shares": 96913000.0,
        "Diluted EPS": 0.55,
        "Basic EPS": 0.55,
        "Diluted NI Availto Com Stockholders": 54073000.0,
        "Net Income Common Stockholders": 54073000.0,
        "Net Income": 54073000.0,
        "Minority Interests": 424000.0,
        "Net Income Including Noncontrolling Interests": 53649000.0,
        "Net Income Continuous Operations": 53649000.0,
        "Tax Provision": 17105000.0,
        "Pretax Income": 70754000.0,
        "Other Income Expense": 18203000.0,
        "Gain On Sale Of Security": 18203000.0,
        "Net Non Operating Interest Income Expense": -7544000.0,
        "Interest Expense Non Operating": 7544000.0,
        "Operating Income": 60095000.0,
        "Operating Expense": 267994000.0,
        "Gross Profit": 328089000.0,
        "Cost Of Revenue": 1298115000.0,
        "Total Revenue": 1626204000.0,
        "Operating Revenue": 1626204000.0
    },
    "2022-07-31": {
        "Tax Effect Of Unusual Items": 389820.0,
        "Tax Rate For Calcs": 0.219,
        "Normalized EBITDA": 55022000.0,
        "Total Unusual Items": 1780000.0,
        "Total Unusual Items Excluding Goodwill": 1780000.0,
        "Net Income From Continuing Operation Net Minority Interest": 24590000.0,
        "Reconciled Depreciation": 20178000.0,
        "Reconciled Cost Of Revenue": 1211132000.0,
        "EBITDA": 56802000.0,
        "EBIT": 36624000.0,
        "Net Interest Income": -5563000.0,
        "Interest Expense": 5563000.0,
        "Normalized Income": 23199820.0,
        "Net Income From Continuing And Discontinued Operation": 24590000.0,
        "Total Expenses": 1488421000.0,
        "Total Operating Income As Reported": 34844000.0,
        "Diluted Average Shares": 97794000.0,
        "Basic Average Shares": 96629000.0,
        "Diluted EPS": 0.25,
        "Basic EPS": 0.25,
        "Diluted NI Availto Com Stockholders": 24590000.0,
        "Net Income Common Stockholders": 24590000.0,
        "Net Income": 24590000.0,
        "Minority Interests": 330000.0,
        "Net Income Including Noncontrolling Interests": 24260000.0,
        "Net Income Continuous Operations": 24260000.0,
        "Tax Provision": 6801000.0,
        "Pretax Income": 31061000.0,
        "Other Income Expense": 1780000.0,
        "Other Non Operating Income Expenses": NaN,
        "Gain On Sale Of Security": 1780000.0,
        "Net Non Operating Interest Income Expense": -5563000.0,
        "Interest Expense Non Operating": 5563000.0,
        "Operating Income": 34844000.0,
        "Operating Expense": 277289000.0,
        "Gross Profit": 312133000.0,
        "Cost Of Revenue": 1211132000.0,
        "Total Revenue": 1523265000.0,
        "Operating Revenue": 1523265000.0
    },
    "2022-04-30": {
        "Diluted EPS": 0.64,
        "Total Revenue": NaN,
        "Gross Profit": 348,
        "Operating Income": 73,
        "EBIT": 93,
        "Net Income": 64
    },
    "2022-01-31": {
        "Diluted EPS": 0.58,
        "Total Revenue": NaN,
        "Gross Profit": 337,
        "Operating Income": 61,
        "EBIT": 81,
        "Net Income": 57
    },
    "2021-10-31": {
        "Diluted EPS": 0.49,
        "Total Revenue": NaN,
        "Gross Profit": 326,
        "Operating Income": 63,
        "EBIT": 83,
        "Net Income": 48
    },
    "2021-07-31": {
        "Diluted EPS": 0.35,
        "Total Revenue": NaN,
        "Gross Profit": 278,
        "Operating Income": -40,
        "EBIT": -19,
        "Net Income": 34
    },
    "2021-04-30": {
        "Diluted EPS": 0.3,
        "Total Revenue": NaN,
        "Gross Profit": 304,
        "Operating Income": 37,
        "EBIT": 58,
        "Net Income": 29
    },
    "2021-01-31": {
        "Diluted EPS": 0.5,
        "Total Revenue": NaN,
        "Gross Profit": 325,
        "Operating Income": 62,
        "EBIT": 81,
        "Net Income": 49
    },
    "2020-10-31": {
        "Diluted EPS": 0.56,
        "Total Revenue": NaN,
        "Gross Profit": 320,
        "Operating Income": 74,
        "EBIT": 93,
        "Net Income": 54
    },
    "2020-07-31": {
        "Diluted EPS": 0.25,
        "Total Revenue": NaN,
        "Gross Profit": 254,
        "Operating Income": 38,
        "EBIT": 58,
        "Net Income": 24
    },
    "2020-04-30": {
        "Diluted EPS": -6.46,
        "Total Revenue": NaN,
        "Gross Profit": 294,
        "Operating Income": -614,
        "EBIT": 81,
        "Net Income": -609
    },
    "2020-01-31": {
        "Diluted EPS": 0.24,
        "Total Revenue": NaN,
        "Gross Profit": 312,
        "Operating Income": 44,
        "EBIT": 73,
        "Net Income": 23
    },
    "2019-10-31": {
        "Diluted EPS": -0.35,
        "Total Revenue": NaN,
        "Gross Profit": 301,
        "Operating Income": -18,
        "EBIT": 2,
        "Net Income": -33
    },
    "2019-07-31": {
        "Diluted EPS": 0.32,
        "Total Revenue": NaN,
        "Gross Profit": 290,
        "Operating Income": 17,
        "EBIT": 37,
        "Net Income": 30
    },
    "2019-04-30": {
        "Diluted EPS": 0.3,
        "Total Revenue": NaN,
        "Gross Profit": 313,
        "Operating Income": 47,
        "EBIT": 67,
        "Net Income": 28
    },
    "2019-01-31": {
        "Diluted EPS": 0.33,
        "Total Revenue": NaN,
        "Gross Profit": 300,
        "Operating Income": 45,
        "EBIT": 66,
        "Net Income": 31
    },
    "2018-10-31": {
        "Diluted EPS": 0.31,
        "Total Revenue": NaN,
        "Gross Profit": 295,
        "Operating Income": 41,
        "EBIT": 62,
        "Net Income": 29
    },
    "2018-07-31": {
        "Diluted EPS": -0.05,
        "Total Revenue": NaN,
        "Gross Profit": 284,
        "Operating Income": 5,
        "EBIT": 25,
        "Net Income": -4
    },
    "2018-04-30": {
        "Diluted EPS": 0.22,
        "Total Revenue": NaN,
        "Gross Profit": 290,
        "Operating Income": 41,
        "EBIT": 62,
        "Net Income": 21
    },
    "2018-01-31": {
        "Diluted EPS": 1.18,
        "Total Revenue": NaN,
        "Gross Profit": 295,
        "Operating Income": 50,
        "EBIT": 71,
        "Net Income": 109
    },
    "2017-10-31": {
        "Diluted EPS": 0.43,
        "Total Revenue": NaN,
        "Gross Profit": 316,
        "Operating Income": 72,
        "EBIT": 92,
        "Net Income": 40
    },
    "2017-07-31": {
        "Diluted EPS": 0.33,
        "Total Revenue": NaN,
        "Gross Profit": 299,
        "Operating Income": 57,
        "EBIT": 78,
        "Net Income": 31
    },
    "2017-04-30": {
        "Diluted EPS": 0.65,
        "Total Revenue": NaN,
        "Gross Profit": 335,
        "Operating Income": 96,
        "EBIT": 117,
        "Net Income": 62
    },
    "2017-01-31": {
        "Diluted EPS": 0.26,
        "Total Revenue": NaN,
        "Gross Profit": 330,
        "Operating Income": 47,
        "EBIT": 104,
        "Net Income": 25
    },
    "2016-10-31": {
        "Diluted EPS": 0.48,
        "Total Revenue": NaN,
        "Gross Profit": 319,
        "Operating Income": 80,
        "EBIT": 101,
        "Net Income": 46
    },
    "2016-07-31": {
        "Diluted EPS": 0.4,
        "Total Revenue": NaN,
        "Gross Profit": 317,
        "Operating Income": 65,
        "EBIT": 86,
        "Net Income": 39
    },
    "2016-04-30": {
        "Diluted EPS": 0.66,
        "Total Revenue": NaN,
        "Gross Profit": 364,
        "Operating Income": 106,
        "EBIT": 130,
        "Net Income": 66
    },
    "2016-01-31": {
        "Diluted EPS": 0.59,
        "Total Revenue": NaN,
        "Gross Profit": 340,
        "Operating Income": 96,
        "EBIT": 116,
        "Net Income": 56
    },
    "2015-10-31": {
        "Diluted EPS": 0.36,
        "Total Revenue": NaN,
        "Gross Profit": 331,
        "Operating Income": 83,
        "EBIT": 112,
        "Net Income": 35
    },
    "2015-07-31": {
        "Diluted EPS": 0.3,
        "Total Revenue": NaN,
        "Gross Profit": 288,
        "Operating Income": 62,
        "EBIT": 77,
        "Net Income": 30
    },
    "2015-04-30": {
        "Diluted EPS": 0.65,
        "Total Revenue": NaN,
        "Gross Profit": 288,
        "Operating Income": 89,
        "EBIT": 102,
        "Net Income": 65
    },
    "2015-01-31": {
        "Diluted EPS": 0.55,
        "Total Revenue": 959,
        "Gross Profit": 262,
        "Operating Income": 77,
        "EBIT": 88,
        "Net Income": 55
    },
    "2014-10-31": {
        "Diluted EPS": 0.54,
        "Total Revenue": 978,
        "Gross Profit": 259,
        "Operating Income": 72,
        "EBIT": 83,
        "Net Income": 54
    },
    "2014-07-31": {
        "Diluted EPS": 0.5,
        "Total Revenue": 939,
        "Gross Profit": 251,
        "Operating Income": 66,
        "EBIT": 76,
        "Net Income": 50
    },
    "2014-04-30": {
        "Diluted EPS": 0.55,
        "Total Revenue": 624,
        "Gross Profit": 136,
        "Operating Income": 41,
        "EBIT": 46,
        "Net Income": 56
    },
    "2014-01-31": {
        "Diluted EPS": 0.56,
        "Total Revenue": NaN,
        "Gross Profit": 311,
        "Operating Income": 97,
        "EBIT": 110,
        "Net Income": 57
    },
    "2013-10-31": {
        "Diluted EPS": 0.41,
        "Total Revenue": 999,
        "Gross Profit": 289,
        "Operating Income": 75,
        "EBIT": 87,
        "Net Income": 42
    },
    "2013-07-31": {
        "Diluted EPS": 0.45,
        "Total Revenue": 880,
        "Gross Profit": 282,
        "Operating Income": 81,
        "EBIT": 92,
        "Net Income": 46
    },
    "2013-04-30": {
        "Diluted EPS": 0.62,
        "Total Revenue": 965,
        "Gross Profit": 324,
        "Operating Income": 104,
        "EBIT": 117,
        "Net Income": 64
    },
    "2013-01-31": {
        "Diluted EPS": 0.52,
        "Total Revenue": 916,
        "Gross Profit": 300,
        "Operating Income": 90,
        "EBIT": 101,
        "Net Income": 54
    },
    "2012-10-31": {
        "Diluted EPS": 0.44,
        "Total Revenue": 867,
        "Gross Profit": 281,
        "Operating Income": 78,
        "EBIT": 88,
        "Net Income": 46
    },
    "2012-07-31": {
        "Diluted EPS": 0.45,
        "Total Revenue": 889,
        "Gross Profit": 286,
        "Operating Income": 83,
        "EBIT": 94,
        "Net Income": 48
    },
    "2012-04-30": {
        "Diluted EPS": 0.57,
        "Total Revenue": 936,
        "Gross Profit": 314,
        "Operating Income": 103,
        "EBIT": 115,
        "Net Income": 62
    },
    "2012-01-31": {
        "Diluted EPS": 0.5,
        "Total Revenue": 895,
        "Gross Profit": 290,
        "Operating Income": 90,
        "EBIT": 101,
        "Net Income": 53
    },
    "2011-10-31": {
        "Diluted EPS": 0.43,
        "Total Revenue": 857,
        "Gross Profit": 281,
        "Operating Income": 83,
        "EBIT": 94,
        "Net Income": 49
    },
    "2011-07-31": {
        "Diluted EPS": 0.42,
        "Total Revenue": 847,
        "Gross Profit": 278,
        "Operating Income": 82,
        "EBIT": 91,
        "Net Income": 49
    },
    "2011-04-30": {
        "Diluted EPS": 0.52,
        "Total Revenue": 884,
        "Gross Profit": 304,
        "Operating Income": 104,
        "EBIT": 115,
        "Net Income": 63
    },
    "2011-01-31": {
        "Diluted EPS": 0.47,
        "Total Revenue": 825,
        "Gross Profit": 281,
        "Operating Income": 93,
        "EBIT": 102,
        "Net Income": 55
    },
    "2010-10-31": {
        "Diluted EPS": 0.45,
        "Total Revenue": 857,
        "Gross Profit": 279,
        "Operating Income": 90,
        "EBIT": 102,
        "Net Income": 53
    },
    "2010-07-31": {
        "Diluted EPS": 0.45,
        "Total Revenue": 850,
        "Gross Profit": 280,
        "Operating Income": 89,
        "EBIT": 99,
        "Net Income": 54
    },
    "2010-04-30": {
        "Diluted EPS": 0.52,
        "Total Revenue": 813,
        "Gross Profit": 288,
        "Operating Income": 100,
        "EBIT": 111,
        "Net Income": 62
    },
    "2010-01-31": {
        "Diluted EPS": 0.47,
        "Total Revenue": 820,
        "Gross Profit": 276,
        "Operating Income": 94,
        "EBIT": 103,
        "Net Income": 56
    },
    "2009-10-31": {
        "Diluted EPS": 0.41,
        "Total Revenue": 815,
        "Gross Profit": 267,
        "Operating Income": 84,
        "EBIT": 94,
        "Net Income": 49
    },
    "2009-07-31": {
        "Diluted EPS": 0.38,
        "Total Revenue": 790,
        "Gross Profit": 259,
        "Operating Income": 77,
        "EBIT": 86,
        "Net Income": 45
    },
    "2009-04-30": {
        "Diluted EPS": 0.45,
        "Total Revenue": 780,
        "Gross Profit": 269,
        "Operating Income": 92,
        "EBIT": 101,
        "Net Income": 54
    },
    "2009-01-31": {
        "Diluted EPS": 0.45,
        "Total Revenue": 811,
        "Gross Profit": 269,
        "Operating Income": 92,
        "EBIT": 99,
        "Net Income": 53
    },
    "2023-07-31": {
        "Tax Effect Of Unusual Items": NaN,
        "Tax Rate For Calcs": NaN,
        "Normalized EBITDA": NaN,
        "Total Unusual Items": NaN,
        "Total Unusual Items Excluding Goodwill": NaN,
        "Net Income From Continuing Operation Net Minority Interest": NaN,
        "Reconciled Depreciation": NaN,
        "Reconciled Cost Of Revenue": NaN,
        "EBITDA": NaN,
        "EBIT": NaN,
        "Net Interest Income": NaN,
        "Interest Expense": NaN,
        "Normalized Income": NaN,
        "Net Income From Continuing And Discontinued Operation": NaN,
        "Total Expenses": NaN,
        "Total Operating Income As Reported": NaN,
        "Diluted Average Shares": 96190000.0,
        "Basic Average Shares": 95544000.0,
        "Diluted EPS": 0.32,
        "Basic EPS": 0.33,
        "Diluted NI Availto Com Stockholders": NaN,
        "Net Income Common Stockholders": NaN,
        "Net Income": NaN,
        "Minority Interests": NaN,
        "Net Income Including Noncontrolling Interests": NaN,
        "Net Income Continuous Operations": NaN,
        "Tax Provision": NaN,
        "Pretax Income": NaN,
        "Other Income Expense": NaN,
        "Gain On Sale Of Security": NaN,
        "Net Non Operating Interest Income Expense": NaN,
        "Interest Expense Non Operating": NaN,
        "Operating Income": NaN,
        "Operating Expense": NaN,
        "Gross Profit": NaN,
        "Cost Of Revenue": NaN,
        "Total Revenue": NaN,
        "Operating Revenue": NaN
    },
    "2023-10-31": {
        "Tax Effect Of Unusual Items": 1795288.0,
        "Tax Rate For Calcs": 0.253,
        "Normalized EBITDA": 78706000.0,
        "Total Unusual Items": 7096000.0,
        "Total Unusual Items Excluding Goodwill": 7096000.0,
        "Net Income From Continuing Operation Net Minority Interest": 39958000.0,
        "Reconciled Depreciation": 21803000.0,
        "Reconciled Cost Of Revenue": 1313746000.0,
        "EBITDA": 85802000.0,
        "EBIT": 63999000.0,
        "Net Interest Income": -10642000.0,
        "Interest Expense": 10642000.0,
        "Normalized Income": 34657288.0,
        "Net Income From Continuing And Discontinued Operation": 39958000.0,
        "Total Expenses": 1595869000.0,
        "Total Operating Income As Reported": 56903000.0,
        "Diluted Average Shares": 95156000.0,
        "Basic Average Shares": 94710000.0,
        "Diluted EPS": 0.42,
        "Basic EPS": 0.42,
        "Diluted NI Availto Com Stockholders": 39958000.0,
        "Net Income Common Stockholders": 39958000.0,
        "Net Income": 39958000.0,
        "Minority Interests": 103000.0,
        "Net Income Including Noncontrolling Interests": 39855000.0,
        "Net Income Continuous Operations": 39855000.0,
        "Tax Provision": 13502000.0,
        "Pretax Income": 53357000.0,
        "Other Income Expense": 7096000.0,
        "Gain On Sale Of Security": 7096000.0,
        "Net Non Operating Interest Income Expense": -10642000.0,
        "Interest Expense Non Operating": 10642000.0,
        "Operating Income": 56903000.0,
        "Operating Expense": 282123000.0,
        "Gross Profit": 339026000.0,
        "Cost Of Revenue": 1313746000.0,
        "Total Revenue": 1652772000.0,
        "Operating Revenue": 1652772000.0
    },
    "2024-01-31": {
        "Tax Effect Of Unusual Items": 847496.0,
        "Tax Rate For Calcs": 0.232,
        "Normalized EBITDA": 92374000.0,
        "Total Unusual Items": 3653000.0,
        "Total Unusual Items Excluding Goodwill": 3653000.0,
        "Net Income From Continuing Operation Net Minority Interest": 47703000.0,
        "Reconciled Depreciation": 22362000.0,
        "Reconciled Cost Of Revenue": 1265089000.0,
        "EBITDA": 96027000.0,
        "EBIT": 73665000.0,
        "Net Interest Income": -11725000.0,
        "Interest Expense": 11725000.0,
        "Normalized Income": 44897496.0,
        "Net Income From Continuing And Discontinued Operation": 47703000.0,
        "Total Expenses": 1546083000.0,
        "Total Operating Income As Reported": 70012000.0,
        "Diluted Average Shares": 92519000.0,
        "Basic Average Shares": 92009000.0,
        "Diluted EPS": 0.52,
        "Basic EPS": 0.52,
        "Diluted NI Availto Com Stockholders": 47703000.0,
        "Net Income Common Stockholders": 47703000.0,
        "Net Income": 47703000.0,
        "Minority Interests": 110000.0,
        "Net Income Including Noncontrolling Interests": 47593000.0,
        "Net Income Continuous Operations": 47593000.0,
        "Tax Provision": 14347000.0,
        "Pretax Income": 61940000.0,
        "Other Income Expense": 3653000.0,
        "Gain On Sale Of Security": 3653000.0,
        "Net Non Operating Interest Income Expense": -11725000.0,
        "Interest Expense Non Operating": 11725000.0,
        "Operating Income": 70012000.0,
        "Operating Expense": 280994000.0,
        "Gross Profit": 351006000.0,
        "Cost Of Revenue": 1265089000.0,
        "Total Revenue": 1616095000.0,
        "Operating Revenue": 1616095000.0
    },
    "2024-04-30": {
        "Tax Effect Of Unusual Items": 2872308.864536,
        "Tax Rate For Calcs": 0.231843,
        "Normalized EBITDA": 110745000.0,
        "Total Unusual Items": 12389000.0,
        "Total Unusual Items Excluding Goodwill": 12389000.0,
        "Net Income From Continuing Operation Net Minority Interest": 67036000.0,
        "Reconciled Depreciation": 22958000.0,
        "Reconciled Cost Of Revenue": 1351505000.0,
        "EBITDA": 123134000.0,
        "EBIT": 100176000.0,
        "Net Interest Income": -13031000.0,
        "Interest Expense": 13031000.0,
        "Normalized Income": 57519308.864536,
        "Net Income From Continuing And Discontinued Operation": 67036000.0,
        "Total Expenses": 1634873000.0,
        "Total Operating Income As Reported": 87787000.0,
        "Diluted Average Shares": NaN,
        "Basic Average Shares": NaN,
        "Diluted EPS": NaN,
        "Basic EPS": NaN,
        "Diluted NI Availto Com Stockholders": 67036000.0,
        "Net Income Common Stockholders": 67036000.0,
        "Net Income": 67036000.0,
        "Minority Interests": 95000.0,
        "Net Income Including Noncontrolling Interests": 66941000.0,
        "Net Income Continuous Operations": 66941000.0,
        "Tax Provision": 20204000.0,
        "Pretax Income": 87145000.0,
        "Other Income Expense": 12389000.0,
        "Gain On Sale Of Security": 12389000.0,
        "Net Non Operating Interest Income Expense": -13031000.0,
        "Interest Expense Non Operating": 13031000.0,
        "Operating Income": 87787000.0,
        "Operating Expense": 283368000.0,
        "Gross Profit": 371155000.0,
        "Cost Of Revenue": 1351505000.0,
        "Total Revenue": 1722660000.0,
        "Operating Revenue": 1722660000.0
    },
    "2024-07-31": {
        "Tax Effect Of Unusual Items": 404504.0,
        "Tax Rate For Calcs": 0.236,
        "Normalized EBITDA": 52119000.0,
        "Total Unusual Items": 1714000.0,
        "Total Unusual Items Excluding Goodwill": 1714000.0,
        "Net Income From Continuing Operation Net Minority Interest": 13715000.0,
        "Reconciled Depreciation": 22750000.0,
        "Reconciled Cost Of Revenue": 1229133000.0,
        "EBITDA": 53833000.0,
        "EBIT": 31083000.0,
        "Net Interest Income": -13223000.0,
        "Interest Expense": 13223000.0,
        "Normalized Income": 12405504.0,
        "Net Income From Continuing And Discontinued Operation": 13715000.0,
        "Total Expenses": 1512373000.0,
        "Total Operating Income As Reported": 29369000.0,
        "Diluted Average Shares": 88645000.0,
        "Basic Average Shares": 88127000.0,
        "Diluted EPS": 0.15,
        "Basic EPS": 0.16,
        "Diluted NI Availto Com Stockholders": 13715000.0,
        "Net Income Common Stockholders": 13715000.0,
        "Net Income": 13715000.0,
        "Minority Interests": 76000.0,
        "Net Income Including Noncontrolling Interests": 13639000.0,
        "Net Income Continuous Operations": 13639000.0,
        "Tax Provision": 4221000.0,
        "Pretax Income": 17860000.0,
        "Other Income Expense": 1714000.0,
        "Gain On Sale Of Security": 1714000.0,
        "Net Non Operating Interest Income Expense": -13223000.0,
        "Interest Expense Non Operating": 13223000.0,
        "Operating Income": 29369000.0,
        "Operating Expense": 283240000.0,
        "Gross Profit": 312609000.0,
        "Cost Of Revenue": 1229133000.0,
        "Total Revenue": 1541742000.0,
        "Operating Revenue": 1541742000.0
    },
    "2024-10-31": {
        "Tax Effect Of Unusual Items": 2416545.0,
        "Tax Rate For Calcs": 0.249,
        "Normalized EBITDA": 60526000.0,
        "Total Unusual Items": 9705000.0,
        "Total Unusual Items Excluding Goodwill": 9705000.0,
        "Net Income From Continuing Operation Net Minority Interest": 26769000.0,
        "Reconciled Depreciation": 22890000.0,
        "Reconciled Cost Of Revenue": 1346283000.0,
        "EBITDA": 70231000.0,
        "EBIT": 47341000.0,
        "Net Interest Income": -11798000.0,
        "Interest Expense": 11798000.0,
        "Normalized Income": 19480545.0,
        "Net Income From Continuing And Discontinued Operation": 26769000.0,
        "Total Expenses": 1636739000.0,
        "Total Operating Income As Reported": 37636000.0,
        "Diluted Average Shares": 88663000.0,
        "Basic Average Shares": 88158000.0,
        "Diluted EPS": 0.3,
        "Basic EPS": 0.3,
        "Diluted NI Availto Com Stockholders": 26769000.0,
        "Net Income Common Stockholders": 26769000.0,
        "Net Income": 26769000.0,
        "Minority Interests": 73000.0,
        "Net Income Including Noncontrolling Interests": 26696000.0,
        "Net Income Continuous Operations": 26696000.0,
        "Tax Provision": 8847000.0,
        "Pretax Income": 35543000.0,
        "Other Income Expense": 9705000.0,
        "Gain On Sale Of Security": 9705000.0,
        "Net Non Operating Interest Income Expense": -11798000.0,
        "Interest Expense Non Operating": 11798000.0,
        "Operating Income": 37636000.0,
        "Operating Expense": 290456000.0,
        "Gross Profit": 328092000.0,
        "Cost Of Revenue": 1346283000.0,
        "Total Revenue": 1674375000.0,
        "Operating Revenue": 1674375000.0
    }
}