{
    "2023-03-31": {
        "Tax Effect Of Unusual Items": NaN,
        "Tax Rate For Calcs": NaN,
        "Normalized EBITDA": NaN,
        "Net Income From Continuing Operation Net Minority Interest": NaN,
        "Reconciled Depreciation": NaN,
        "Reconciled Cost Of Revenue": NaN,
        "EBITDA": NaN,
        "EBIT": NaN,
        "Net Interest Income": NaN,
        "Interest Income": 911000.0,
        "Normalized Income": NaN,
        "Net Income From Continuing And Discontinued Operation": NaN,
        "Total Expenses": NaN,
        "Diluted Average Shares": NaN,
        "Basic Average Shares": NaN,
        "Diluted EPS": NaN,
        "Basic EPS": NaN,
        "Diluted NI Availto Com Stockholders": NaN,
        "Net Income Common Stockholders": NaN,
        "Net Income": NaN,
        "Net Income Including Noncontrolling Interests": NaN,
        "Net Income Continuous Operations": NaN,
        "Tax Provision": NaN,
        "Pretax Income": NaN,
        "Net Non Operating Interest Income Expense": NaN,
        "Total Other Finance Cost": NaN,
        "Interest Income Non Operating": 911000.0,
        "Operating Income": NaN,
        "Operating Expense": NaN,
        "Depreciation Amortization Depletion Income Statement": NaN,
        "Depreciation And Amortization In Income Statement": NaN,
        "Amortization": NaN,
        "Amortization Of Intangibles Income Statement": NaN,
        "Research And Development": NaN,
        "Selling General And Administration": NaN,
        "Gross Profit": NaN,
        "Cost Of Revenue": NaN,
        "Total Revenue": NaN,
        "Operating Revenue": NaN
    },
    "2022-12-31": {
        "Tax Effect Of Unusual Items": NaN,
        "Tax Rate For Calcs": NaN,
        "Normalized EBITDA": NaN,
        "Net Income From Continuing Operation Net Minority Interest": NaN,
        "Reconciled Depreciation": NaN,
        "Reconciled Cost Of Revenue": NaN,
        "EBITDA": NaN,
        "EBIT": NaN,
        "Net Interest Income": NaN,
        "Interest Income": NaN,
        "Normalized Income": NaN,
        "Net Income From Continuing And Discontinued Operation": NaN,
        "Total Expenses": NaN,
        "Diluted Average Shares": NaN,
        "Basic Average Shares": NaN,
        "Diluted EPS": NaN,
        "Basic EPS": NaN,
        "Diluted NI Availto Com Stockholders": NaN,
        "Net Income Common Stockholders": NaN,
        "Net Income": NaN,
        "Net Income Including Noncontrolling Interests": NaN,
        "Net Income Continuous Operations": NaN,
        "Tax Provision": NaN,
        "Pretax Income": NaN,
        "Net Non Operating Interest Income Expense": NaN,
        "Total Other Finance Cost": 250000.0,
        "Interest Income Non Operating": NaN,
        "Operating Income": NaN,
        "Operating Expense": NaN,
        "Depreciation Amortization Depletion Income Statement": NaN,
        "Depreciation And Amortization In Income Statement": NaN,
        "Amortization": NaN,
        "Amortization Of Intangibles Income Statement": NaN,
        "Research And Development": NaN,
        "Selling General And Administration": NaN,
        "Gross Profit": NaN,
        "Cost Of Revenue": NaN,
        "Total Revenue": NaN,
        "Operating Revenue": NaN
    },
    "2022-09-30": {
        "Tax Effect Of Unusual Items": NaN,
        "Tax Rate For Calcs": NaN,
        "Normalized EBITDA": NaN,
        "Net Income From Continuing Operation Net Minority Interest": NaN,
        "Reconciled Depreciation": NaN,
        "Reconciled Cost Of Revenue": NaN,
        "EBITDA": NaN,
        "EBIT": NaN,
        "Net Interest Income": NaN,
        "Interest Income": 1511000.0,
        "Normalized Income": NaN,
        "Net Income From Continuing And Discontinued Operation": NaN,
        "Total Expenses": NaN,
        "Diluted Average Shares": NaN,
        "Basic Average Shares": NaN,
        "Diluted EPS": NaN,
        "Basic EPS": NaN,
        "Diluted NI Availto Com Stockholders": NaN,
        "Net Income Common Stockholders": NaN,
        "Net Income": NaN,
        "Net Income Including Noncontrolling Interests": NaN,
        "Net Income Continuous Operations": NaN,
        "Tax Provision": NaN,
        "Pretax Income": NaN,
        "Net Non Operating Interest Income Expense": NaN,
        "Total Other Finance Cost": -1511000.0,
        "Interest Income Non Operating": 1511000.0,
        "Operating Income": NaN,
        "Operating Expense": NaN,
        "Depreciation Amortization Depletion Income Statement": NaN,
        "Depreciation And Amortization In Income Statement": NaN,
        "Amortization": NaN,
        "Amortization Of Intangibles Income Statement": NaN,
        "Research And Development": NaN,
        "Selling General And Administration": NaN,
        "Gross Profit": NaN,
        "Cost Of Revenue": NaN,
        "Total Revenue": NaN,
        "Operating Revenue": NaN
    },
    "2022-06-30": {
        "Tax Effect Of Unusual Items": 0.0,
        "Tax Rate For Calcs": 0.4,
        "Normalized EBITDA": 1428000.0,
        "Total Unusual Items": NaN,
        "Total Unusual Items Excluding Goodwill": NaN,
        "Net Income From Continuing Operation Net Minority Interest": -1147000.0,
        "Reconciled Depreciation": 2260000.0,
        "Reconciled Cost Of Revenue": 10096000.0,
        "EBITDA": 1428000.0,
        "EBIT": -832000.0,
        "Net Interest Income": 991000.0,
        "Interest Expense": NaN,
        "Interest Income": NaN,
        "Normalized Income": -1147000.0,
        "Net Income From Continuing And Discontinued Operation": -1147000.0,
        "Total Expenses": 35500000.0,
        "Diluted Average Shares": 37028000.0,
        "Basic Average Shares": 37028000.0,
        "Diluted EPS": -0.03,
        "Basic EPS": -0.03,
        "Diluted NI Availto Com Stockholders": -1147000.0,
        "Net Income Common Stockholders": -1147000.0,
        "Net Income": -1147000.0,
        "Net Income Including Noncontrolling Interests": -1147000.0,
        "Net Income Continuous Operations": -1147000.0,
        "Tax Provision": 1306000.0,
        "Pretax Income": 159000.0,
        "Special Income Charges": NaN,
        "Impairment Of Capital Assets": NaN,
        "Net Non Operating Interest Income Expense": 991000.0,
        "Total Other Finance Cost": -991000.0,
        "Interest Expense Non Operating": NaN,
        "Interest Income Non Operating": NaN,
        "Operating Income": -832000.0,
        "Operating Expense": 23458000.0,
        "Depreciation Amortization Depletion Income Statement": 314000.0,
        "Depreciation And Amortization In Income Statement": 314000.0,
        "Amortization": 314000.0,
        "Amortization Of Intangibles Income Statement": 314000.0,
        "Research And Development": 13374000.0,
        "Selling General And Administration": 9770000.0,
        "Gross Profit": 22626000.0,
        "Cost Of Revenue": 12042000.0,
        "Total Revenue": 34668000.0,
        "Operating Revenue": 34668000.0
    },
    "2022-03-31": {
        "Diluted EPS": -0.11,
        "Total Revenue": 33,
        "Gross Profit": 22,
        "Operating Income": -3,
        "EBIT": -1,
        "Net Income": -4
    },
    "2021-12-31": {
        "Diluted EPS": -0.19,
        "Total Revenue": 30,
        "Gross Profit": 18,
        "Operating Income": -2,
        "EBIT": 0,
        "Net Income": -7
    },
    "2021-09-30": {
        "Diluted EPS": -0.06,
        "Total Revenue": 30,
        "Gross Profit": 18,
        "Operating Income": -2,
        "EBIT": 0,
        "Net Income": -2
    },
    "2021-06-30": {
        "Diluted EPS": -0.12,
        "Total Revenue": 27,
        "Gross Profit": 17,
        "Operating Income": -4,
        "EBIT": -2,
        "Net Income": -4
    },
    "2021-03-31": {
        "Diluted EPS": -0.21,
        "Total Revenue": 24,
        "Gross Profit": 14,
        "Operating Income": -7,
        "EBIT": -4,
        "Net Income": -8
    },
    "2020-12-31": {
        "Diluted EPS": -0.96,
        "Total Revenue": 22,
        "Gross Profit": 13,
        "Operating Income": -6,
        "EBIT": -4,
        "Net Income": -33
    },
    "2020-09-30": {
        "Diluted EPS": -0.08,
        "Total Revenue": 23,
        "Gross Profit": 14,
        "Operating Income": -3,
        "EBIT": -1,
        "Net Income": -3
    },
    "2020-06-30": {
        "Diluted EPS": -0.11,
        "Total Revenue": 21,
        "Gross Profit": 12,
        "Operating Income": -3,
        "EBIT": -1,
        "Net Income": -4
    },
    "2020-03-31": {
        "Diluted EPS": -0.02,
        "Total Revenue": 21,
        "Gross Profit": 13,
        "Operating Income": -4,
        "EBIT": -2,
        "Net Income": -1
    },
    "2019-12-31": {
        "Diluted EPS": -0.05,
        "Total Revenue": 23,
        "Gross Profit": 14,
        "Operating Income": -2,
        "EBIT": 0,
        "Net Income": -1
    },
    "2019-09-30": {
        "Diluted EPS": -0.02,
        "Total Revenue": 22,
        "Gross Profit": 13,
        "Operating Income": -1,
        "EBIT": 1,
        "Net Income": -1
    },
    "2019-06-30": {
        "Diluted EPS": -0.02,
        "Total Revenue": 21,
        "Gross Profit": 13,
        "Operating Income": -2,
        "EBIT": 0,
        "Net Income": -1
    },
    "2019-03-31": {
        "Diluted EPS": -0.08,
        "Total Revenue": 21,
        "Gross Profit": 13,
        "Operating Income": -3,
        "EBIT": -1,
        "Net Income": -3
    },
    "2018-12-31": {
        "Diluted EPS": -0.1,
        "Total Revenue": 20,
        "Gross Profit": 10,
        "Operating Income": -4,
        "EBIT": -2,
        "Net Income": -3
    },
    "2018-09-30": {
        "Diluted EPS": -0.06,
        "Total Revenue": 20,
        "Gross Profit": 10,
        "Operating Income": -3,
        "EBIT": -1,
        "Net Income": -2
    },
    "2018-06-30": {
        "Diluted EPS": -0.07,
        "Total Revenue": 21,
        "Gross Profit": 10,
        "Operating Income": -3,
        "EBIT": -1,
        "Net Income": -2
    },
    "2018-03-31": {
        "Diluted EPS": -0.01,
        "Total Revenue": 25,
        "Gross Profit": 13,
        "Operating Income": 0,
        "EBIT": 1,
        "Net Income": 0
    },
    "2017-12-31": {
        "Diluted EPS": -0.09,
        "Total Revenue": 27,
        "Gross Profit": 14,
        "Operating Income": 1,
        "EBIT": 2,
        "Net Income": -3
    },
    "2017-09-30": {
        "Diluted EPS": 0.02,
        "Total Revenue": 27,
        "Gross Profit": 14,
        "Operating Income": 0,
        "EBIT": 2,
        "Net Income": 1
    },
    "2017-06-30": {
        "Diluted EPS": 0.01,
        "Total Revenue": 24,
        "Gross Profit": 13,
        "Operating Income": -1,
        "EBIT": 1,
        "Net Income": 0
    },
    "2017-03-31": {
        "Diluted EPS": 0.02,
        "Total Revenue": 24,
        "Gross Profit": 13,
        "Operating Income": 0,
        "EBIT": 1,
        "Net Income": 1
    },
    "2016-12-31": {
        "Diluted EPS": 0.08,
        "Total Revenue": 28,
        "Gross Profit": 16,
        "Operating Income": 3,
        "EBIT": 4,
        "Net Income": 3
    },
    "2016-09-30": {
        "Diluted EPS": 0.06,
        "Total Revenue": 27,
        "Gross Profit": 16,
        "Operating Income": 3,
        "EBIT": 4,
        "Net Income": 2
    },
    "2016-06-30": {
        "Diluted EPS": 0.07,
        "Total Revenue": 27,
        "Gross Profit": 16,
        "Operating Income": 4,
        "EBIT": 5,
        "Net Income": 2
    },
    "2016-03-31": {
        "Diluted EPS": 0.07,
        "Total Revenue": 25,
        "Gross Profit": 15,
        "Operating Income": 3,
        "EBIT": 4,
        "Net Income": 2
    },
    "2015-12-31": {
        "Diluted EPS": 0.09,
        "Total Revenue": 24,
        "Gross Profit": 14,
        "Operating Income": 3,
        "EBIT": 4,
        "Net Income": 3
    },
    "2015-09-30": {
        "Diluted EPS": 0.05,
        "Total Revenue": 24,
        "Gross Profit": 14,
        "Operating Income": 3,
        "EBIT": 4,
        "Net Income": 1
    },
    "2015-06-30": {
        "Diluted EPS": 0.07,
        "Total Revenue": 23,
        "Gross Profit": 13,
        "Operating Income": 4,
        "EBIT": 4,
        "Net Income": 2
    },
    "2015-03-31": {
        "Diluted EPS": 0.18,
        "Total Revenue": 27,
        "Gross Profit": 18,
        "Operating Income": 9,
        "EBIT": 10,
        "Net Income": 6
    },
    "2014-12-31": {
        "Diluted EPS": 0.18,
        "Total Revenue": 26,
        "Gross Profit": 17,
        "Operating Income": 8,
        "EBIT": 8,
        "Net Income": 6
    },
    "2014-09-30": {
        "Diluted EPS": 0.05,
        "Total Revenue": 22,
        "Gross Profit": 11,
        "Operating Income": 3,
        "EBIT": 5,
        "Net Income": 2
    },
    "2014-06-30": {
        "Diluted EPS": 0.15,
        "Total Revenue": 25,
        "Gross Profit": 16,
        "Operating Income": 8,
        "EBIT": 8,
        "Net Income": 5
    },
    "2014-03-31": {
        "Diluted EPS": 0.2,
        "Total Revenue": 27,
        "Gross Profit": 17,
        "Operating Income": 9,
        "EBIT": 10,
        "Net Income": 6
    },
    "2013-12-31": {
        "Diluted EPS": 0.22,
        "Total Revenue": 27,
        "Gross Profit": 18,
        "Operating Income": 10,
        "EBIT": 10,
        "Net Income": 7
    },
    "2013-09-30": {
        "Diluted EPS": 0.15,
        "Total Revenue": 25,
        "Gross Profit": 15,
        "Operating Income": 8,
        "EBIT": 8,
        "Net Income": 5
    },
    "2013-06-30": {
        "Diluted EPS": 0.15,
        "Total Revenue": 25,
        "Gross Profit": 15,
        "Operating Income": 7,
        "EBIT": 8,
        "Net Income": 5
    },
    "2013-03-31": {
        "Diluted EPS": 0.15,
        "Total Revenue": 24,
        "Gross Profit": 14,
        "Operating Income": 6,
        "EBIT": 7,
        "Net Income": 5
    },
    "2012-12-31": {
        "Diluted EPS": 0.8,
        "Total Revenue": 24,
        "Gross Profit": 14,
        "Operating Income": 5,
        "EBIT": 5,
        "Net Income": 24
    },
    "2012-09-30": {
        "Diluted EPS": 0.17,
        "Total Revenue": 23,
        "Gross Profit": 13,
        "Operating Income": 5,
        "EBIT": 6,
        "Net Income": 5
    },
    "2012-06-30": {
        "Diluted EPS": 0.16,
        "Total Revenue": 23,
        "Gross Profit": 14,
        "Operating Income": 5,
        "EBIT": 6,
        "Net Income": 5
    },
    "2012-03-31": {
        "Diluted EPS": 0.12,
        "Total Revenue": 21,
        "Gross Profit": 12,
        "Operating Income": 4,
        "EBIT": 4,
        "Net Income": 3
    },
    "2011-12-31": {
        "Diluted EPS": 0.08,
        "Total Revenue": 18,
        "Gross Profit": 9,
        "Operating Income": 2,
        "EBIT": 2,
        "Net Income": 2
    },
    "2011-09-30": {
        "Diluted EPS": 0.02,
        "Total Revenue": 17,
        "Gross Profit": 9,
        "Operating Income": 2,
        "EBIT": 2,
        "Net Income": 1
    },
    "2011-06-30": {
        "Diluted EPS": 0.0,
        "Total Revenue": 17,
        "Gross Profit": 10,
        "Operating Income": 1,
        "EBIT": 1,
        "Net Income": 0
    },
    "2011-03-31": {
        "Diluted EPS": -0.03,
        "Total Revenue": 15,
        "Gross Profit": 8,
        "Operating Income": 0,
        "EBIT": 0,
        "Net Income": -1
    },
    "2010-12-31": {
        "Diluted EPS": 0.0,
        "Total Revenue": 16,
        "Gross Profit": 8,
        "Operating Income": 1,
        "EBIT": 1,
        "Net Income": 0
    },
    "2010-09-30": {
        "Diluted EPS": 0.0,
        "Total Revenue": 15,
        "Gross Profit": 8,
        "Operating Income": 1,
        "EBIT": 1,
        "Net Income": 0
    },
    "2010-06-30": {
        "Diluted EPS": 0.01,
        "Total Revenue": 15,
        "Gross Profit": 9,
        "Operating Income": 0,
        "EBIT": 1,
        "Net Income": 0
    },
    "2010-03-31": {
        "Diluted EPS": -0.01,
        "Total Revenue": 15,
        "Gross Profit": 9,
        "Operating Income": 0,
        "EBIT": 1,
        "Net Income": 0
    },
    "2009-12-31": {
        "Diluted EPS": -0.05,
        "Total Revenue": 15,
        "Gross Profit": 6,
        "Operating Income": -1,
        "EBIT": -1,
        "Net Income": -1
    },
    "2009-09-30": {
        "Diluted EPS": -0.11,
        "Total Revenue": 14,
        "Gross Profit": 8,
        "Operating Income": -3,
        "EBIT": -2,
        "Net Income": -3
    },
    "2009-06-30": {
        "Diluted EPS": -0.25,
        "Total Revenue": 10,
        "Gross Profit": 4,
        "Operating Income": -6,
        "EBIT": -5,
        "Net Income": -7
    },
    "2009-03-31": {
        "Diluted EPS": -0.28,
        "Total Revenue": 10,
        "Gross Profit": 4,
        "Operating Income": -7,
        "EBIT": -7,
        "Net Income": -7
    },
    "2023-06-30": {
        "Tax Effect Of Unusual Items": NaN,
        "Tax Rate For Calcs": NaN,
        "Normalized EBITDA": NaN,
        "Net Income From Continuing Operation Net Minority Interest": NaN,
        "Reconciled Depreciation": NaN,
        "Reconciled Cost Of Revenue": NaN,
        "EBITDA": NaN,
        "EBIT": NaN,
        "Net Interest Income": NaN,
        "Interest Income": 1071000.0,
        "Normalized Income": NaN,
        "Net Income From Continuing And Discontinued Operation": NaN,
        "Total Expenses": NaN,
        "Diluted Average Shares": NaN,
        "Basic Average Shares": NaN,
        "Diluted EPS": NaN,
        "Basic EPS": NaN,
        "Diluted NI Availto Com Stockholders": NaN,
        "Net Income Common Stockholders": NaN,
        "Net Income": NaN,
        "Net Income Including Noncontrolling Interests": NaN,
        "Net Income Continuous Operations": NaN,
        "Tax Provision": NaN,
        "Pretax Income": NaN,
        "Net Non Operating Interest Income Expense": NaN,
        "Total Other Finance Cost": NaN,
        "Interest Income Non Operating": 1071000.0,
        "Operating Income": NaN,
        "Operating Expense": NaN,
        "Depreciation Amortization Depletion Income Statement": NaN,
        "Depreciation And Amortization In Income Statement": NaN,
        "Amortization": NaN,
        "Amortization Of Intangibles Income Statement": NaN,
        "Research And Development": NaN,
        "Selling General And Administration": NaN,
        "Gross Profit": NaN,
        "Cost Of Revenue": NaN,
        "Total Revenue": NaN,
        "Operating Revenue": NaN
    },
    "2023-09-30": {
        "Tax Effect Of Unusual Items": NaN,
        "Tax Rate For Calcs": NaN,
        "Normalized EBITDA": NaN,
        "Net Income From Continuing Operation Net Minority Interest": NaN,
        "Reconciled Depreciation": NaN,
        "Reconciled Cost Of Revenue": NaN,
        "EBITDA": NaN,
        "EBIT": NaN,
        "Net Interest Income": NaN,
        "Interest Income": 2018000.0,
        "Normalized Income": NaN,
        "Net Income From Continuing And Discontinued Operation": NaN,
        "Total Expenses": NaN,
        "Diluted Average Shares": 38187000.0,
        "Basic Average Shares": 38187000.0,
        "Diluted EPS": -0.13,
        "Basic EPS": -0.13,
        "Diluted NI Availto Com Stockholders": NaN,
        "Net Income Common Stockholders": NaN,
        "Net Income": NaN,
        "Net Income Including Noncontrolling Interests": NaN,
        "Net Income Continuous Operations": NaN,
        "Tax Provision": NaN,
        "Pretax Income": NaN,
        "Net Non Operating Interest Income Expense": NaN,
        "Total Other Finance Cost": -2018000.0,
        "Interest Income Non Operating": 2018000.0,
        "Operating Income": NaN,
        "Operating Expense": NaN,
        "Depreciation Amortization Depletion Income Statement": NaN,
        "Depreciation And Amortization In Income Statement": NaN,
        "Amortization": NaN,
        "Amortization Of Intangibles Income Statement": NaN,
        "Research And Development": NaN,
        "Selling General And Administration": NaN,
        "Gross Profit": NaN,
        "Cost Of Revenue": NaN,
        "Total Revenue": NaN,
        "Operating Revenue": NaN
    },
    "2023-12-31": {
        "Tax Effect Of Unusual Items": 0.0,
        "Tax Rate For Calcs": 0.21,
        "Normalized EBITDA": 1223000.0,
        "Net Income From Continuing Operation Net Minority Interest": 887000.0,
        "Reconciled Depreciation": 2100000.0,
        "Reconciled Cost Of Revenue": 11400000.0,
        "EBITDA": 1223000.0,
        "EBIT": -877000.0,
        "Net Interest Income": 1020000.0,
        "Interest Income": NaN,
        "Normalized Income": 887000.0,
        "Net Income From Continuing And Discontinued Operation": 887000.0,
        "Total Expenses": 42002000.0,
        "Diluted Average Shares": 38814000.0,
        "Basic Average Shares": 38269000.0,
        "Diluted EPS": 0.02,
        "Basic EPS": 0.02,
        "Diluted NI Availto Com Stockholders": 887000.0,
        "Net Income Common Stockholders": 887000.0,
        "Net Income": 887000.0,
        "Net Income Including Noncontrolling Interests": 887000.0,
        "Net Income Continuous Operations": 887000.0,
        "Tax Provision": -744000.0,
        "Pretax Income": 143000.0,
        "Net Non Operating Interest Income Expense": 1020000.0,
        "Total Other Finance Cost": NaN,
        "Interest Income Non Operating": NaN,
        "Operating Income": -877000.0,
        "Operating Expense": 28808000.0,
        "Depreciation Amortization Depletion Income Statement": 306000.0,
        "Depreciation And Amortization In Income Statement": 306000.0,
        "Amortization": 306000.0,
        "Amortization Of Intangibles Income Statement": 306000.0,
        "Research And Development": 12308000.0,
        "Selling General And Administration": 16194000.0,
        "Gross Profit": 27931000.0,
        "Cost Of Revenue": 13194000.0,
        "Total Revenue": 41125000.0,
        "Operating Revenue": 41125000.0
    },
    "2024-03-31": {
        "Tax Effect Of Unusual Items": 0.0,
        "Tax Rate For Calcs": 0.21,
        "Normalized EBITDA": -53000.0,
        "Net Income From Continuing Operation Net Minority Interest": -393000.0,
        "Reconciled Depreciation": 1907000.0,
        "Reconciled Cost Of Revenue": 11881000.0,
        "EBITDA": -53000.0,
        "EBIT": -1960000.0,
        "Net Interest Income": 1692000.0,
        "Interest Income": 1692000.0,
        "Normalized Income": -393000.0,
        "Net Income From Continuing And Discontinued Operation": -393000.0,
        "Total Expenses": 43270000.0,
        "Diluted Average Shares": 38500000.0,
        "Basic Average Shares": 38500000.0,
        "Diluted EPS": -0.01,
        "Basic EPS": -0.01,
        "Diluted NI Availto Com Stockholders": -393000.0,
        "Net Income Common Stockholders": -393000.0,
        "Net Income": -393000.0,
        "Net Income Including Noncontrolling Interests": -393000.0,
        "Net Income Continuous Operations": -393000.0,
        "Tax Provision": 125000.0,
        "Pretax Income": -268000.0,
        "Net Non Operating Interest Income Expense": 1692000.0,
        "Total Other Finance Cost": NaN,
        "Interest Income Non Operating": 1692000.0,
        "Operating Income": -1960000.0,
        "Operating Expense": 29741000.0,
        "Depreciation Amortization Depletion Income Statement": 259000.0,
        "Depreciation And Amortization In Income Statement": 259000.0,
        "Amortization": 259000.0,
        "Amortization Of Intangibles Income Statement": 259000.0,
        "Research And Development": 12984000.0,
        "Selling General And Administration": 16498000.0,
        "Gross Profit": 27781000.0,
        "Cost Of Revenue": 13529000.0,
        "Total Revenue": 41310000.0,
        "Operating Revenue": 41310000.0
    },
    "2024-06-30": {
        "Tax Effect Of Unusual Items": 0.0,
        "Tax Rate For Calcs": 0.021801,
        "Normalized EBITDA": 2172000.0,
        "Net Income From Continuing Operation Net Minority Interest": 1705000.0,
        "Reconciled Depreciation": 1908000.0,
        "Reconciled Cost Of Revenue": 10581000.0,
        "EBITDA": 2172000.0,
        "EBIT": 264000.0,
        "Net Interest Income": 1479000.0,
        "Interest Income": 1479000.0,
        "Normalized Income": 1705000.0,
        "Net Income From Continuing And Discontinued Operation": 1705000.0,
        "Total Expenses": 41397000.0,
        "Diluted Average Shares": 39132000.0,
        "Basic Average Shares": 38619000.0,
        "Diluted EPS": 0.04,
        "Basic EPS": 0.04,
        "Diluted NI Availto Com Stockholders": 1705000.0,
        "Net Income Common Stockholders": 1705000.0,
        "Net Income": 1705000.0,
        "Net Income Including Noncontrolling Interests": 1705000.0,
        "Net Income Continuous Operations": 1705000.0,
        "Tax Provision": 38000.0,
        "Pretax Income": 1743000.0,
        "Net Non Operating Interest Income Expense": 1479000.0,
        "Total Other Finance Cost": NaN,
        "Interest Income Non Operating": 1479000.0,
        "Operating Income": 264000.0,
        "Operating Expense": 29167000.0,
        "Depreciation Amortization Depletion Income Statement": 259000.0,
        "Depreciation And Amortization In Income Statement": 259000.0,
        "Amortization": 259000.0,
        "Amortization Of Intangibles Income Statement": 259000.0,
        "Research And Development": 12649000.0,
        "Selling General And Administration": 16259000.0,
        "Gross Profit": 29431000.0,
        "Cost Of Revenue": 12230000.0,
        "Total Revenue": 41661000.0,
        "Operating Revenue": 41661000.0
    },
    "2024-09-30": {
        "Tax Effect Of Unusual Items": 0.0,
        "Tax Rate For Calcs": 0.392287,
        "Normalized EBITDA": 3665000.0,
        "Net Income From Continuing Operation Net Minority Interest": 2206000.0,
        "Reconciled Depreciation": 1546000.0,
        "Reconciled Cost Of Revenue": 11134000.0,
        "EBITDA": 3665000.0,
        "EBIT": 2119000.0,
        "Net Interest Income": 1511000.0,
        "Interest Income": NaN,
        "Normalized Income": 2206000.0,
        "Net Income From Continuing And Discontinued Operation": 2206000.0,
        "Total Expenses": 44290000.0,
        "Diluted Average Shares": 39105000.0,
        "Basic Average Shares": 38710000.0,
        "Diluted EPS": 0.06,
        "Basic EPS": 0.06,
        "Diluted NI Availto Com Stockholders": 2206000.0,
        "Net Income Common Stockholders": 2206000.0,
        "Net Income": 2206000.0,
        "Net Income Including Noncontrolling Interests": 2206000.0,
        "Net Income Continuous Operations": 2206000.0,
        "Tax Provision": 1424000.0,
        "Pretax Income": 3630000.0,
        "Net Non Operating Interest Income Expense": 1511000.0,
        "Total Other Finance Cost": -1511000.0,
        "Interest Income Non Operating": NaN,
        "Operating Income": 2119000.0,
        "Operating Expense": 31806000.0,
        "Depreciation Amortization Depletion Income Statement": 196000.0,
        "Depreciation And Amortization In Income Statement": 196000.0,
        "Amortization": 196000.0,
        "Amortization Of Intangibles Income Statement": 196000.0,
        "Research And Development": 13516000.0,
        "Selling General And Administration": 18094000.0,
        "Gross Profit": 33925000.0,
        "Cost Of Revenue": 12484000.0,
        "Total Revenue": 46409000.0,
        "Operating Revenue": 46409000.0
    },
    "2024-12-31": {
        "Tax Effect Of Unusual Items": 0.0,
        "Tax Rate For Calcs": 0.21,
        "Normalized EBITDA": 2010000.0,
        "Net Income From Continuing Operation Net Minority Interest": 539000.0,
        "Reconciled Depreciation": 1498000.0,
        "Reconciled Cost Of Revenue": 14585000.0,
        "EBITDA": 2010000.0,
        "EBIT": 512000.0,
        "Net Interest Income": 962000.0,
        "Interest Income": NaN,
        "Normalized Income": 539000.0,
        "Net Income From Continuing And Discontinued Operation": 539000.0,
        "Total Expenses": 49573000.0,
        "Diluted Average Shares": NaN,
        "Basic Average Shares": NaN,
        "Diluted EPS": NaN,
        "Basic EPS": NaN,
        "Diluted NI Availto Com Stockholders": 539000.0,
        "Net Income Common Stockholders": 539000.0,
        "Net Income": 539000.0,
        "Net Income Including Noncontrolling Interests": 539000.0,
        "Net Income Continuous Operations": 539000.0,
        "Tax Provision": 935000.0,
        "Pretax Income": 1474000.0,
        "Net Non Operating Interest Income Expense": 962000.0,
        "Total Other Finance Cost": -962000.0,
        "Interest Income Non Operating": NaN,
        "Operating Income": 512000.0,
        "Operating Expense": 33672000.0,
        "Depreciation Amortization Depletion Income Statement": 182000.0,
        "Depreciation And Amortization In Income Statement": 182000.0,
        "Amortization": 182000.0,
        "Amortization Of Intangibles Income Statement": 182000.0,
        "Research And Development": 14417000.0,
        "Selling General And Administration": 19073000.0,
        "Gross Profit": 34184000.0,
        "Cost Of Revenue": 15901000.0,
        "Total Revenue": 50085000.0,
        "Operating Revenue": 50085000.0
    }
}