{
    "2023-06-30": {
        "Tax Effect Of Unusual Items": 72660.0,
        "Tax Rate For Calcs": 0.21,
        "Total Unusual Items": 346000.0,
        "Total Unusual Items Excluding Goodwill": 346000.0,
        "Net Income From Continuing Operation Net Minority Interest": -87000.0,
        "Reconciled Depreciation": 1536000.0,
        "Net Interest Income": 16282000.0,
        "Interest Expense": 14773000.0,
        "Interest Income": 31055000.0,
        "Normalized Income": -360340.0,
        "Net Income From Continuing And Discontinued Operation": -87000.0,
        "Diluted Average Shares": 23208168.0,
        "Basic Average Shares": 23208168.0,
        "Diluted EPS": -0.003749,
        "Basic EPS": -0.003749,
        "Diluted NI Availto Com Stockholders": -87000.0,
        "Net Income Common Stockholders": -87000.0,
        "Preferred Stock Dividends": NaN,
        "Net Income": -87000.0,
        "Net Income Including Noncontrolling Interests": -87000.0,
        "Net Income Continuous Operations": -87000.0,
        "Tax Provision": -215000.0,
        "Pretax Income": -302000.0,
        "Special Income Charges": 346000.0,
        "Write Off": -346000.0,
        "Selling General And Administration": 8136000.0,
        "Selling And Marketing Expense": 303000.0,
        "General And Administrative Expense": 7833000.0,
        "Insurance And Claims": 248000.0,
        "Salaries And Wages": 7585000.0,
        "Total Revenue": 17429000.0,
        "Operating Revenue": 17429000.0,
        "Occupancy And Equipment": 3724000.0,
        "Professional Expense And Contract Services Expense": 1904000.0,
        "Other Non Interest Expense": 3326000.0
    },
    "2023-03-31": {
        "Tax Effect Of Unusual Items": 191940.0,
        "Tax Rate For Calcs": 0.21,
        "Total Unusual Items": 914000.0,
        "Total Unusual Items Excluding Goodwill": 914000.0,
        "Net Income From Continuing Operation Net Minority Interest": 331000.0,
        "Reconciled Depreciation": 742000.0,
        "Net Interest Income": 15245000.0,
        "Interest Expense": 11111000.0,
        "Interest Income": 26356000.0,
        "Normalized Income": -391060.0,
        "Net Income From Continuing And Discontinued Operation": 331000.0,
        "Diluted Average Shares": 23324532.0,
        "Basic Average Shares": 23293013.0,
        "Diluted EPS": 0.01,
        "Basic EPS": 0.01,
        "Diluted NI Availto Com Stockholders": 331000.0,
        "Net Income Common Stockholders": 331000.0,
        "Net Income": 331000.0,
        "Net Income Including Noncontrolling Interests": 331000.0,
        "Net Income Continuous Operations": 331000.0,
        "Tax Provision": 546000.0,
        "Pretax Income": 877000.0,
        "Special Income Charges": 914000.0,
        "Other Special Charges": NaN,
        "Write Off": -914000.0,
        "Selling General And Administration": 7994000.0,
        "Selling And Marketing Expense": 128000.0,
        "General And Administrative Expense": 7866000.0,
        "Insurance And Claims": 265000.0,
        "Salaries And Wages": 7601000.0,
        "Total Revenue": 16652000.0,
        "Operating Revenue": 16652000.0,
        "Occupancy And Equipment": 3570000.0,
        "Professional Expense And Contract Services Expense": 1455000.0,
        "Other Non Interest Expense": 2859000.0
    },
    "2022-12-31": {
        "Tax Effect Of Unusual Items": NaN,
        "Tax Rate For Calcs": NaN,
        "Total Unusual Items": NaN,
        "Total Unusual Items Excluding Goodwill": NaN,
        "Net Income From Continuing Operation Net Minority Interest": NaN,
        "Reconciled Depreciation": NaN,
        "Net Interest Income": NaN,
        "Interest Expense": NaN,
        "Interest Income": NaN,
        "Normalized Income": NaN,
        "Net Income From Continuing And Discontinued Operation": NaN,
        "Diluted Average Shares": NaN,
        "Basic Average Shares": NaN,
        "Diluted EPS": NaN,
        "Basic EPS": NaN,
        "Diluted NI Availto Com Stockholders": NaN,
        "Net Income Common Stockholders": NaN,
        "Preferred Stock Dividends": NaN,
        "Net Income": NaN,
        "Net Income Including Noncontrolling Interests": NaN,
        "Net Income Continuous Operations": NaN,
        "Tax Provision": NaN,
        "Pretax Income": NaN,
        "Special Income Charges": NaN,
        "Other Special Charges": 0.0,
        "Write Off": NaN,
        "Selling General And Administration": NaN,
        "Selling And Marketing Expense": NaN,
        "General And Administrative Expense": NaN,
        "Insurance And Claims": NaN,
        "Salaries And Wages": NaN,
        "Total Revenue": NaN,
        "Operating Revenue": NaN,
        "Occupancy And Equipment": NaN,
        "Professional Expense And Contract Services Expense": NaN,
        "Other Non Interest Expense": NaN
    },
    "2022-09-30": {
        "Tax Effect Of Unusual Items": NaN,
        "Tax Rate For Calcs": NaN,
        "Total Unusual Items": NaN,
        "Total Unusual Items Excluding Goodwill": NaN,
        "Net Income From Continuing Operation Net Minority Interest": NaN,
        "Reconciled Depreciation": NaN,
        "Net Interest Income": NaN,
        "Interest Expense": NaN,
        "Interest Income": NaN,
        "Normalized Income": NaN,
        "Net Income From Continuing And Discontinued Operation": NaN,
        "Diluted Average Shares": NaN,
        "Basic Average Shares": NaN,
        "Diluted EPS": NaN,
        "Basic EPS": NaN,
        "Diluted NI Availto Com Stockholders": NaN,
        "Net Income Common Stockholders": NaN,
        "Net Income": NaN,
        "Net Income Including Noncontrolling Interests": NaN,
        "Net Income Continuous Operations": NaN,
        "Tax Provision": NaN,
        "Pretax Income": NaN,
        "Special Income Charges": NaN,
        "Other Special Charges": 436000.0,
        "Write Off": NaN,
        "Selling General And Administration": NaN,
        "Selling And Marketing Expense": NaN,
        "General And Administrative Expense": NaN,
        "Insurance And Claims": NaN,
        "Salaries And Wages": NaN,
        "Total Revenue": NaN,
        "Operating Revenue": NaN
    },
    "2022-06-30": {
        "Tax Effect Of Unusual Items": -600000.0,
        "Tax Rate For Calcs": 0.4,
        "Total Unusual Items": -1500000.0,
        "Total Unusual Items Excluding Goodwill": -1500000.0,
        "Net Income From Continuing Operation Net Minority Interest": 771000.0,
        "Reconciled Depreciation": 466000.0,
        "Net Interest Income": 15488000.0,
        "Interest Expense": 1679000.0,
        "Interest Income": 17167000.0,
        "Normalized Income": 1671000.0,
        "Net Income From Continuing And Discontinued Operation": 771000.0,
        "Diluted Average Shares": 23128911.0,
        "Basic Average Shares": 23056559.0,
        "Diluted EPS": 0.03,
        "Basic EPS": 0.03,
        "Diluted NI Availto Com Stockholders": 771000.0,
        "Net Income Common Stockholders": 771000.0,
        "Net Income": 771000.0,
        "Net Income Including Noncontrolling Interests": 771000.0,
        "Net Income Continuous Operations": 771000.0,
        "Tax Provision": -488000.0,
        "Pretax Income": 283000.0,
        "Special Income Charges": -1500000.0,
        "Other Special Charges": NaN,
        "Write Off": 1500000.0,
        "Restructuring And Mergern Acquisition": 0.0,
        "Selling General And Administration": 7215000.0,
        "Selling And Marketing Expense": 52000.0,
        "General And Administrative Expense": 7163000.0,
        "Other Gand A": 1301000.0,
        "Insurance And Claims": 156000.0,
        "Salaries And Wages": 7007000.0,
        "Total Revenue": 17162000.0,
        "Operating Revenue": 17162000.0
    },
    "2022-03-31": {
        "Diluted EPS": -0.31,
        "Total Revenue": 21,
        "Gross Profit": 20,
        "Operating Income": -10,
        "EBIT": NaN,
        "Net Income": -7
    },
    "2021-12-31": {
        "Diluted EPS": 0.89,
        "Total Revenue": 38,
        "Gross Profit": 36,
        "Operating Income": 19,
        "EBIT": NaN,
        "Net Income": 15
    },
    "2021-09-30": {
        "Diluted EPS": 0.12,
        "Total Revenue": 21,
        "Gross Profit": 19,
        "Operating Income": 3,
        "EBIT": NaN,
        "Net Income": 2
    },
    "2021-06-30": {
        "Diluted EPS": 0.35,
        "Total Revenue": 24,
        "Gross Profit": 22,
        "Operating Income": 8,
        "EBIT": NaN,
        "Net Income": 6
    },
    "2021-03-31": {
        "Diluted EPS": 0.15,
        "Total Revenue": 19,
        "Gross Profit": 17,
        "Operating Income": 3,
        "EBIT": NaN,
        "Net Income": 2
    },
    "2020-12-31": {
        "Diluted EPS": 0.09,
        "Total Revenue": 19,
        "Gross Profit": 16,
        "Operating Income": 2,
        "EBIT": NaN,
        "Net Income": 2
    },
    "2020-09-30": {
        "Diluted EPS": 0.24,
        "Total Revenue": 21,
        "Gross Profit": 18,
        "Operating Income": 5,
        "EBIT": NaN,
        "Net Income": 4
    },
    "2020-06-30": {
        "Diluted EPS": -0.03,
        "Total Revenue": 13,
        "Gross Profit": 10,
        "Operating Income": -1,
        "EBIT": NaN,
        "Net Income": -1
    },
    "2020-03-31": {
        "Diluted EPS": -0.07,
        "Total Revenue": 14,
        "Gross Profit": 11,
        "Operating Income": -1,
        "EBIT": NaN,
        "Net Income": -1
    },
    "2019-12-31": {
        "Diluted EPS": -0.42,
        "Total Revenue": 13,
        "Gross Profit": 10,
        "Operating Income": -9,
        "EBIT": NaN,
        "Net Income": -7
    },
    "2019-09-30": {
        "Diluted EPS": 0.04,
        "Total Revenue": 14,
        "Gross Profit": 10,
        "Operating Income": 1,
        "EBIT": NaN,
        "Net Income": 1
    },
    "2019-06-30": {
        "Diluted EPS": 0.05,
        "Total Revenue": 13,
        "Gross Profit": 10,
        "Operating Income": 1,
        "EBIT": NaN,
        "Net Income": 1
    },
    "2019-03-31": {
        "Diluted EPS": 0.04,
        "Total Revenue": 13,
        "Gross Profit": 10,
        "Operating Income": 1,
        "EBIT": NaN,
        "Net Income": 1
    },
    "2018-12-31": {
        "Diluted EPS": 0.04,
        "Total Revenue": 13,
        "Gross Profit": 10,
        "Operating Income": 1,
        "EBIT": NaN,
        "Net Income": 1
    },
    "2018-09-30": {
        "Diluted EPS": 0.02,
        "Total Revenue": 12,
        "Gross Profit": 10,
        "Operating Income": 1,
        "EBIT": NaN,
        "Net Income": 0
    },
    "2018-06-30": {
        "Diluted EPS": 0.04,
        "Total Revenue": 12,
        "Gross Profit": 10,
        "Operating Income": 1,
        "EBIT": NaN,
        "Net Income": 1
    },
    "2018-03-31": {
        "Diluted EPS": 0.05,
        "Total Revenue": 12,
        "Gross Profit": 10,
        "Operating Income": 1,
        "EBIT": NaN,
        "Net Income": 1
    },
    "2017-12-31": {
        "Diluted EPS": 0.0,
        "Total Revenue": 11,
        "Gross Profit": 9,
        "Operating Income": -1,
        "EBIT": NaN,
        "Net Income": -3
    },
    "2017-09-30": {
        "Diluted EPS": 0.0,
        "Total Revenue": 11,
        "Gross Profit": 9,
        "Operating Income": -5,
        "EBIT": NaN,
        "Net Income": -3
    },
    "2017-06-30": {
        "Diluted EPS": 0.0,
        "Total Revenue": 11,
        "Gross Profit": 9,
        "Operating Income": 2,
        "EBIT": NaN,
        "Net Income": 1
    },
    "2017-03-31": {
        "Diluted EPS": 0.0,
        "Total Revenue": 10,
        "Gross Profit": 8,
        "Operating Income": 1,
        "EBIT": NaN,
        "Net Income": 1
    },
    "2016-12-31": {
        "Diluted EPS": 0.0,
        "Total Revenue": 9,
        "Gross Profit": 8,
        "Operating Income": -1,
        "EBIT": NaN,
        "Net Income": 0
    },
    "2016-09-30": {
        "Diluted EPS": 0.0,
        "Total Revenue": 9,
        "Gross Profit": 8,
        "Operating Income": 1,
        "EBIT": NaN,
        "Net Income": 0
    },
    "2016-06-30": {
        "Diluted EPS": 0.0,
        "Total Revenue": 9,
        "Gross Profit": 7,
        "Operating Income": 0,
        "EBIT": NaN,
        "Net Income": 0
    },
    "2016-03-31": {
        "Diluted EPS": 0.0,
        "Total Revenue": 9,
        "Gross Profit": 8,
        "Operating Income": 1,
        "EBIT": NaN,
        "Net Income": 1
    },
    "2015-12-31": {
        "Diluted EPS": 0.0,
        "Total Revenue": NaN,
        "Gross Profit": NaN,
        "Operating Income": NaN,
        "EBIT": NaN,
        "Net Income": NaN
    },
    "2023-09-30": {
        "Tax Effect Of Unusual Items": NaN,
        "Tax Rate For Calcs": NaN,
        "Total Unusual Items": NaN,
        "Total Unusual Items Excluding Goodwill": NaN,
        "Net Income From Continuing Operation Net Minority Interest": NaN,
        "Reconciled Depreciation": NaN,
        "Net Interest Income": NaN,
        "Interest Expense": NaN,
        "Interest Income": NaN,
        "Normalized Income": NaN,
        "Net Income From Continuing And Discontinued Operation": NaN,
        "Diluted Average Shares": 22349217.0,
        "Basic Average Shares": 22272076.0,
        "Diluted EPS": 0.12,
        "Basic EPS": 0.12,
        "Diluted NI Availto Com Stockholders": NaN,
        "Net Income Common Stockholders": NaN,
        "Preferred Stock Dividends": NaN,
        "Net Income": NaN,
        "Net Income Including Noncontrolling Interests": NaN,
        "Net Income Continuous Operations": NaN,
        "Tax Provision": NaN,
        "Pretax Income": NaN,
        "Special Income Charges": NaN,
        "Write Off": NaN,
        "Selling General And Administration": NaN,
        "Selling And Marketing Expense": NaN,
        "General And Administrative Expense": NaN,
        "Insurance And Claims": NaN,
        "Salaries And Wages": NaN,
        "Total Revenue": NaN,
        "Operating Revenue": NaN,
        "Occupancy And Equipment": NaN,
        "Professional Expense And Contract Services Expense": NaN,
        "Other Non Interest Expense": NaN
    },
    "2023-12-31": {
        "Tax Effect Of Unusual Items": 31920.0,
        "Tax Rate For Calcs": 0.21,
        "Total Unusual Items": 152000.0,
        "Total Unusual Items Excluding Goodwill": 152000.0,
        "Net Income From Continuing Operation Net Minority Interest": 518000.0,
        "Reconciled Depreciation": 1277000.0,
        "Net Interest Income": 17197000.0,
        "Interest Expense": 17753000.0,
        "Interest Income": 34950000.0,
        "Normalized Income": 397920.0,
        "Net Income From Continuing And Discontinued Operation": 518000.0,
        "Diluted Average Shares": 22406102.0,
        "Basic Average Shares": 22224945.0,
        "Diluted EPS": 0.02,
        "Basic EPS": 0.02,
        "Diluted NI Availto Com Stockholders": 518000.0,
        "Net Income Common Stockholders": 518000.0,
        "Preferred Stock Dividends": NaN,
        "Net Income": 518000.0,
        "Net Income Including Noncontrolling Interests": 518000.0,
        "Net Income Continuous Operations": 518000.0,
        "Tax Provision": 442000.0,
        "Pretax Income": 960000.0,
        "Special Income Charges": 152000.0,
        "Write Off": -152000.0,
        "Selling General And Administration": 8831000.0,
        "Selling And Marketing Expense": 146000.0,
        "General And Administrative Expense": 8685000.0,
        "Insurance And Claims": 250000.0,
        "Salaries And Wages": 8435000.0,
        "Total Revenue": 17985000.0,
        "Operating Revenue": 17985000.0,
        "Occupancy And Equipment": 3686000.0,
        "Professional Expense And Contract Services Expense": 2040000.0,
        "Other Non Interest Expense": 4888000.0
    },
    "2024-03-31": {
        "Tax Effect Of Unusual Items": NaN,
        "Tax Rate For Calcs": NaN,
        "Total Unusual Items": 53000.0,
        "Total Unusual Items Excluding Goodwill": 53000.0,
        "Net Income From Continuing Operation Net Minority Interest": NaN,
        "Reconciled Depreciation": NaN,
        "Net Interest Income": NaN,
        "Interest Expense": NaN,
        "Interest Income": NaN,
        "Normalized Income": NaN,
        "Net Income From Continuing And Discontinued Operation": NaN,
        "Diluted Average Shares": NaN,
        "Basic Average Shares": NaN,
        "Diluted EPS": NaN,
        "Basic EPS": NaN,
        "Diluted NI Availto Com Stockholders": NaN,
        "Net Income Common Stockholders": NaN,
        "Preferred Stock Dividends": NaN,
        "Net Income": NaN,
        "Net Income Including Noncontrolling Interests": NaN,
        "Net Income Continuous Operations": NaN,
        "Tax Provision": NaN,
        "Pretax Income": NaN,
        "Special Income Charges": 53000.0,
        "Write Off": -53000.0,
        "Selling General And Administration": NaN,
        "Selling And Marketing Expense": NaN,
        "General And Administrative Expense": NaN,
        "Insurance And Claims": NaN,
        "Salaries And Wages": NaN,
        "Total Revenue": NaN,
        "Operating Revenue": NaN,
        "Occupancy And Equipment": NaN,
        "Professional Expense And Contract Services Expense": NaN,
        "Other Non Interest Expense": NaN
    },
    "2024-06-30": {
        "Tax Effect Of Unusual Items": 0.0,
        "Tax Rate For Calcs": 0.272727,
        "Total Unusual Items": 65000.0,
        "Total Unusual Items Excluding Goodwill": 65000.0,
        "Net Income From Continuing Operation Net Minority Interest": 3192000.0,
        "Reconciled Depreciation": 1587000.0,
        "Net Interest Income": 17904000.0,
        "Interest Expense": 20888000.0,
        "Interest Income": 38792000.0,
        "Normalized Income": 3192000.0,
        "Net Income From Continuing And Discontinued Operation": 3192000.0,
        "Diluted Average Shares": NaN,
        "Basic Average Shares": NaN,
        "Diluted EPS": NaN,
        "Basic EPS": NaN,
        "Diluted NI Availto Com Stockholders": 3117000.0,
        "Net Income Common Stockholders": 3117000.0,
        "Preferred Stock Dividends": 75000.0,
        "Net Income": 3192000.0,
        "Net Income Including Noncontrolling Interests": 3192000.0,
        "Net Income Continuous Operations": 3192000.0,
        "Tax Provision": 1197000.0,
        "Pretax Income": 4389000.0,
        "Special Income Charges": 65000.0,
        "Write Off": -65000.0,
        "Selling General And Administration": 8560000.0,
        "Selling And Marketing Expense": 145000.0,
        "General And Administrative Expense": 8415000.0,
        "Insurance And Claims": 691000.0,
        "Salaries And Wages": 7724000.0,
        "Total Revenue": 19529000.0,
        "Operating Revenue": 19529000.0,
        "Occupancy And Equipment": 3564000.0,
        "Professional Expense And Contract Services Expense": 1369000.0,
        "Other Non Interest Expense": 2579000.0
    },
    "2024-09-30": {
        "Tax Effect Of Unusual Items": 11218.495604,
        "Tax Rate For Calcs": 0.20775,
        "Total Unusual Items": 54000.0,
        "Total Unusual Items Excluding Goodwill": 54000.0,
        "Net Income From Continuing Operation Net Minority Interest": 2433000.0,
        "Reconciled Depreciation": 1224000.0,
        "Net Interest Income": 19023000.0,
        "Interest Expense": 22270000.0,
        "Interest Income": 41293000.0,
        "Normalized Income": 2390218.495604,
        "Net Income From Continuing And Discontinued Operation": 2433000.0,
        "Diluted Average Shares": 22612028.0,
        "Basic Average Shares": 22446009.0,
        "Diluted EPS": 0.1,
        "Basic EPS": 0.1,
        "Diluted NI Availto Com Stockholders": 2152000.0,
        "Net Income Common Stockholders": 2152000.0,
        "Preferred Stock Dividends": 281000.0,
        "Net Income": 2433000.0,
        "Net Income Including Noncontrolling Interests": 2433000.0,
        "Net Income Continuous Operations": 2433000.0,
        "Tax Provision": 638000.0,
        "Pretax Income": 3071000.0,
        "Special Income Charges": 54000.0,
        "Write Off": -54000.0,
        "Selling General And Administration": 8324000.0,
        "Selling And Marketing Expense": 180000.0,
        "General And Administrative Expense": 8144000.0,
        "Insurance And Claims": 292000.0,
        "Salaries And Wages": 7852000.0,
        "Total Revenue": 19601000.0,
        "Operating Revenue": 19601000.0,
        "Occupancy And Equipment": 3786000.0,
        "Professional Expense And Contract Services Expense": 1351000.0,
        "Other Non Interest Expense": 2586000.0
    },
    "2024-12-31": {
        "Tax Effect Of Unusual Items": 9950.279955,
        "Tax Rate For Calcs": 0.343113,
        "Total Unusual Items": 29000.0,
        "Total Unusual Items Excluding Goodwill": 29000.0,
        "Net Income From Continuing Operation Net Minority Interest": 2933000.0,
        "Reconciled Depreciation": 1253000.0,
        "Net Interest Income": 20730000.0,
        "Interest Expense": 22156000.0,
        "Interest Income": 42886000.0,
        "Normalized Income": 2913950.279955,
        "Net Income From Continuing And Discontinued Operation": 2933000.0,
        "Diluted Average Shares": 22807644.0,
        "Basic Average Shares": 22528160.0,
        "Diluted EPS": 0.12,
        "Basic EPS": 0.12,
        "Diluted NI Availto Com Stockholders": 2651000.0,
        "Net Income Common Stockholders": 2651000.0,
        "Preferred Stock Dividends": 282000.0,
        "Net Income": 2933000.0,
        "Net Income Including Noncontrolling Interests": 2933000.0,
        "Net Income Continuous Operations": 2933000.0,
        "Tax Provision": 1532000.0,
        "Pretax Income": 4465000.0,
        "Special Income Charges": 29000.0,
        "Write Off": -29000.0,
        "Selling General And Administration": 9344000.0,
        "Selling And Marketing Expense": 289000.0,
        "General And Administrative Expense": 9055000.0,
        "Insurance And Claims": 1920000.0,
        "Salaries And Wages": 7135000.0,
        "Total Revenue": 22210000.0,
        "Operating Revenue": 22210000.0,
        "Occupancy And Equipment": 3863000.0,
        "Professional Expense And Contract Services Expense": 1703000.0,
        "Other Non Interest Expense": 1184000.0
    },
    "2025-03-31": {
        "Tax Effect Of Unusual Items": 0.0,
        "Tax Rate For Calcs": 0.253352,
        "Total Unusual Items": 0.0,
        "Total Unusual Items Excluding Goodwill": 0.0,
        "Net Income From Continuing Operation Net Minority Interest": 5959000.0,
        "Reconciled Depreciation": 1207000.0,
        "Net Interest Income": 22203000.0,
        "Interest Expense": 21794000.0,
        "Interest Income": 43997000.0,
        "Normalized Income": 5959000.0,
        "Net Income From Continuing And Discontinued Operation": 5959000.0,
        "Diluted Average Shares": 22876740.0,
        "Basic Average Shares": 22662916.0,
        "Diluted EPS": 0.25,
        "Basic EPS": 0.25,
        "Diluted NI Availto Com Stockholders": 5678000.0,
        "Net Income Common Stockholders": 5678000.0,
        "Preferred Stock Dividends": 281000.0,
        "Net Income": 5959000.0,
        "Net Income Including Noncontrolling Interests": 5959000.0,
        "Net Income Continuous Operations": 5959000.0,
        "Tax Provision": 2022000.0,
        "Pretax Income": 7981000.0,
        "Special Income Charges": 0.0,
        "Write Off": 0.0,
        "Selling General And Administration": 8639000.0,
        "Selling And Marketing Expense": 83000.0,
        "General And Administrative Expense": 8556000.0,
        "Insurance And Claims": 776000.0,
        "Salaries And Wages": 7780000.0,
        "Total Revenue": 24196000.0,
        "Operating Revenue": 24196000.0,
        "Occupancy And Equipment": 3913000.0,
        "Professional Expense And Contract Services Expense": 1364000.0,
        "Other Non Interest Expense": 2584000.0
    },
    "2025-06-30": {
        "Tax Effect Of Unusual Items": 0.0,
        "Tax Rate For Calcs": 0.236641,
        "Total Unusual Items": NaN,
        "Total Unusual Items Excluding Goodwill": NaN,
        "Net Income From Continuing Operation Net Minority Interest": 6100000.0,
        "Reconciled Depreciation": 1220000.0,
        "Net Interest Income": 24426000.0,
        "Interest Expense": 21434000.0,
        "Interest Income": 45860000.0,
        "Normalized Income": 6100000.0,
        "Net Income From Continuing And Discontinued Operation": 6100000.0,
        "Diluted Average Shares": 22947769.0,
        "Basic Average Shares": 22716615.0,
        "Diluted EPS": 0.25,
        "Basic EPS": 0.26,
        "Diluted NI Availto Com Stockholders": 5818000.0,
        "Net Income Common Stockholders": 5818000.0,
        "Preferred Stock Dividends": 282000.0,
        "Net Income": 6100000.0,
        "Net Income Including Noncontrolling Interests": 6100000.0,
        "Net Income Continuous Operations": 6100000.0,
        "Tax Provision": 1891000.0,
        "Pretax Income": 7991000.0,
        "Special Income Charges": NaN,
        "Write Off": NaN,
        "Selling General And Administration": 8736000.0,
        "Selling And Marketing Expense": 266000.0,
        "General And Administrative Expense": 8470000.0,
        "Insurance And Claims": 843000.0,
        "Salaries And Wages": 7627000.0,
        "Total Revenue": 26245000.0,
        "Operating Revenue": 26245000.0,
        "Occupancy And Equipment": 3907000.0,
        "Professional Expense And Contract Services Expense": 1367000.0,
        "Other Non Interest Expense": 2618000.0
    },
    "2025-09-30": {
        "Tax Effect Of Unusual Items": NaN,
        "Tax Rate For Calcs": NaN,
        "Total Unusual Items": NaN,
        "Total Unusual Items Excluding Goodwill": NaN,
        "Net Income From Continuing Operation Net Minority Interest": NaN,
        "Reconciled Depreciation": NaN,
        "Net Interest Income": NaN,
        "Interest Expense": NaN,
        "Interest Income": NaN,
        "Normalized Income": NaN,
        "Net Income From Continuing And Discontinued Operation": NaN,
        "Diluted Average Shares": 23135448.0,
        "Basic Average Shares": 22766195.0,
        "Diluted EPS": 0.27,
        "Basic EPS": 0.27,
        "Diluted NI Availto Com Stockholders": NaN,
        "Net Income Common Stockholders": NaN,
        "Preferred Stock Dividends": NaN,
        "Net Income": NaN,
        "Net Income Including Noncontrolling Interests": NaN,
        "Net Income Continuous Operations": NaN,
        "Tax Provision": NaN,
        "Pretax Income": NaN,
        "Special Income Charges": NaN,
        "Write Off": NaN,
        "Selling General And Administration": NaN,
        "Selling And Marketing Expense": NaN,
        "General And Administrative Expense": NaN,
        "Insurance And Claims": NaN,
        "Salaries And Wages": NaN,
        "Total Revenue": NaN,
        "Operating Revenue": NaN,
        "Occupancy And Equipment": NaN,
        "Professional Expense And Contract Services Expense": NaN,
        "Other Non Interest Expense": NaN
    }
}