{
    "2023-06-30": {
        "Tax Effect Of Unusual Items": 0.0,
        "Tax Rate For Calcs": 0.222,
        "Net Income From Continuing Operation Net Minority Interest": 4808000.0,
        "Reconciled Depreciation": 817000.0,
        "Net Interest Income": 13771000.0,
        "Interest Expense": 3828000.0,
        "Interest Income": 17599000.0,
        "Normalized Income": 4808000.0,
        "Net Income From Continuing And Discontinued Operation": 4808000.0,
        "Diluted Average Shares": 5656471.0,
        "Basic Average Shares": 5463636.0,
        "Diluted EPS": 0.85,
        "Basic EPS": 0.88,
        "Diluted NI Availto Com Stockholders": 4808000.0,
        "Net Income Common Stockholders": 4808000.0,
        "Net Income": 4808000.0,
        "Net Income Including Noncontrolling Interests": 4808000.0,
        "Net Income Continuous Operations": 4808000.0,
        "Tax Provision": 1372000.0,
        "Pretax Income": 6180000.0,
        "Gain On Sale Of Security": 0.0,
        "Selling General And Administration": 6702000.0,
        "Selling And Marketing Expense": 156000.0,
        "General And Administrative Expense": 6546000.0,
        "Insurance And Claims": 260000.0,
        "Salaries And Wages": 6286000.0,
        "Total Revenue": 17843000.0,
        "Operating Revenue": 17843000.0,
        "Occupancy And Equipment": 1981000.0,
        "Professional Expense And Contract Services Expense": 450000.0,
        "Other Non Interest Expense": 2155000.0
    },
    "2023-03-31": {
        "Tax Effect Of Unusual Items": 0.0,
        "Tax Rate For Calcs": 0.2115,
        "Total Unusual Items": NaN,
        "Total Unusual Items Excluding Goodwill": NaN,
        "Net Income From Continuing Operation Net Minority Interest": 3172000.0,
        "Reconciled Depreciation": 903000.0,
        "Net Interest Income": 14338000.0,
        "Interest Expense": 2463000.0,
        "Interest Income": 16801000.0,
        "Normalized Income": 3172000.0,
        "Net Income From Continuing And Discontinued Operation": 3172000.0,
        "Diluted Average Shares": 5656250.0,
        "Basic Average Shares": 5475603.0,
        "Diluted EPS": 0.56,
        "Basic EPS": 0.58,
        "Diluted NI Availto Com Stockholders": 3172000.0,
        "Net Income Common Stockholders": 3172000.0,
        "Net Income": 3172000.0,
        "Net Income Including Noncontrolling Interests": 3172000.0,
        "Net Income Continuous Operations": 3172000.0,
        "Tax Provision": 851000.0,
        "Pretax Income": 4023000.0,
        "Gain On Sale Of Security": -2488000.0,
        "Selling General And Administration": 6799000.0,
        "Selling And Marketing Expense": 189000.0,
        "General And Administrative Expense": 6610000.0,
        "Insurance And Claims": 110000.0,
        "Salaries And Wages": 6500000.0,
        "Total Revenue": 16026000.0,
        "Operating Revenue": 16026000.0,
        "Occupancy And Equipment": 2014000.0,
        "Professional Expense And Contract Services Expense": 399000.0,
        "Other Non Interest Expense": 2567000.0
    },
    "2022-12-31": {
        "Tax Effect Of Unusual Items": NaN,
        "Tax Rate For Calcs": NaN,
        "Total Unusual Items": -85000.0,
        "Total Unusual Items Excluding Goodwill": -85000.0,
        "Net Income From Continuing Operation Net Minority Interest": NaN,
        "Reconciled Depreciation": NaN,
        "Net Interest Income": NaN,
        "Interest Expense": NaN,
        "Interest Income": NaN,
        "Normalized Income": NaN,
        "Net Income From Continuing And Discontinued Operation": NaN,
        "Diluted Average Shares": NaN,
        "Basic Average Shares": NaN,
        "Diluted EPS": NaN,
        "Basic EPS": NaN,
        "Diluted NI Availto Com Stockholders": NaN,
        "Net Income Common Stockholders": NaN,
        "Net Income": NaN,
        "Net Income Including Noncontrolling Interests": NaN,
        "Net Income Continuous Operations": NaN,
        "Tax Provision": NaN,
        "Pretax Income": NaN,
        "Gain On Sale Of Security": NaN,
        "Selling General And Administration": NaN,
        "Selling And Marketing Expense": NaN,
        "General And Administrative Expense": NaN,
        "Insurance And Claims": NaN,
        "Salaries And Wages": NaN,
        "Total Revenue": NaN,
        "Operating Revenue": NaN,
        "Occupancy And Equipment": NaN,
        "Professional Expense And Contract Services Expense": NaN,
        "Other Non Interest Expense": NaN
    },
    "2022-09-30": {
        "Tax Effect Of Unusual Items": NaN,
        "Tax Rate For Calcs": NaN,
        "Total Unusual Items": 0.0,
        "Total Unusual Items Excluding Goodwill": 0.0,
        "Net Income From Continuing Operation Net Minority Interest": NaN,
        "Reconciled Depreciation": NaN,
        "Net Interest Income": NaN,
        "Interest Expense": NaN,
        "Interest Income": NaN,
        "Normalized Income": NaN,
        "Net Income From Continuing And Discontinued Operation": NaN,
        "Diluted Average Shares": NaN,
        "Basic Average Shares": NaN,
        "Diluted EPS": NaN,
        "Basic EPS": NaN,
        "Diluted NI Availto Com Stockholders": NaN,
        "Net Income Common Stockholders": NaN,
        "Net Income": NaN,
        "Net Income Including Noncontrolling Interests": NaN,
        "Net Income Continuous Operations": NaN,
        "Tax Provision": NaN,
        "Pretax Income": NaN,
        "Gain On Sale Of Security": NaN,
        "Selling General And Administration": NaN,
        "Selling And Marketing Expense": NaN,
        "General And Administrative Expense": NaN,
        "Insurance And Claims": NaN,
        "Salaries And Wages": NaN,
        "Total Revenue": NaN,
        "Operating Revenue": NaN
    },
    "2022-06-30": {
        "Tax Effect Of Unusual Items": 0.0,
        "Tax Rate For Calcs": 0.2003,
        "Total Unusual Items": 0.0,
        "Total Unusual Items Excluding Goodwill": 0.0,
        "Net Income From Continuing Operation Net Minority Interest": 3217000.0,
        "Reconciled Depreciation": 1889000.0,
        "Net Interest Income": 11348000.0,
        "Interest Expense": 644000.0,
        "Interest Income": 11992000.0,
        "Normalized Income": 3217000.0,
        "Net Income From Continuing And Discontinued Operation": 3217000.0,
        "Diluted Average Shares": 5661712.0,
        "Basic Average Shares": 5481899.0,
        "Diluted EPS": 0.57,
        "Basic EPS": 0.59,
        "Diluted NI Availto Com Stockholders": 3217000.0,
        "Net Income Common Stockholders": 3217000.0,
        "Net Income": 3217000.0,
        "Net Income Including Noncontrolling Interests": 3217000.0,
        "Net Income Continuous Operations": 3217000.0,
        "Tax Provision": 806000.0,
        "Pretax Income": 4023000.0,
        "Gain On Sale Of Security": NaN,
        "Selling General And Administration": 6443000.0,
        "Selling And Marketing Expense": 169000.0,
        "General And Administrative Expense": 6443000.0,
        "Insurance And Claims": 115000.0,
        "Salaries And Wages": 6443000.0,
        "Total Revenue": 15919000.0,
        "Operating Revenue": 15919000.0
    },
    "2022-03-31": {
        "Diluted EPS": 0.61,
        "Total Revenue": 18,
        "Gross Profit": 18,
        "Operating Income": 4,
        "EBIT": NaN,
        "Net Income": 3
    },
    "2021-12-31": {
        "Diluted EPS": 0.53,
        "Total Revenue": 18,
        "Gross Profit": 18,
        "Operating Income": 4,
        "EBIT": NaN,
        "Net Income": 3
    },
    "2021-09-30": {
        "Diluted EPS": 0.59,
        "Total Revenue": 17,
        "Gross Profit": 17,
        "Operating Income": 4,
        "EBIT": NaN,
        "Net Income": 3
    },
    "2021-06-30": {
        "Diluted EPS": 0.8,
        "Total Revenue": 19,
        "Gross Profit": 18,
        "Operating Income": 6,
        "EBIT": NaN,
        "Net Income": 5
    },
    "2021-03-31": {
        "Diluted EPS": 0.71,
        "Total Revenue": 18,
        "Gross Profit": 17,
        "Operating Income": 5,
        "EBIT": NaN,
        "Net Income": 4
    },
    "2020-12-31": {
        "Diluted EPS": 0.33,
        "Total Revenue": 18,
        "Gross Profit": 17,
        "Operating Income": 2,
        "EBIT": NaN,
        "Net Income": 2
    },
    "2020-09-30": {
        "Diluted EPS": 0.78,
        "Total Revenue": 19,
        "Gross Profit": 18,
        "Operating Income": 6,
        "EBIT": NaN,
        "Net Income": 5
    },
    "2020-06-30": {
        "Diluted EPS": 0.44,
        "Total Revenue": 17,
        "Gross Profit": 16,
        "Operating Income": 3,
        "EBIT": NaN,
        "Net Income": 3
    },
    "2020-03-31": {
        "Diluted EPS": 0.4,
        "Total Revenue": 17,
        "Gross Profit": 16,
        "Operating Income": 3,
        "EBIT": NaN,
        "Net Income": 2
    },
    "2019-12-31": {
        "Diluted EPS": 0.5,
        "Total Revenue": 17,
        "Gross Profit": 16,
        "Operating Income": 4,
        "EBIT": NaN,
        "Net Income": 3
    },
    "2019-09-30": {
        "Diluted EPS": 0.61,
        "Total Revenue": 17,
        "Gross Profit": 16,
        "Operating Income": 4,
        "EBIT": NaN,
        "Net Income": 4
    },
    "2019-06-30": {
        "Diluted EPS": 0.64,
        "Total Revenue": 17,
        "Gross Profit": 16,
        "Operating Income": 5,
        "EBIT": NaN,
        "Net Income": 4
    },
    "2019-03-31": {
        "Diluted EPS": 0.61,
        "Total Revenue": 16,
        "Gross Profit": 16,
        "Operating Income": 4,
        "EBIT": NaN,
        "Net Income": 4
    },
    "2018-12-31": {
        "Diluted EPS": 0.57,
        "Total Revenue": 16,
        "Gross Profit": 16,
        "Operating Income": 4,
        "EBIT": NaN,
        "Net Income": 3
    },
    "2018-09-30": {
        "Diluted EPS": 0.57,
        "Total Revenue": 16,
        "Gross Profit": 15,
        "Operating Income": 4,
        "EBIT": NaN,
        "Net Income": 3
    },
    "2018-06-30": {
        "Diluted EPS": 0.53,
        "Total Revenue": 15,
        "Gross Profit": 15,
        "Operating Income": 4,
        "EBIT": NaN,
        "Net Income": 3
    },
    "2018-03-31": {
        "Diluted EPS": 0.55,
        "Total Revenue": 14,
        "Gross Profit": 14,
        "Operating Income": 4,
        "EBIT": NaN,
        "Net Income": 3
    },
    "2017-12-31": {
        "Diluted EPS": 0.34,
        "Total Revenue": 15,
        "Gross Profit": 14,
        "Operating Income": 3,
        "EBIT": NaN,
        "Net Income": 2
    },
    "2017-09-30": {
        "Diluted EPS": 0.52,
        "Total Revenue": 15,
        "Gross Profit": 14,
        "Operating Income": 4,
        "EBIT": NaN,
        "Net Income": 3
    },
    "2017-06-30": {
        "Diluted EPS": 0.47,
        "Total Revenue": 14,
        "Gross Profit": 14,
        "Operating Income": 4,
        "EBIT": NaN,
        "Net Income": 3
    },
    "2017-03-31": {
        "Diluted EPS": 0.36,
        "Total Revenue": 14,
        "Gross Profit": 13,
        "Operating Income": 3,
        "EBIT": NaN,
        "Net Income": 2
    },
    "2016-12-31": {
        "Diluted EPS": 0.22,
        "Total Revenue": 16,
        "Gross Profit": 15,
        "Operating Income": 1,
        "EBIT": NaN,
        "Net Income": 1
    },
    "2016-09-30": {
        "Diluted EPS": 0.4,
        "Total Revenue": 13,
        "Gross Profit": 13,
        "Operating Income": 3,
        "EBIT": NaN,
        "Net Income": 2
    },
    "2016-06-30": {
        "Diluted EPS": 0.48,
        "Total Revenue": 13,
        "Gross Profit": 13,
        "Operating Income": 4,
        "EBIT": NaN,
        "Net Income": 3
    },
    "2016-03-31": {
        "Diluted EPS": 0.4,
        "Total Revenue": 13,
        "Gross Profit": 12,
        "Operating Income": 3,
        "EBIT": NaN,
        "Net Income": 2
    },
    "2015-12-31": {
        "Diluted EPS": 0.35,
        "Total Revenue": 13,
        "Gross Profit": 13,
        "Operating Income": 3,
        "EBIT": NaN,
        "Net Income": 2
    },
    "2015-09-30": {
        "Diluted EPS": 0.41,
        "Total Revenue": 13,
        "Gross Profit": 12,
        "Operating Income": 3,
        "EBIT": NaN,
        "Net Income": 2
    },
    "2015-06-30": {
        "Diluted EPS": 0.43,
        "Total Revenue": 12,
        "Gross Profit": 12,
        "Operating Income": 3,
        "EBIT": NaN,
        "Net Income": 3
    },
    "2015-03-31": {
        "Diluted EPS": 0.37,
        "Total Revenue": 13,
        "Gross Profit": 12,
        "Operating Income": 3,
        "EBIT": NaN,
        "Net Income": 2
    },
    "2014-12-31": {
        "Diluted EPS": 0.29,
        "Total Revenue": 13,
        "Gross Profit": 12,
        "Operating Income": 1,
        "EBIT": NaN,
        "Net Income": 2
    },
    "2014-09-30": {
        "Diluted EPS": 0.39,
        "Total Revenue": 13,
        "Gross Profit": 12,
        "Operating Income": 3,
        "EBIT": NaN,
        "Net Income": 2
    },
    "2014-06-30": {
        "Diluted EPS": 0.41,
        "Total Revenue": 13,
        "Gross Profit": 12,
        "Operating Income": 3,
        "EBIT": NaN,
        "Net Income": 3
    },
    "2014-03-31": {
        "Diluted EPS": 0.42,
        "Total Revenue": 12,
        "Gross Profit": 11,
        "Operating Income": 4,
        "EBIT": NaN,
        "Net Income": 3
    },
    "2013-12-31": {
        "Diluted EPS": 0.19,
        "Total Revenue": 12,
        "Gross Profit": 11,
        "Operating Income": 2,
        "EBIT": NaN,
        "Net Income": 1
    },
    "2013-09-30": {
        "Diluted EPS": 0.28,
        "Total Revenue": 12,
        "Gross Profit": 11,
        "Operating Income": 3,
        "EBIT": NaN,
        "Net Income": 2
    },
    "2013-06-30": {
        "Diluted EPS": 0.24,
        "Total Revenue": 12,
        "Gross Profit": 11,
        "Operating Income": 2,
        "EBIT": NaN,
        "Net Income": 1
    },
    "2013-03-31": {
        "Diluted EPS": 0.26,
        "Total Revenue": 13,
        "Gross Profit": 11,
        "Operating Income": 2,
        "EBIT": NaN,
        "Net Income": 2
    },
    "2012-12-31": {
        "Diluted EPS": 0.16,
        "Total Revenue": 12,
        "Gross Profit": 10,
        "Operating Income": 1,
        "EBIT": NaN,
        "Net Income": 1
    },
    "2012-09-30": {
        "Diluted EPS": 0.21,
        "Total Revenue": 13,
        "Gross Profit": 11,
        "Operating Income": 2,
        "EBIT": NaN,
        "Net Income": 1
    },
    "2012-06-30": {
        "Diluted EPS": 0.19,
        "Total Revenue": 13,
        "Gross Profit": 11,
        "Operating Income": 2,
        "EBIT": NaN,
        "Net Income": 1
    },
    "2012-03-31": {
        "Diluted EPS": 0.22,
        "Total Revenue": 14,
        "Gross Profit": 12,
        "Operating Income": 2,
        "EBIT": NaN,
        "Net Income": 1
    },
    "2011-12-31": {
        "Diluted EPS": 0.24,
        "Total Revenue": 15,
        "Gross Profit": 13,
        "Operating Income": 2,
        "EBIT": NaN,
        "Net Income": 1
    },
    "2011-09-30": {
        "Diluted EPS": 0.17,
        "Total Revenue": 15,
        "Gross Profit": 12,
        "Operating Income": 2,
        "EBIT": NaN,
        "Net Income": 1
    },
    "2011-06-30": {
        "Diluted EPS": 0.05,
        "Total Revenue": 14,
        "Gross Profit": 11,
        "Operating Income": 1,
        "EBIT": NaN,
        "Net Income": 0
    },
    "2011-03-31": {
        "Diluted EPS": 0.16,
        "Total Revenue": 15,
        "Gross Profit": 12,
        "Operating Income": 2,
        "EBIT": NaN,
        "Net Income": 1
    },
    "2010-12-31": {
        "Diluted EPS": -0.12,
        "Total Revenue": 16,
        "Gross Profit": 13,
        "Operating Income": -1,
        "EBIT": NaN,
        "Net Income": -1
    },
    "2010-09-30": {
        "Diluted EPS": 0.03,
        "Total Revenue": 16,
        "Gross Profit": 12,
        "Operating Income": 0,
        "EBIT": NaN,
        "Net Income": 0
    },
    "2010-06-30": {
        "Diluted EPS": 0.08,
        "Total Revenue": 15,
        "Gross Profit": 11,
        "Operating Income": 1,
        "EBIT": NaN,
        "Net Income": 1
    },
    "2010-03-31": {
        "Diluted EPS": 0.08,
        "Total Revenue": 15,
        "Gross Profit": 11,
        "Operating Income": 1,
        "EBIT": NaN,
        "Net Income": 1
    },
    "2009-12-31": {
        "Diluted EPS": 0.05,
        "Total Revenue": 15,
        "Gross Profit": 11,
        "Operating Income": 1,
        "EBIT": NaN,
        "Net Income": 0
    },
    "2009-09-30": {
        "Diluted EPS": -0.01,
        "Total Revenue": 15,
        "Gross Profit": 11,
        "Operating Income": 0,
        "EBIT": NaN,
        "Net Income": 0
    },
    "2009-06-30": {
        "Diluted EPS": 0.16,
        "Total Revenue": 17,
        "Gross Profit": 12,
        "Operating Income": 2,
        "EBIT": NaN,
        "Net Income": 1
    },
    "2009-03-31": {
        "Diluted EPS": 0.07,
        "Total Revenue": 15,
        "Gross Profit": 10,
        "Operating Income": 1,
        "EBIT": NaN,
        "Net Income": 0
    },
    "2023-09-30": {
        "Tax Effect Of Unusual Items": NaN,
        "Tax Rate For Calcs": NaN,
        "Net Income From Continuing Operation Net Minority Interest": NaN,
        "Reconciled Depreciation": NaN,
        "Net Interest Income": NaN,
        "Interest Expense": NaN,
        "Interest Income": NaN,
        "Normalized Income": NaN,
        "Net Income From Continuing And Discontinued Operation": NaN,
        "Diluted Average Shares": 5577027.0,
        "Basic Average Shares": 5430263.0,
        "Diluted EPS": 0.74,
        "Basic EPS": 0.76,
        "Diluted NI Availto Com Stockholders": NaN,
        "Net Income Common Stockholders": NaN,
        "Net Income": NaN,
        "Net Income Including Noncontrolling Interests": NaN,
        "Net Income Continuous Operations": NaN,
        "Tax Provision": NaN,
        "Pretax Income": NaN,
        "Gain On Sale Of Security": NaN,
        "Selling General And Administration": NaN,
        "Selling And Marketing Expense": NaN,
        "General And Administrative Expense": NaN,
        "Insurance And Claims": NaN,
        "Salaries And Wages": NaN,
        "Total Revenue": NaN,
        "Operating Revenue": NaN,
        "Occupancy And Equipment": NaN,
        "Professional Expense And Contract Services Expense": NaN,
        "Other Non Interest Expense": NaN
    },
    "2023-12-31": {
        "Tax Effect Of Unusual Items": 0.0,
        "Tax Rate For Calcs": 0.222423,
        "Net Income From Continuing Operation Net Minority Interest": 3440000.0,
        "Reconciled Depreciation": 710000.0,
        "Net Interest Income": 13270000.0,
        "Interest Expense": 5886000.0,
        "Interest Income": 19156000.0,
        "Normalized Income": 3440000.0,
        "Net Income From Continuing And Discontinued Operation": 3440000.0,
        "Diluted Average Shares": 5548387.0,
        "Basic Average Shares": 5375000.0,
        "Diluted EPS": 0.62,
        "Basic EPS": 0.64,
        "Diluted NI Availto Com Stockholders": 3440000.0,
        "Net Income Common Stockholders": 3440000.0,
        "Net Income": 3440000.0,
        "Net Income Including Noncontrolling Interests": 3440000.0,
        "Net Income Continuous Operations": 3440000.0,
        "Tax Provision": 984000.0,
        "Pretax Income": 4424000.0,
        "Gain On Sale Of Security": 0.0,
        "Selling General And Administration": 7509000.0,
        "Selling And Marketing Expense": 188000.0,
        "General And Administrative Expense": 7321000.0,
        "Insurance And Claims": 189000.0,
        "Salaries And Wages": 7132000.0,
        "Total Revenue": 17227000.0,
        "Operating Revenue": 17227000.0,
        "Occupancy And Equipment": 1979000.0,
        "Professional Expense And Contract Services Expense": 461000.0,
        "Other Non Interest Expense": 2633000.0
    },
    "2024-03-31": {
        "Tax Effect Of Unusual Items": 0.0,
        "Tax Rate For Calcs": 0.1662,
        "Net Income From Continuing Operation Net Minority Interest": 3948000.0,
        "Reconciled Depreciation": 671000.0,
        "Net Interest Income": 13304000.0,
        "Interest Expense": 6506000.0,
        "Interest Income": 19810000.0,
        "Normalized Income": 3948000.0,
        "Net Income From Continuing And Discontinued Operation": 3948000.0,
        "Diluted Average Shares": 5483333.0,
        "Basic Average Shares": 5335135.0,
        "Diluted EPS": 0.72,
        "Basic EPS": 0.74,
        "Diluted NI Availto Com Stockholders": 3948000.0,
        "Net Income Common Stockholders": 3948000.0,
        "Net Income": 3948000.0,
        "Net Income Including Noncontrolling Interests": 3948000.0,
        "Net Income Continuous Operations": 3948000.0,
        "Tax Provision": 787000.0,
        "Pretax Income": 4735000.0,
        "Gain On Sale Of Security": 0.0,
        "Selling General And Administration": 7370000.0,
        "Selling And Marketing Expense": 199000.0,
        "General And Administrative Expense": 7171000.0,
        "Insurance And Claims": 191000.0,
        "Salaries And Wages": 6980000.0,
        "Total Revenue": 17126000.0,
        "Operating Revenue": 17126000.0,
        "Occupancy And Equipment": 2111000.0,
        "Professional Expense And Contract Services Expense": 392000.0,
        "Other Non Interest Expense": 2427000.0
    },
    "2024-06-30": {
        "Tax Effect Of Unusual Items": 0.0,
        "Tax Rate For Calcs": 0.220912,
        "Net Income From Continuing Operation Net Minority Interest": 4888000.0,
        "Reconciled Depreciation": 758000.0,
        "Net Interest Income": 13416000.0,
        "Interest Expense": 6654000.0,
        "Interest Income": 20070000.0,
        "Normalized Income": 4888000.0,
        "Net Income From Continuing And Discontinued Operation": 4888000.0,
        "Diluted Average Shares": 5492135.0,
        "Basic Average Shares": 5255914.0,
        "Diluted EPS": 0.89,
        "Basic EPS": 0.93,
        "Diluted NI Availto Com Stockholders": 4888000.0,
        "Net Income Common Stockholders": 4888000.0,
        "Net Income": 4888000.0,
        "Net Income Including Noncontrolling Interests": 4888000.0,
        "Net Income Continuous Operations": 4888000.0,
        "Tax Provision": 1386000.0,
        "Pretax Income": 6274000.0,
        "Gain On Sale Of Security": 0.0,
        "Selling General And Administration": 7114000.0,
        "Selling And Marketing Expense": 95000.0,
        "General And Administrative Expense": 7019000.0,
        "Insurance And Claims": 192000.0,
        "Salaries And Wages": 6827000.0,
        "Total Revenue": 17989000.0,
        "Operating Revenue": 17989000.0,
        "Occupancy And Equipment": 2105000.0,
        "Professional Expense And Contract Services Expense": 635000.0,
        "Other Non Interest Expense": 2329000.0
    },
    "2024-09-30": {
        "Tax Effect Of Unusual Items": 0.0,
        "Tax Rate For Calcs": 0.25755,
        "Net Income From Continuing Operation Net Minority Interest": 3958000.0,
        "Reconciled Depreciation": 755000.0,
        "Net Interest Income": 13549000.0,
        "Interest Expense": 6918000.0,
        "Interest Income": 20467000.0,
        "Normalized Income": 3958000.0,
        "Net Income From Continuing And Discontinued Operation": 3958000.0,
        "Diluted Average Shares": 5497222.0,
        "Basic Average Shares": 5348649.0,
        "Diluted EPS": 0.72,
        "Basic EPS": 0.74,
        "Diluted NI Availto Com Stockholders": 3958000.0,
        "Net Income Common Stockholders": 3958000.0,
        "Net Income": 3958000.0,
        "Net Income Including Noncontrolling Interests": 3958000.0,
        "Net Income Continuous Operations": 3958000.0,
        "Tax Provision": 1373000.0,
        "Pretax Income": 5331000.0,
        "Gain On Sale Of Security": 5000.0,
        "Selling General And Administration": 6979000.0,
        "Selling And Marketing Expense": 188000.0,
        "General And Administrative Expense": 6791000.0,
        "Insurance And Claims": 189000.0,
        "Salaries And Wages": 6602000.0,
        "Total Revenue": 17875000.0,
        "Operating Revenue": 17875000.0,
        "Occupancy And Equipment": 2446000.0,
        "Professional Expense And Contract Services Expense": 590000.0,
        "Other Non Interest Expense": 2232000.0
    },
    "2024-12-31": {
        "Tax Effect Of Unusual Items": 0.0,
        "Tax Rate For Calcs": 0.22445,
        "Net Income From Continuing Operation Net Minority Interest": 3559000.0,
        "Reconciled Depreciation": 706000.0,
        "Net Interest Income": 13810000.0,
        "Interest Expense": 6576000.0,
        "Interest Income": 20386000.0,
        "Normalized Income": 3559000.0,
        "Net Income From Continuing And Discontinued Operation": 3559000.0,
        "Diluted Average Shares": 5475385.0,
        "Basic Average Shares": 5311940.0,
        "Diluted EPS": 0.65,
        "Basic EPS": 0.67,
        "Diluted NI Availto Com Stockholders": 3559000.0,
        "Net Income Common Stockholders": 3559000.0,
        "Net Income": 3559000.0,
        "Net Income Including Noncontrolling Interests": 3559000.0,
        "Net Income Continuous Operations": 3559000.0,
        "Tax Provision": 1030000.0,
        "Pretax Income": 4589000.0,
        "Gain On Sale Of Security": 1186000.0,
        "Selling General And Administration": 8218000.0,
        "Selling And Marketing Expense": 226000.0,
        "General And Administrative Expense": 7992000.0,
        "Insurance And Claims": 192000.0,
        "Salaries And Wages": 7800000.0,
        "Total Revenue": 18150000.0,
        "Operating Revenue": 18150000.0,
        "Occupancy And Equipment": 2024000.0,
        "Professional Expense And Contract Services Expense": 699000.0,
        "Other Non Interest Expense": 2825000.0
    },
    "2025-03-31": {
        "Tax Effect Of Unusual Items": 0.0,
        "Tax Rate For Calcs": 0.2285,
        "Net Income From Continuing Operation Net Minority Interest": 4345000.0,
        "Reconciled Depreciation": 678000.0,
        "Net Interest Income": 13944000.0,
        "Interest Expense": 6026000.0,
        "Interest Income": 19970000.0,
        "Normalized Income": 4345000.0,
        "Net Income From Continuing And Discontinued Operation": 4345000.0,
        "Diluted Average Shares": 5500000.0,
        "Basic Average Shares": 5298780.0,
        "Diluted EPS": 0.79,
        "Basic EPS": 0.82,
        "Diluted NI Availto Com Stockholders": 4345000.0,
        "Net Income Common Stockholders": 4345000.0,
        "Net Income": 4345000.0,
        "Net Income Including Noncontrolling Interests": 4345000.0,
        "Net Income Continuous Operations": 4345000.0,
        "Tax Provision": 1287000.0,
        "Pretax Income": 5632000.0,
        "Gain On Sale Of Security": -4000.0,
        "Selling General And Administration": 7230000.0,
        "Selling And Marketing Expense": 253000.0,
        "General And Administrative Expense": 6977000.0,
        "Insurance And Claims": 189000.0,
        "Salaries And Wages": 6788000.0,
        "Total Revenue": 17818000.0,
        "Operating Revenue": 17818000.0,
        "Occupancy And Equipment": 2028000.0,
        "Professional Expense And Contract Services Expense": 507000.0,
        "Other Non Interest Expense": 2153000.0
    },
    "2025-06-30": {
        "Tax Effect Of Unusual Items": 0.0,
        "Tax Rate For Calcs": 0.225574,
        "Net Income From Continuing Operation Net Minority Interest": 5160000.0,
        "Reconciled Depreciation": 705000.0,
        "Net Interest Income": 14597000.0,
        "Interest Expense": 6123000.0,
        "Interest Income": 20720000.0,
        "Normalized Income": 5160000.0,
        "Net Income From Continuing And Discontinued Operation": 5160000.0,
        "Diluted Average Shares": 5431579.0,
        "Basic Average Shares": 5319588.0,
        "Diluted EPS": 0.95,
        "Basic EPS": 0.97,
        "Diluted NI Availto Com Stockholders": 5160000.0,
        "Net Income Common Stockholders": 5160000.0,
        "Net Income": 5160000.0,
        "Net Income Including Noncontrolling Interests": 5160000.0,
        "Net Income Continuous Operations": 5160000.0,
        "Tax Provision": 1503000.0,
        "Pretax Income": 6663000.0,
        "Gain On Sale Of Security": 0.0,
        "Selling General And Administration": 7606000.0,
        "Selling And Marketing Expense": 245000.0,
        "General And Administrative Expense": 7361000.0,
        "Insurance And Claims": 193000.0,
        "Salaries And Wages": 7168000.0,
        "Total Revenue": 18907000.0,
        "Operating Revenue": 18907000.0,
        "Occupancy And Equipment": 2058000.0,
        "Professional Expense And Contract Services Expense": 559000.0,
        "Other Non Interest Expense": 2234000.0
    },
    "2025-09-30": {
        "Tax Effect Of Unusual Items": 0.0,
        "Tax Rate For Calcs": 0.229549,
        "Net Income From Continuing Operation Net Minority Interest": 3692000.0,
        "Reconciled Depreciation": 735000.0,
        "Net Interest Income": 15119000.0,
        "Interest Expense": 6286000.0,
        "Interest Income": 21405000.0,
        "Normalized Income": 3692000.0,
        "Net Income From Continuing And Discontinued Operation": 3692000.0,
        "Diluted Average Shares": 5471622.0,
        "Basic Average Shares": 5309028.0,
        "Diluted EPS": 0.67,
        "Basic EPS": 0.7,
        "Diluted NI Availto Com Stockholders": 3692000.0,
        "Net Income Common Stockholders": 3692000.0,
        "Net Income": 3692000.0,
        "Net Income Including Noncontrolling Interests": 3692000.0,
        "Net Income Continuous Operations": 3692000.0,
        "Tax Provision": 1100000.0,
        "Pretax Income": 4792000.0,
        "Gain On Sale Of Security": 0.0,
        "Selling General And Administration": 7556000.0,
        "Selling And Marketing Expense": 266000.0,
        "General And Administrative Expense": 7290000.0,
        "Insurance And Claims": 196000.0,
        "Salaries And Wages": 7094000.0,
        "Total Revenue": 18583000.0,
        "Operating Revenue": 18583000.0,
        "Occupancy And Equipment": 2278000.0,
        "Professional Expense And Contract Services Expense": 1395000.0,
        "Other Non Interest Expense": 2032000.0
    }
}