{
    "2023-06-30": {
        "Tax Effect Of Unusual Items": NaN,
        "Tax Rate For Calcs": NaN,
        "Normalized EBITDA": NaN,
        "Total Unusual Items": NaN,
        "Total Unusual Items Excluding Goodwill": NaN,
        "Net Income From Continuing Operation Net Minority Interest": NaN,
        "Reconciled Depreciation": NaN,
        "Reconciled Cost Of Revenue": NaN,
        "EBITDA": NaN,
        "EBIT": NaN,
        "Net Interest Income": NaN,
        "Interest Expense": NaN,
        "Interest Income": NaN,
        "Normalized Income": NaN,
        "Net Income From Continuing And Discontinued Operation": NaN,
        "Total Expenses": NaN,
        "Total Operating Income As Reported": NaN,
        "Diluted Average Shares": NaN,
        "Basic Average Shares": NaN,
        "Diluted EPS": NaN,
        "Basic EPS": NaN,
        "Diluted NI Availto Com Stockholders": NaN,
        "Net Income Common Stockholders": NaN,
        "Net Income": NaN,
        "Net Income Including Noncontrolling Interests": NaN,
        "Net Income Continuous Operations": NaN,
        "Tax Provision": NaN,
        "Pretax Income": NaN,
        "Other Income Expense": NaN,
        "Other Non Operating Income Expenses": 5702000.0,
        "Special Income Charges": NaN,
        "Other Special Charges": NaN,
        "Restructuring And Mergern Acquisition": NaN,
        "Gain On Sale Of Security": NaN,
        "Net Non Operating Interest Income Expense": NaN,
        "Interest Expense Non Operating": NaN,
        "Interest Income Non Operating": NaN,
        "Operating Income": NaN,
        "Operating Expense": NaN,
        "Research And Development": NaN,
        "Selling General And Administration": NaN,
        "Selling And Marketing Expense": NaN,
        "General And Administrative Expense": NaN,
        "Other Gand A": NaN,
        "Salaries And Wages": 21202000.0,
        "Gross Profit": NaN,
        "Cost Of Revenue": NaN,
        "Total Revenue": NaN,
        "Operating Revenue": NaN
    },
    "2023-03-31": {
        "Tax Effect Of Unusual Items": NaN,
        "Tax Rate For Calcs": NaN,
        "Normalized EBITDA": NaN,
        "Total Unusual Items": NaN,
        "Total Unusual Items Excluding Goodwill": NaN,
        "Net Income From Continuing Operation Net Minority Interest": NaN,
        "Reconciled Depreciation": NaN,
        "Reconciled Cost Of Revenue": NaN,
        "EBITDA": NaN,
        "EBIT": NaN,
        "Net Interest Income": NaN,
        "Interest Expense": NaN,
        "Interest Income": NaN,
        "Normalized Income": NaN,
        "Net Income From Continuing And Discontinued Operation": NaN,
        "Total Expenses": NaN,
        "Total Operating Income As Reported": NaN,
        "Diluted Average Shares": NaN,
        "Basic Average Shares": NaN,
        "Diluted EPS": NaN,
        "Basic EPS": NaN,
        "Diluted NI Availto Com Stockholders": NaN,
        "Net Income Common Stockholders": NaN,
        "Net Income": NaN,
        "Net Income Including Noncontrolling Interests": NaN,
        "Net Income Continuous Operations": NaN,
        "Tax Provision": NaN,
        "Pretax Income": NaN,
        "Other Income Expense": NaN,
        "Other Non Operating Income Expenses": 6583000.0,
        "Special Income Charges": NaN,
        "Other Special Charges": NaN,
        "Restructuring And Mergern Acquisition": NaN,
        "Gain On Sale Of Security": NaN,
        "Net Non Operating Interest Income Expense": NaN,
        "Interest Expense Non Operating": NaN,
        "Interest Income Non Operating": NaN,
        "Operating Income": NaN,
        "Operating Expense": NaN,
        "Research And Development": NaN,
        "Selling General And Administration": NaN,
        "Selling And Marketing Expense": NaN,
        "General And Administrative Expense": NaN,
        "Other Gand A": NaN,
        "Salaries And Wages": NaN,
        "Gross Profit": NaN,
        "Cost Of Revenue": NaN,
        "Total Revenue": NaN,
        "Operating Revenue": NaN
    },
    "2022-12-31": {
        "Tax Effect Of Unusual Items": NaN,
        "Tax Rate For Calcs": NaN,
        "Normalized EBITDA": NaN,
        "Total Unusual Items": NaN,
        "Total Unusual Items Excluding Goodwill": NaN,
        "Net Income From Continuing Operation Net Minority Interest": NaN,
        "Reconciled Depreciation": NaN,
        "Reconciled Cost Of Revenue": NaN,
        "EBITDA": NaN,
        "EBIT": NaN,
        "Net Interest Income": NaN,
        "Interest Expense": NaN,
        "Interest Income": NaN,
        "Normalized Income": NaN,
        "Net Income From Continuing And Discontinued Operation": NaN,
        "Total Expenses": NaN,
        "Total Operating Income As Reported": NaN,
        "Diluted Average Shares": 87339000.0,
        "Basic Average Shares": 82257000.0,
        "Diluted EPS": 0.41,
        "Basic EPS": 0.42,
        "Diluted NI Availto Com Stockholders": NaN,
        "Net Income Common Stockholders": NaN,
        "Net Income": NaN,
        "Net Income Including Noncontrolling Interests": NaN,
        "Net Income Continuous Operations": NaN,
        "Tax Provision": NaN,
        "Pretax Income": NaN,
        "Other Income Expense": NaN,
        "Other Non Operating Income Expenses": NaN,
        "Special Income Charges": NaN,
        "Other Special Charges": NaN,
        "Restructuring And Mergern Acquisition": NaN,
        "Gain On Sale Of Security": NaN,
        "Net Non Operating Interest Income Expense": NaN,
        "Interest Expense Non Operating": NaN,
        "Interest Income Non Operating": NaN,
        "Operating Income": NaN,
        "Operating Expense": NaN,
        "Research And Development": NaN,
        "Selling General And Administration": NaN,
        "Selling And Marketing Expense": NaN,
        "General And Administrative Expense": NaN,
        "Other Gand A": NaN,
        "Salaries And Wages": NaN,
        "Gross Profit": NaN,
        "Cost Of Revenue": NaN,
        "Total Revenue": NaN,
        "Operating Revenue": NaN
    },
    "2022-09-30": {
        "Tax Effect Of Unusual Items": -1220000.0,
        "Tax Rate For Calcs": 0.4,
        "Normalized EBITDA": -72524000.0,
        "Total Unusual Items": -3050000.0,
        "Total Unusual Items Excluding Goodwill": -3050000.0,
        "Net Income From Continuing Operation Net Minority Interest": -93520000.0,
        "Reconciled Depreciation": 4206000.0,
        "Reconciled Cost Of Revenue": 93050000.0,
        "EBITDA": -75574000.0,
        "EBIT": -79780000.0,
        "Net Interest Income": -1472000.0,
        "Interest Expense": 1992000.0,
        "Interest Income": 520000.0,
        "Normalized Income": -91690000.0,
        "Net Income From Continuing And Discontinued Operation": -93520000.0,
        "Total Expenses": 347952000.0,
        "Total Operating Income As Reported": -77221000.0,
        "Diluted Average Shares": 81996000.0,
        "Basic Average Shares": 81996000.0,
        "Diluted EPS": -1.14,
        "Basic EPS": -1.14,
        "Diluted NI Availto Com Stockholders": -93520000.0,
        "Net Income Common Stockholders": -93520000.0,
        "Net Income": -93520000.0,
        "Net Income Including Noncontrolling Interests": -93520000.0,
        "Net Income Continuous Operations": -93520000.0,
        "Tax Provision": 11748000.0,
        "Pretax Income": -81772000.0,
        "Other Income Expense": -3079000.0,
        "Other Non Operating Income Expenses": -29000.0,
        "Special Income Charges": NaN,
        "Restructuring And Mergern Acquisition": NaN,
        "Gain On Sale Of Security": -3050000.0,
        "Net Non Operating Interest Income Expense": -1472000.0,
        "Interest Expense Non Operating": 1992000.0,
        "Interest Income Non Operating": 520000.0,
        "Operating Income": -77221000.0,
        "Operating Expense": 254902000.0,
        "Research And Development": 75342000.0,
        "Selling General And Administration": 179560000.0,
        "Selling And Marketing Expense": 153517000.0,
        "General And Administrative Expense": 26043000.0,
        "Other Gand A": 26043000.0,
        "Salaries And Wages": NaN,
        "Gross Profit": 177681000.0,
        "Cost Of Revenue": 93050000.0,
        "Total Revenue": 270731000.0,
        "Operating Revenue": 270731000.0
    },
    "2022-06-30": {
        "Tax Effect Of Unusual Items": -6892800.0,
        "Tax Rate For Calcs": 0.4,
        "Normalized EBITDA": -76942000.0,
        "Total Unusual Items": -17232000.0,
        "Total Unusual Items Excluding Goodwill": -17232000.0,
        "Net Income From Continuing Operation Net Minority Interest": -286296000.0,
        "Reconciled Depreciation": 4004000.0,
        "Reconciled Cost Of Revenue": 95115000.0,
        "EBITDA": -94174000.0,
        "EBIT": -98178000.0,
        "Net Interest Income": -1635000.0,
        "Interest Expense": 1944000.0,
        "Interest Income": 309000.0,
        "Normalized Income": -275956800.0,
        "Net Income From Continuing And Discontinued Operation": -286296000.0,
        "Total Expenses": 359377000.0,
        "Total Operating Income As Reported": -85040000.0,
        "Diluted Average Shares": 81847000.0,
        "Basic Average Shares": 81847000.0,
        "Diluted EPS": -3.5,
        "Basic EPS": -3.5,
        "Diluted NI Availto Com Stockholders": -286296000.0,
        "Average Dilution Earnings": 0.0,
        "Net Income Common Stockholders": -286296000.0,
        "Net Income": -286296000.0,
        "Net Income Including Noncontrolling Interests": -286296000.0,
        "Net Income Continuous Operations": -286296000.0,
        "Tax Provision": 186174000.0,
        "Pretax Income": -100122000.0,
        "Other Income Expense": -13447000.0,
        "Other Non Operating Income Expenses": 3785000.0,
        "Special Income Charges": NaN,
        "Restructuring And Mergern Acquisition": NaN,
        "Gain On Sale Of Security": -17232000.0,
        "Net Non Operating Interest Income Expense": -1635000.0,
        "Interest Expense Non Operating": 1944000.0,
        "Interest Income Non Operating": 309000.0,
        "Operating Income": -85040000.0,
        "Operating Expense": 264262000.0,
        "Research And Development": 74341000.0,
        "Selling General And Administration": 189921000.0,
        "Selling And Marketing Expense": 157198000.0,
        "General And Administrative Expense": 32723000.0,
        "Other Gand A": 32723000.0,
        "Salaries And Wages": NaN,
        "Gross Profit": 179222000.0,
        "Cost Of Revenue": 95115000.0,
        "Total Revenue": 274337000.0,
        "Operating Revenue": 274337000.0
    },
    "2022-03-31": {
        "Diluted EPS": -0.01,
        "Total Revenue": 376,
        "Gross Profit": 288,
        "Operating Income": 19,
        "EBIT": 40,
        "Net Income": 0
    },
    "2021-12-31": {
        "Diluted EPS": -0.43,
        "Total Revenue": 316,
        "Gross Profit": 231,
        "Operating Income": -32,
        "EBIT": -18,
        "Net Income": -37
    },
    "2021-09-30": {
        "Diluted EPS": -0.69,
        "Total Revenue": 256,
        "Gross Profit": 172,
        "Operating Income": -65,
        "EBIT": -47,
        "Net Income": -56
    },
    "2021-06-30": {
        "Diluted EPS": 0.43,
        "Total Revenue": 326,
        "Gross Profit": 241,
        "Operating Income": 1,
        "EBIT": 19,
        "Net Income": 37
    },
    "2021-03-31": {
        "Diluted EPS": -0.08,
        "Total Revenue": 313,
        "Gross Profit": 231,
        "Operating Income": 2,
        "EBIT": 20,
        "Net Income": -7
    },
    "2020-12-31": {
        "Diluted EPS": 0.06,
        "Total Revenue": 299,
        "Gross Profit": 222,
        "Operating Income": -6,
        "EBIT": -3,
        "Net Income": 4
    },
    "2020-09-30": {
        "Diluted EPS": -0.24,
        "Total Revenue": 226,
        "Gross Profit": 148,
        "Operating Income": -62,
        "EBIT": -43,
        "Net Income": -19
    },
    "2020-06-30": {
        "Diluted EPS": -0.26,
        "Total Revenue": 227,
        "Gross Profit": 151,
        "Operating Income": -51,
        "EBIT": -34,
        "Net Income": -21
    },
    "2020-03-31": {
        "Diluted EPS": -0.32,
        "Total Revenue": 266,
        "Gross Profit": 186,
        "Operating Income": -24,
        "EBIT": -9,
        "Net Income": -25
    },
    "2019-12-31": {
        "Diluted EPS": 0.02,
        "Total Revenue": 277,
        "Gross Profit": 199,
        "Operating Income": -2,
        "EBIT": 9,
        "Net Income": 1
    },
    "2019-09-30": {
        "Diluted EPS": -0.38,
        "Total Revenue": 217,
        "Gross Profit": 136,
        "Operating Income": -47,
        "EBIT": -34,
        "Net Income": -30
    },
    "2019-06-30": {
        "Diluted EPS": -0.41,
        "Total Revenue": 206,
        "Gross Profit": 129,
        "Operating Income": -52,
        "EBIT": -41,
        "Net Income": -32
    },
    "2019-03-31": {
        "Diluted EPS": -0.37,
        "Total Revenue": 213,
        "Gross Profit": 138,
        "Operating Income": -34,
        "EBIT": -19,
        "Net Income": -29
    },
    "2018-12-31": {
        "Diluted EPS": 0.21,
        "Total Revenue": 256,
        "Gross Profit": 178,
        "Operating Income": 15,
        "EBIT": 28,
        "Net Income": 16
    },
    "2018-09-30": {
        "Diluted EPS": -0.1,
        "Total Revenue": 203,
        "Gross Profit": 129,
        "Operating Income": -17,
        "EBIT": -6,
        "Net Income": -8
    },
    "2018-06-30": {
        "Diluted EPS": -0.13,
        "Total Revenue": 197,
        "Gross Profit": 123,
        "Operating Income": -23,
        "EBIT": -13,
        "Net Income": -10
    },
    "2018-03-31": {
        "Diluted EPS": 0.15,
        "Total Revenue": 235,
        "Gross Profit": 160,
        "Operating Income": 8,
        "EBIT": 18,
        "Net Income": 12
    },
    "2017-12-31": {
        "Diluted EPS": 0.49,
        "Total Revenue": 255,
        "Gross Profit": 181,
        "Operating Income": 39,
        "EBIT": 58,
        "Net Income": 41
    },
    "2017-09-30": {
        "Diluted EPS": 0.01,
        "Total Revenue": 191,
        "Gross Profit": 121,
        "Operating Income": -2,
        "EBIT": 4,
        "Net Income": 1
    },
    "2017-06-30": {
        "Diluted EPS": 0.04,
        "Total Revenue": 187,
        "Gross Profit": 119,
        "Operating Income": -9,
        "EBIT": -3,
        "Net Income": 4
    },
    "2017-03-31": {
        "Diluted EPS": 0.65,
        "Total Revenue": 256,
        "Gross Profit": 188,
        "Operating Income": 66,
        "EBIT": 72,
        "Net Income": 53
    },
    "2016-12-31": {
        "Diluted EPS": 0.33,
        "Total Revenue": 212,
        "Gross Profit": 149,
        "Operating Income": 25,
        "EBIT": 44,
        "Net Income": 27
    },
    "2016-09-30": {
        "Diluted EPS": 0.04,
        "Total Revenue": 183,
        "Gross Profit": 122,
        "Operating Income": 5,
        "EBIT": 12,
        "Net Income": 3
    },
    "2016-06-30": {
        "Diluted EPS": 0.06,
        "Total Revenue": 189,
        "Gross Profit": 129,
        "Operating Income": 6,
        "EBIT": 13,
        "Net Income": 5
    },
    "2016-03-31": {
        "Diluted EPS": 0.13,
        "Total Revenue": 179,
        "Gross Profit": 122,
        "Operating Income": 14,
        "EBIT": 20,
        "Net Income": 10
    },
    "2015-12-31": {
        "Diluted EPS": 0.26,
        "Total Revenue": 204,
        "Gross Profit": 151,
        "Operating Income": 37,
        "EBIT": 45,
        "Net Income": 21
    },
    "2015-09-30": {
        "Diluted EPS": 0.08,
        "Total Revenue": 162,
        "Gross Profit": 107,
        "Operating Income": 11,
        "EBIT": 17,
        "Net Income": 6
    },
    "2015-06-30": {
        "Diluted EPS": 0.04,
        "Total Revenue": 162,
        "Gross Profit": 107,
        "Operating Income": 5,
        "EBIT": 11,
        "Net Income": 3
    },
    "2015-03-31": {
        "Diluted EPS": 0.08,
        "Total Revenue": 154,
        "Gross Profit": 104,
        "Operating Income": 12,
        "EBIT": 18,
        "Net Income": 6
    },
    "2014-12-31": {
        "Diluted EPS": 0.26,
        "Total Revenue": 169,
        "Gross Profit": 123,
        "Operating Income": 30,
        "EBIT": 38,
        "Net Income": 20
    },
    "2014-09-30": {
        "Diluted EPS": 0.02,
        "Total Revenue": 138,
        "Gross Profit": 91,
        "Operating Income": 5,
        "EBIT": 11,
        "Net Income": 2
    },
    "2014-06-30": {
        "Diluted EPS": 0.02,
        "Total Revenue": 143,
        "Gross Profit": 96,
        "Operating Income": 2,
        "EBIT": 8,
        "Net Income": 2
    },
    "2014-03-31": {
        "Diluted EPS": 0.12,
        "Total Revenue": 140,
        "Gross Profit": 95,
        "Operating Income": 15,
        "EBIT": 20,
        "Net Income": 10
    },
    "2013-12-31": {
        "Diluted EPS": 0.2,
        "Total Revenue": 153,
        "Gross Profit": 110,
        "Operating Income": 24,
        "EBIT": 32,
        "Net Income": 16
    },
    "2013-09-30": {
        "Diluted EPS": 0.11,
        "Total Revenue": 122,
        "Gross Profit": 84,
        "Operating Income": 14,
        "EBIT": 19,
        "Net Income": 9
    },
    "2013-06-30": {
        "Diluted EPS": 0.06,
        "Total Revenue": 117,
        "Gross Profit": 79,
        "Operating Income": 7,
        "EBIT": 12,
        "Net Income": 5
    },
    "2013-03-31": {
        "Diluted EPS": 0.12,
        "Total Revenue": 116,
        "Gross Profit": 79,
        "Operating Income": 13,
        "EBIT": 18,
        "Net Income": 9
    },
    "2012-12-31": {
        "Diluted EPS": 0.27,
        "Total Revenue": 144,
        "Gross Profit": 106,
        "Operating Income": 28,
        "EBIT": 34,
        "Net Income": 20
    },
    "2012-09-30": {
        "Diluted EPS": -0.01,
        "Total Revenue": 102,
        "Gross Profit": 64,
        "Operating Income": 0,
        "EBIT": 5,
        "Net Income": 0
    },
    "2012-06-30": {
        "Diluted EPS": -0.03,
        "Total Revenue": 105,
        "Gross Profit": 65,
        "Operating Income": -3,
        "EBIT": 2,
        "Net Income": -2
    },
    "2012-03-31": {
        "Diluted EPS": 0.05,
        "Total Revenue": 111,
        "Gross Profit": 70,
        "Operating Income": 6,
        "EBIT": 11,
        "Net Income": 4
    },
    "2011-12-31": {
        "Diluted EPS": -0.03,
        "Total Revenue": 115,
        "Gross Profit": 73,
        "Operating Income": 4,
        "EBIT": 9,
        "Net Income": -2
    },
    "2011-09-30": {
        "Diluted EPS": 0.07,
        "Total Revenue": 96,
        "Gross Profit": 54,
        "Operating Income": -2,
        "EBIT": 2,
        "Net Income": 5
    },
    "2011-06-30": {
        "Diluted EPS": 0.03,
        "Total Revenue": 104,
        "Gross Profit": 63,
        "Operating Income": 3,
        "EBIT": 7,
        "Net Income": 2
    },
    "2011-03-31": {
        "Diluted EPS": 0.06,
        "Total Revenue": 102,
        "Gross Profit": 62,
        "Operating Income": 6,
        "EBIT": 10,
        "Net Income": 5
    },
    "2010-12-31": {
        "Diluted EPS": -0.06,
        "Total Revenue": 89,
        "Gross Profit": 53,
        "Operating Income": -4,
        "EBIT": 2,
        "Net Income": -5
    },
    "2010-09-30": {
        "Diluted EPS": 0.04,
        "Total Revenue": 90,
        "Gross Profit": 55,
        "Operating Income": 2,
        "EBIT": 5,
        "Net Income": 3
    },
    "2010-06-30": {
        "Diluted EPS": -0.11,
        "Total Revenue": 82,
        "Gross Profit": 51,
        "Operating Income": -9,
        "EBIT": -7,
        "Net Income": -8
    },
    "2010-03-31": {
        "Diluted EPS": 0.05,
        "Total Revenue": 75,
        "Gross Profit": 49,
        "Operating Income": 9,
        "EBIT": 10,
        "Net Income": 4
    },
    "2009-12-31": {
        "Diluted EPS": 0.08,
        "Total Revenue": 73,
        "Gross Profit": 48,
        "Operating Income": 10,
        "EBIT": 12,
        "Net Income": 6
    },
    "2009-09-30": {
        "Diluted EPS": 0.08,
        "Total Revenue": 65,
        "Gross Profit": 41,
        "Operating Income": 7,
        "EBIT": 9,
        "Net Income": 6
    },
    "2009-06-30": {
        "Diluted EPS": 0.15,
        "Total Revenue": 64,
        "Gross Profit": 42,
        "Operating Income": 12,
        "EBIT": 13,
        "Net Income": 11
    },
    "2009-03-31": {
        "Diluted EPS": 0.12,
        "Total Revenue": 62,
        "Gross Profit": 42,
        "Operating Income": 12,
        "EBIT": 14,
        "Net Income": 9
    },
    "2023-09-30": {
        "Tax Effect Of Unusual Items": NaN,
        "Tax Rate For Calcs": NaN,
        "Normalized EBITDA": NaN,
        "Total Unusual Items": NaN,
        "Total Unusual Items Excluding Goodwill": NaN,
        "Net Income From Continuing Operation Net Minority Interest": NaN,
        "Reconciled Depreciation": NaN,
        "Reconciled Cost Of Revenue": NaN,
        "EBITDA": NaN,
        "EBIT": NaN,
        "Net Interest Income": NaN,
        "Interest Expense": NaN,
        "Interest Income": NaN,
        "Normalized Income": NaN,
        "Net Income From Continuing And Discontinued Operation": NaN,
        "Total Expenses": NaN,
        "Total Operating Income As Reported": NaN,
        "Diluted Average Shares": NaN,
        "Basic Average Shares": NaN,
        "Diluted EPS": NaN,
        "Basic EPS": NaN,
        "Diluted NI Availto Com Stockholders": NaN,
        "Net Income Common Stockholders": NaN,
        "Net Income": NaN,
        "Net Income Including Noncontrolling Interests": NaN,
        "Net Income Continuous Operations": NaN,
        "Tax Provision": NaN,
        "Pretax Income": NaN,
        "Other Income Expense": NaN,
        "Other Non Operating Income Expenses": 6383000.0,
        "Special Income Charges": NaN,
        "Other Special Charges": NaN,
        "Restructuring And Mergern Acquisition": NaN,
        "Gain On Sale Of Security": NaN,
        "Net Non Operating Interest Income Expense": NaN,
        "Interest Expense Non Operating": NaN,
        "Interest Income Non Operating": NaN,
        "Operating Income": NaN,
        "Operating Expense": NaN,
        "Research And Development": NaN,
        "Selling General And Administration": NaN,
        "Selling And Marketing Expense": NaN,
        "General And Administrative Expense": NaN,
        "Other Gand A": NaN,
        "Gross Profit": NaN,
        "Cost Of Revenue": NaN,
        "Total Revenue": NaN,
        "Operating Revenue": NaN
    },
    "2023-12-31": {
        "Tax Effect Of Unusual Items": NaN,
        "Tax Rate For Calcs": NaN,
        "Normalized EBITDA": NaN,
        "Total Unusual Items": NaN,
        "Total Unusual Items Excluding Goodwill": NaN,
        "Net Income From Continuing Operation Net Minority Interest": NaN,
        "Reconciled Depreciation": NaN,
        "Reconciled Cost Of Revenue": NaN,
        "EBITDA": NaN,
        "EBIT": NaN,
        "Net Interest Income": NaN,
        "Interest Expense": NaN,
        "Interest Income": NaN,
        "Normalized Income": NaN,
        "Net Income From Continuing And Discontinued Operation": NaN,
        "Total Expenses": NaN,
        "Total Operating Income As Reported": NaN,
        "Diluted Average Shares": NaN,
        "Basic Average Shares": NaN,
        "Diluted EPS": NaN,
        "Basic EPS": NaN,
        "Diluted NI Availto Com Stockholders": NaN,
        "Net Income Common Stockholders": NaN,
        "Net Income": NaN,
        "Net Income Including Noncontrolling Interests": NaN,
        "Net Income Continuous Operations": NaN,
        "Tax Provision": NaN,
        "Pretax Income": NaN,
        "Other Income Expense": NaN,
        "Other Non Operating Income Expenses": 25000.0,
        "Special Income Charges": NaN,
        "Other Special Charges": NaN,
        "Restructuring And Mergern Acquisition": NaN,
        "Gain On Sale Of Security": NaN,
        "Net Non Operating Interest Income Expense": NaN,
        "Interest Expense Non Operating": NaN,
        "Interest Income Non Operating": NaN,
        "Operating Income": NaN,
        "Operating Expense": NaN,
        "Research And Development": NaN,
        "Selling General And Administration": NaN,
        "Selling And Marketing Expense": NaN,
        "General And Administrative Expense": NaN,
        "Other Gand A": NaN,
        "Gross Profit": NaN,
        "Cost Of Revenue": NaN,
        "Total Revenue": NaN,
        "Operating Revenue": NaN
    },
    "2024-03-31": {
        "Tax Effect Of Unusual Items": NaN,
        "Tax Rate For Calcs": NaN,
        "Normalized EBITDA": NaN,
        "Total Unusual Items": NaN,
        "Total Unusual Items Excluding Goodwill": NaN,
        "Net Income From Continuing Operation Net Minority Interest": NaN,
        "Reconciled Depreciation": NaN,
        "Reconciled Cost Of Revenue": NaN,
        "EBITDA": NaN,
        "EBIT": NaN,
        "Net Interest Income": NaN,
        "Interest Expense": NaN,
        "Interest Income": NaN,
        "Normalized Income": NaN,
        "Net Income From Continuing And Discontinued Operation": NaN,
        "Total Expenses": NaN,
        "Total Operating Income As Reported": NaN,
        "Diluted Average Shares": NaN,
        "Basic Average Shares": NaN,
        "Diluted EPS": NaN,
        "Basic EPS": NaN,
        "Diluted NI Availto Com Stockholders": NaN,
        "Net Income Common Stockholders": NaN,
        "Net Income": NaN,
        "Net Income Including Noncontrolling Interests": NaN,
        "Net Income Continuous Operations": NaN,
        "Tax Provision": NaN,
        "Pretax Income": NaN,
        "Other Income Expense": NaN,
        "Other Non Operating Income Expenses": 1684000.0,
        "Special Income Charges": NaN,
        "Other Special Charges": 32403000.0,
        "Restructuring And Mergern Acquisition": NaN,
        "Gain On Sale Of Security": NaN,
        "Net Non Operating Interest Income Expense": NaN,
        "Interest Expense Non Operating": NaN,
        "Interest Income Non Operating": NaN,
        "Operating Income": NaN,
        "Operating Expense": NaN,
        "Research And Development": NaN,
        "Selling General And Administration": NaN,
        "Selling And Marketing Expense": NaN,
        "General And Administrative Expense": NaN,
        "Other Gand A": NaN,
        "Gross Profit": NaN,
        "Cost Of Revenue": NaN,
        "Total Revenue": NaN,
        "Operating Revenue": NaN
    },
    "2024-06-30": {
        "Tax Effect Of Unusual Items": -729750.0,
        "Tax Rate For Calcs": 0.21,
        "Normalized EBITDA": 29316000.0,
        "Total Unusual Items": -3475000.0,
        "Total Unusual Items Excluding Goodwill": -3475000.0,
        "Net Income From Continuing Operation Net Minority Interest": 6613000.0,
        "Reconciled Depreciation": 8930000.0,
        "Reconciled Cost Of Revenue": 96946000.0,
        "EBITDA": 25841000.0,
        "EBIT": 16911000.0,
        "Net Interest Income": 5129000.0,
        "Interest Expense": 1656000.0,
        "Interest Income": 6785000.0,
        "Normalized Income": 9358250.0,
        "Net Income From Continuing And Discontinued Operation": 6613000.0,
        "Total Expenses": 337552000.0,
        "Total Operating Income As Reported": 12966000.0,
        "Diluted Average Shares": 177000000.0,
        "Basic Average Shares": 170314000.0,
        "Diluted EPS": 0.035,
        "Basic EPS": 0.04,
        "Diluted NI Availto Com Stockholders": 6613000.0,
        "Net Income Common Stockholders": 6613000.0,
        "Net Income": 6613000.0,
        "Net Income Including Noncontrolling Interests": 6613000.0,
        "Net Income Continuous Operations": 6613000.0,
        "Tax Provision": 8642000.0,
        "Pretax Income": 15255000.0,
        "Other Income Expense": -3475000.0,
        "Other Non Operating Income Expenses": NaN,
        "Special Income Charges": -635000.0,
        "Other Special Charges": NaN,
        "Restructuring And Mergern Acquisition": 635000.0,
        "Gain On Sale Of Security": -2840000.0,
        "Net Non Operating Interest Income Expense": 5129000.0,
        "Interest Expense Non Operating": 1656000.0,
        "Interest Income Non Operating": 6785000.0,
        "Operating Income": 13601000.0,
        "Operating Expense": 240606000.0,
        "Research And Development": 75425000.0,
        "Selling General And Administration": 165181000.0,
        "Selling And Marketing Expense": 139761000.0,
        "General And Administrative Expense": 25420000.0,
        "Other Gand A": 25420000.0,
        "Gross Profit": 254207000.0,
        "Cost Of Revenue": 96946000.0,
        "Total Revenue": 351153000.0,
        "Operating Revenue": 351153000.0
    },
    "2024-09-30": {
        "Tax Effect Of Unusual Items": -1591590.0,
        "Tax Rate For Calcs": 0.21,
        "Normalized EBITDA": 7974000.0,
        "Total Unusual Items": -7579000.0,
        "Total Unusual Items Excluding Goodwill": -7579000.0,
        "Net Income From Continuing Operation Net Minority Interest": -14390000.0,
        "Reconciled Depreciation": 10381000.0,
        "Reconciled Cost Of Revenue": 96706000.0,
        "EBITDA": 395000.0,
        "EBIT": -9986000.0,
        "Net Interest Income": 5130000.0,
        "Interest Expense": 1639000.0,
        "Interest Income": 6769000.0,
        "Normalized Income": -8402590.0,
        "Net Income From Continuing And Discontinued Operation": -14390000.0,
        "Total Expenses": 334226000.0,
        "Total Operating Income As Reported": -11661000.0,
        "Diluted Average Shares": 171250000.0,
        "Basic Average Shares": 171250000.0,
        "Diluted EPS": -0.085,
        "Basic EPS": -0.085,
        "Diluted NI Availto Com Stockholders": -14390000.0,
        "Net Income Common Stockholders": -14390000.0,
        "Net Income": -14390000.0,
        "Net Income Including Noncontrolling Interests": -14390000.0,
        "Net Income Continuous Operations": -14390000.0,
        "Tax Provision": 2765000.0,
        "Pretax Income": -11625000.0,
        "Other Income Expense": -7579000.0,
        "Other Non Operating Income Expenses": NaN,
        "Special Income Charges": -2485000.0,
        "Other Special Charges": NaN,
        "Restructuring And Mergern Acquisition": 2485000.0,
        "Gain On Sale Of Security": -5094000.0,
        "Net Non Operating Interest Income Expense": 5130000.0,
        "Interest Expense Non Operating": 1639000.0,
        "Interest Income Non Operating": 6769000.0,
        "Operating Income": -9176000.0,
        "Operating Expense": 237520000.0,
        "Research And Development": 74157000.0,
        "Selling General And Administration": 163363000.0,
        "Selling And Marketing Expense": 127669000.0,
        "General And Administrative Expense": 35694000.0,
        "Other Gand A": 35694000.0,
        "Gross Profit": 228344000.0,
        "Cost Of Revenue": 96706000.0,
        "Total Revenue": 325050000.0,
        "Operating Revenue": 325050000.0
    },
    "2024-12-31": {
        "Tax Effect Of Unusual Items": 1155174.913082,
        "Tax Rate For Calcs": 0.227531,
        "Normalized EBITDA": 173017000.0,
        "Total Unusual Items": 5077000.0,
        "Total Unusual Items Excluding Goodwill": 5077000.0,
        "Net Income From Continuing Operation Net Minority Interest": 119090000.0,
        "Reconciled Depreciation": 22138000.0,
        "Reconciled Cost Of Revenue": 102355000.0,
        "EBITDA": 178094000.0,
        "EBIT": 155956000.0,
        "Net Interest Income": 5156000.0,
        "Interest Expense": 1788000.0,
        "Interest Income": 6944000.0,
        "Normalized Income": 115168174.913082,
        "Net Income From Continuing And Discontinued Operation": 119090000.0,
        "Total Expenses": 346596000.0,
        "Total Operating Income As Reported": 142989000.0,
        "Diluted Average Shares": 191272000.0,
        "Basic Average Shares": 172000000.0,
        "Diluted EPS": 0.625,
        "Basic EPS": 0.69,
        "Diluted NI Availto Com Stockholders": 119014000.0,
        "Net Income Common Stockholders": 119090000.0,
        "Net Income": 119090000.0,
        "Net Income Including Noncontrolling Interests": 119090000.0,
        "Net Income Continuous Operations": 119090000.0,
        "Tax Provision": 35078000.0,
        "Pretax Income": 154168000.0,
        "Other Income Expense": 4778000.0,
        "Other Non Operating Income Expenses": -299000.0,
        "Special Income Charges": -1245000.0,
        "Other Special Charges": 0.0,
        "Restructuring And Mergern Acquisition": 1245000.0,
        "Gain On Sale Of Security": 6322000.0,
        "Net Non Operating Interest Income Expense": 5156000.0,
        "Interest Expense Non Operating": 1788000.0,
        "Interest Income Non Operating": 6944000.0,
        "Operating Income": 144234000.0,
        "Operating Expense": 244241000.0,
        "Research And Development": 76379000.0,
        "Selling General And Administration": 167862000.0,
        "Selling And Marketing Expense": 139655000.0,
        "General And Administrative Expense": 28207000.0,
        "Other Gand A": 28207000.0,
        "Gross Profit": 388475000.0,
        "Cost Of Revenue": 102355000.0,
        "Total Revenue": 490830000.0,
        "Operating Revenue": 490830000.0
    },
    "2025-03-31": {
        "Tax Effect Of Unusual Items": -1778880.0,
        "Tax Rate For Calcs": 0.32,
        "Normalized EBITDA": 138859000.0,
        "Total Unusual Items": -5559000.0,
        "Total Unusual Items Excluding Goodwill": -5559000.0,
        "Net Income From Continuing Operation Net Minority Interest": 85422000.0,
        "Reconciled Depreciation": 5963000.0,
        "Reconciled Cost Of Revenue": 102450000.0,
        "EBITDA": 133300000.0,
        "EBIT": 127337000.0,
        "Net Interest Income": 4308000.0,
        "Interest Expense": 1027000.0,
        "Interest Income": 5335000.0,
        "Normalized Income": 89202120.0,
        "Net Income From Continuing And Discontinued Operation": 85422000.0,
        "Total Expenses": 348633000.0,
        "Total Operating Income As Reported": 126989000.0,
        "Diluted Average Shares": 188826000.0,
        "Basic Average Shares": 171804000.0,
        "Diluted EPS": 0.455,
        "Basic EPS": 0.495,
        "Diluted NI Availto Com Stockholders": 85422000.0,
        "Net Income Common Stockholders": 85422000.0,
        "Net Income": 85422000.0,
        "Net Income Including Noncontrolling Interests": 85422000.0,
        "Net Income Continuous Operations": 85422000.0,
        "Tax Provision": 40888000.0,
        "Pretax Income": 126310000.0,
        "Other Income Expense": -4998000.0,
        "Other Non Operating Income Expenses": 561000.0,
        "Special Income Charges": -11000.0,
        "Other Special Charges": NaN,
        "Restructuring And Mergern Acquisition": 11000.0,
        "Gain On Sale Of Security": -5548000.0,
        "Net Non Operating Interest Income Expense": 4308000.0,
        "Interest Expense Non Operating": 1027000.0,
        "Interest Income Non Operating": 5335000.0,
        "Operating Income": 127000000.0,
        "Operating Expense": 246183000.0,
        "Research And Development": 74286000.0,
        "Selling General And Administration": 171897000.0,
        "Selling And Marketing Expense": 138069000.0,
        "General And Administrative Expense": 33828000.0,
        "Other Gand A": 33828000.0,
        "Gross Profit": 373183000.0,
        "Cost Of Revenue": 102450000.0,
        "Total Revenue": 475633000.0,
        "Operating Revenue": 475633000.0
    },
    "2025-06-30": {
        "Tax Effect Of Unusual Items": -2932440.0,
        "Tax Rate For Calcs": 0.21,
        "Normalized EBITDA": 45371000.0,
        "Total Unusual Items": -13964000.0,
        "Total Unusual Items Excluding Goodwill": -13964000.0,
        "Net Income From Continuing Operation Net Minority Interest": 30077000.0,
        "Reconciled Depreciation": 6159000.0,
        "Reconciled Cost Of Revenue": 109574000.0,
        "EBITDA": 31407000.0,
        "EBIT": 25248000.0,
        "Net Interest Income": 3247000.0,
        "Interest Expense": 1000.0,
        "Interest Income": 3248000.0,
        "Normalized Income": 41108560.0,
        "Net Income From Continuing And Discontinued Operation": 30077000.0,
        "Total Expenses": 367277000.0,
        "Total Operating Income As Reported": 17279000.0,
        "Diluted Average Shares": 182160000.0,
        "Basic Average Shares": 170776000.0,
        "Diluted EPS": 0.17,
        "Basic EPS": 0.18,
        "Diluted NI Availto Com Stockholders": 30077000.0,
        "Net Income Common Stockholders": 30077000.0,
        "Net Income": 30077000.0,
        "Net Income Including Noncontrolling Interests": 30077000.0,
        "Net Income Continuous Operations": 30077000.0,
        "Tax Provision": -4830000.0,
        "Pretax Income": 25247000.0,
        "Other Income Expense": 4765000.0,
        "Other Non Operating Income Expenses": 18729000.0,
        "Special Income Charges": 44000.0,
        "Other Special Charges": NaN,
        "Restructuring And Mergern Acquisition": -44000.0,
        "Gain On Sale Of Security": -14008000.0,
        "Net Non Operating Interest Income Expense": 3247000.0,
        "Interest Expense Non Operating": 1000.0,
        "Interest Income Non Operating": 3248000.0,
        "Operating Income": 17235000.0,
        "Operating Expense": 257703000.0,
        "Research And Development": 78784000.0,
        "Selling General And Administration": 178919000.0,
        "Selling And Marketing Expense": 147131000.0,
        "General And Administrative Expense": 31788000.0,
        "Other Gand A": 31788000.0,
        "Gross Profit": 274938000.0,
        "Cost Of Revenue": 109574000.0,
        "Total Revenue": 384512000.0,
        "Operating Revenue": 384512000.0
    },
    "2025-09-30": {
        "Tax Effect Of Unusual Items": 1503390.0,
        "Tax Rate For Calcs": 0.21,
        "Normalized EBITDA": 23361000.0,
        "Total Unusual Items": 7159000.0,
        "Total Unusual Items Excluding Goodwill": 7159000.0,
        "Net Income From Continuing Operation Net Minority Interest": 43364000.0,
        "Reconciled Depreciation": 6280000.0,
        "Reconciled Cost Of Revenue": 105893000.0,
        "EBITDA": 30520000.0,
        "EBIT": 24240000.0,
        "Net Interest Income": 2516000.0,
        "Interest Expense": 144000.0,
        "Interest Income": 2660000.0,
        "Normalized Income": 37708390.0,
        "Net Income From Continuing And Discontinued Operation": 43364000.0,
        "Total Expenses": 366886000.0,
        "Total Operating Income As Reported": 14469000.0,
        "Diluted Average Shares": 184095000.0,
        "Basic Average Shares": 170567000.0,
        "Diluted EPS": 0.24,
        "Basic EPS": 0.25,
        "Diluted NI Availto Com Stockholders": 43364000.0,
        "Net Income Common Stockholders": 43364000.0,
        "Net Income": 43364000.0,
        "Net Income Including Noncontrolling Interests": 43364000.0,
        "Net Income Continuous Operations": 43364000.0,
        "Tax Provision": -19268000.0,
        "Pretax Income": 24096000.0,
        "Other Income Expense": 7116000.0,
        "Other Non Operating Income Expenses": -43000.0,
        "Special Income Charges": 5000.0,
        "Other Special Charges": NaN,
        "Restructuring And Mergern Acquisition": -5000.0,
        "Gain On Sale Of Security": 7154000.0,
        "Net Non Operating Interest Income Expense": 2516000.0,
        "Interest Expense Non Operating": 144000.0,
        "Interest Income Non Operating": 2660000.0,
        "Operating Income": 14464000.0,
        "Operating Expense": 260993000.0,
        "Research And Development": 78756000.0,
        "Selling General And Administration": 182237000.0,
        "Selling And Marketing Expense": 140129000.0,
        "General And Administrative Expense": 42108000.0,
        "Other Gand A": 42108000.0,
        "Gross Profit": 275457000.0,
        "Cost Of Revenue": 105893000.0,
        "Total Revenue": 381350000.0,
        "Operating Revenue": 381350000.0
    }
}