{
    "2023-03-31": {
        "Tax Effect Of Unusual Items": NaN,
        "Tax Rate For Calcs": NaN,
        "Normalized EBITDA": NaN,
        "Total Unusual Items": NaN,
        "Total Unusual Items Excluding Goodwill": NaN,
        "Net Income From Continuing Operation Net Minority Interest": NaN,
        "Reconciled Depreciation": NaN,
        "Reconciled Cost Of Revenue": NaN,
        "EBITDA": NaN,
        "EBIT": NaN,
        "Net Interest Income": NaN,
        "Interest Expense": NaN,
        "Normalized Income": NaN,
        "Net Income From Continuing And Discontinued Operation": NaN,
        "Total Expenses": NaN,
        "Total Operating Income As Reported": NaN,
        "Diluted Average Shares": NaN,
        "Basic Average Shares": NaN,
        "Diluted EPS": NaN,
        "Basic EPS": NaN,
        "Diluted NI Availto Com Stockholders": NaN,
        "Net Income Common Stockholders": NaN,
        "Otherunder Preferred Stock Dividend": NaN,
        "Preferred Stock Dividends": NaN,
        "Net Income": NaN,
        "Net Income Including Noncontrolling Interests": NaN,
        "Net Income Discontinuous Operations": NaN,
        "Net Income Continuous Operations": NaN,
        "Tax Provision": NaN,
        "Pretax Income": NaN,
        "Other Income Expense": NaN,
        "Other Non Operating Income Expenses": -250000.0,
        "Special Income Charges": NaN,
        "Gain On Sale Of Ppe": NaN,
        "Other Special Charges": NaN,
        "Restructuring And Mergern Acquisition": NaN,
        "Gain On Sale Of Security": NaN,
        "Net Non Operating Interest Income Expense": NaN,
        "Interest Expense Non Operating": NaN,
        "Operating Income": NaN,
        "Operating Expense": NaN,
        "Depreciation Amortization Depletion Income Statement": NaN,
        "Depreciation And Amortization In Income Statement": NaN,
        "Amortization": NaN,
        "Amortization Of Intangibles Income Statement": NaN,
        "Selling General And Administration": NaN,
        "Gross Profit": NaN,
        "Cost Of Revenue": NaN,
        "Total Revenue": NaN,
        "Operating Revenue": NaN
    },
    "2022-12-31": {
        "Tax Effect Of Unusual Items": NaN,
        "Tax Rate For Calcs": NaN,
        "Normalized EBITDA": NaN,
        "Total Unusual Items": NaN,
        "Total Unusual Items Excluding Goodwill": NaN,
        "Net Income From Continuing Operation Net Minority Interest": NaN,
        "Reconciled Depreciation": NaN,
        "Reconciled Cost Of Revenue": NaN,
        "EBITDA": NaN,
        "EBIT": NaN,
        "Net Interest Income": NaN,
        "Interest Expense": NaN,
        "Normalized Income": NaN,
        "Net Income From Continuing And Discontinued Operation": NaN,
        "Total Expenses": NaN,
        "Total Operating Income As Reported": NaN,
        "Diluted Average Shares": 8794390.0,
        "Basic Average Shares": 8794390.0,
        "Diluted EPS": -0.84,
        "Basic EPS": -0.84,
        "Diluted NI Availto Com Stockholders": NaN,
        "Net Income Common Stockholders": NaN,
        "Net Income": NaN,
        "Net Income Including Noncontrolling Interests": NaN,
        "Net Income Discontinuous Operations": NaN,
        "Net Income Continuous Operations": NaN,
        "Tax Provision": NaN,
        "Pretax Income": NaN,
        "Other Income Expense": NaN,
        "Other Non Operating Income Expenses": NaN,
        "Special Income Charges": NaN,
        "Gain On Sale Of Ppe": NaN,
        "Restructuring And Mergern Acquisition": NaN,
        "Gain On Sale Of Security": NaN,
        "Net Non Operating Interest Income Expense": NaN,
        "Interest Expense Non Operating": NaN,
        "Operating Income": NaN,
        "Operating Expense": NaN,
        "Depreciation Amortization Depletion Income Statement": NaN,
        "Depreciation And Amortization In Income Statement": NaN,
        "Amortization": NaN,
        "Amortization Of Intangibles Income Statement": NaN,
        "Selling General And Administration": NaN,
        "Gross Profit": NaN,
        "Cost Of Revenue": NaN,
        "Total Revenue": NaN,
        "Operating Revenue": NaN
    },
    "2022-09-30": {
        "Tax Effect Of Unusual Items": NaN,
        "Tax Rate For Calcs": NaN,
        "Normalized EBITDA": NaN,
        "Total Unusual Items": NaN,
        "Total Unusual Items Excluding Goodwill": NaN,
        "Net Income From Continuing Operation Net Minority Interest": NaN,
        "Reconciled Depreciation": NaN,
        "Reconciled Cost Of Revenue": NaN,
        "EBITDA": NaN,
        "EBIT": NaN,
        "Net Interest Income": NaN,
        "Interest Expense": NaN,
        "Normalized Income": NaN,
        "Net Income From Continuing And Discontinued Operation": NaN,
        "Total Expenses": NaN,
        "Total Operating Income As Reported": NaN,
        "Diluted Average Shares": NaN,
        "Basic Average Shares": NaN,
        "Diluted EPS": NaN,
        "Basic EPS": NaN,
        "Diluted NI Availto Com Stockholders": NaN,
        "Net Income Common Stockholders": NaN,
        "Net Income": NaN,
        "Net Income Including Noncontrolling Interests": NaN,
        "Net Income Discontinuous Operations": NaN,
        "Net Income Continuous Operations": NaN,
        "Tax Provision": NaN,
        "Pretax Income": NaN,
        "Other Income Expense": NaN,
        "Other Non Operating Income Expenses": 13000.0,
        "Special Income Charges": NaN,
        "Gain On Sale Of Ppe": NaN,
        "Restructuring And Mergern Acquisition": NaN,
        "Gain On Sale Of Security": NaN,
        "Net Non Operating Interest Income Expense": NaN,
        "Interest Expense Non Operating": NaN,
        "Operating Income": NaN,
        "Operating Expense": NaN,
        "Depreciation Amortization Depletion Income Statement": NaN,
        "Depreciation And Amortization In Income Statement": NaN,
        "Amortization": NaN,
        "Amortization Of Intangibles Income Statement": NaN,
        "Selling General And Administration": NaN,
        "Gross Profit": NaN,
        "Cost Of Revenue": NaN,
        "Total Revenue": NaN,
        "Operating Revenue": NaN
    },
    "2022-06-30": {
        "Tax Effect Of Unusual Items": 0.0,
        "Tax Rate For Calcs": 0.0,
        "Normalized EBITDA": 2749470.0,
        "Total Unusual Items": -109493.0,
        "Total Unusual Items Excluding Goodwill": -109493.0,
        "Net Income From Continuing Operation Net Minority Interest": 1442652.0,
        "Reconciled Depreciation": 1061976.0,
        "Reconciled Cost Of Revenue": 4578618.0,
        "EBITDA": 2639977.0,
        "EBIT": 1578001.0,
        "Net Interest Income": -135349.0,
        "Interest Expense": 135349.0,
        "Normalized Income": 1552145.0,
        "Net Income From Continuing And Discontinued Operation": 1442652.0,
        "Total Expenses": 8874142.0,
        "Total Operating Income As Reported": -3196902.0,
        "Diluted Average Shares": 9788522.0,
        "Basic Average Shares": 7435586.0,
        "Diluted EPS": 0.15,
        "Basic EPS": 0.19,
        "Diluted NI Availto Com Stockholders": 1442652.0,
        "Net Income Common Stockholders": 1442652.0,
        "Net Income": 1442652.0,
        "Net Income Including Noncontrolling Interests": 1442652.0,
        "Net Income Discontinuous Operations": NaN,
        "Net Income Continuous Operations": 1442652.0,
        "Tax Provision": 0.0,
        "Pretax Income": 1442652.0,
        "Other Income Expense": 4561507.0,
        "Other Non Operating Income Expenses": 4671000.0,
        "Special Income Charges": 1001164.0,
        "Gain On Sale Of Ppe": 1214560.0,
        "Write Off": NaN,
        "Restructuring And Mergern Acquisition": 213396.0,
        "Gain On Sale Of Security": -1110657.0,
        "Net Non Operating Interest Income Expense": -135349.0,
        "Interest Expense Non Operating": 135349.0,
        "Operating Income": -2983506.0,
        "Operating Expense": 4259768.0,
        "Depreciation Amortization Depletion Income Statement": 1026220.0,
        "Depreciation And Amortization In Income Statement": 1026220.0,
        "Amortization": 1026220.0,
        "Amortization Of Intangibles Income Statement": 1026220.0,
        "Selling General And Administration": 3233548.0,
        "Gross Profit": 1276262.0,
        "Cost Of Revenue": 4614374.0,
        "Total Revenue": 5890636.0,
        "Operating Revenue": 5890636.0
    },
    "2022-03-31": {
        "Diluted EPS": -0.58,
        "Total Revenue": 0,
        "Gross Profit": 0,
        "Operating Income": -2,
        "EBIT": -1,
        "Net Income": -2
    },
    "2021-12-31": {
        "Diluted EPS": -0.49,
        "Total Revenue": 0,
        "Gross Profit": 0,
        "Operating Income": -1,
        "EBIT": -1,
        "Net Income": -2
    },
    "2021-09-30": {
        "Diluted EPS": -0.45,
        "Total Revenue": 0,
        "Gross Profit": 0,
        "Operating Income": -1,
        "EBIT": -1,
        "Net Income": -1
    },
    "2021-06-30": {
        "Diluted EPS": -0.74,
        "Total Revenue": NaN,
        "Gross Profit": NaN,
        "Operating Income": -2,
        "EBIT": -1,
        "Net Income": -2
    },
    "2021-03-31": {
        "Diluted EPS": -0.35,
        "Total Revenue": NaN,
        "Gross Profit": NaN,
        "Operating Income": -1,
        "EBIT": 0,
        "Net Income": -1
    },
    "2020-12-31": {
        "Diluted EPS": 0.0,
        "Total Revenue": -14,
        "Gross Profit": -6,
        "Operating Income": -2,
        "EBIT": -2,
        "Net Income": 0
    },
    "2020-09-30": {
        "Diluted EPS": 0.12,
        "Total Revenue": 3,
        "Gross Profit": 1,
        "Operating Income": -1,
        "EBIT": -1,
        "Net Income": 0
    },
    "2020-06-30": {
        "Diluted EPS": -0.84,
        "Total Revenue": 10,
        "Gross Profit": 3,
        "Operating Income": -2,
        "EBIT": -1,
        "Net Income": -2
    },
    "2020-03-31": {
        "Diluted EPS": 0.64,
        "Total Revenue": 9,
        "Gross Profit": 4,
        "Operating Income": -1,
        "EBIT": -1,
        "Net Income": 2
    },
    "2019-12-31": {
        "Diluted EPS": 0.68,
        "Total Revenue": 15,
        "Gross Profit": 7,
        "Operating Income": 1,
        "EBIT": 1,
        "Net Income": 2
    },
    "2019-09-30": {
        "Diluted EPS": 0.76,
        "Total Revenue": 14,
        "Gross Profit": 6,
        "Operating Income": 1,
        "EBIT": 1,
        "Net Income": 2
    },
    "2019-06-30": {
        "Diluted EPS": 1.2,
        "Total Revenue": 11,
        "Gross Profit": 4,
        "Operating Income": -1,
        "EBIT": -1,
        "Net Income": 3
    },
    "2019-03-31": {
        "Diluted EPS": 0.12,
        "Total Revenue": 11,
        "Gross Profit": 5,
        "Operating Income": -1,
        "EBIT": -1,
        "Net Income": 0
    },
    "2018-12-31": {
        "Diluted EPS": -0.32,
        "Total Revenue": -5,
        "Gross Profit": 3,
        "Operating Income": 2,
        "EBIT": 1,
        "Net Income": -1
    },
    "2018-09-30": {
        "Diluted EPS": -0.68,
        "Total Revenue": 15,
        "Gross Profit": 5,
        "Operating Income": -2,
        "EBIT": -1,
        "Net Income": -2
    },
    "2018-06-30": {
        "Diluted EPS": -1.16,
        "Total Revenue": 15,
        "Gross Profit": 4,
        "Operating Income": -3,
        "EBIT": -2,
        "Net Income": -3
    },
    "2018-03-31": {
        "Diluted EPS": -0.84,
        "Total Revenue": 17,
        "Gross Profit": 5,
        "Operating Income": -2,
        "EBIT": -1,
        "Net Income": -2
    },
    "2017-12-31": {
        "Diluted EPS": -0.76,
        "Total Revenue": 19,
        "Gross Profit": 6,
        "Operating Income": -2,
        "EBIT": -1,
        "Net Income": -2
    },
    "2017-09-30": {
        "Diluted EPS": -2.0,
        "Total Revenue": 20,
        "Gross Profit": 3,
        "Operating Income": -5,
        "EBIT": -4,
        "Net Income": -5
    },
    "2017-06-30": {
        "Diluted EPS": -1.84,
        "Total Revenue": 22,
        "Gross Profit": 6,
        "Operating Income": -4,
        "EBIT": -3,
        "Net Income": -4
    },
    "2017-03-31": {
        "Diluted EPS": -0.68,
        "Total Revenue": 21,
        "Gross Profit": 6,
        "Operating Income": -1,
        "EBIT": -1,
        "Net Income": -2
    },
    "2016-12-31": {
        "Diluted EPS": -0.84,
        "Total Revenue": 23,
        "Gross Profit": 6,
        "Operating Income": -2,
        "EBIT": -1,
        "Net Income": -2
    },
    "2016-09-30": {
        "Diluted EPS": -0.56,
        "Total Revenue": 26,
        "Gross Profit": 7,
        "Operating Income": -1,
        "EBIT": 0,
        "Net Income": -1
    },
    "2016-06-30": {
        "Diluted EPS": -1.16,
        "Total Revenue": 26,
        "Gross Profit": 7,
        "Operating Income": -3,
        "EBIT": -2,
        "Net Income": -3
    },
    "2016-03-31": {
        "Diluted EPS": -1.12,
        "Total Revenue": 25,
        "Gross Profit": 7,
        "Operating Income": 1,
        "EBIT": 2,
        "Net Income": -2
    },
    "2015-12-31": {
        "Diluted EPS": -2.64,
        "Total Revenue": 28,
        "Gross Profit": 8,
        "Operating Income": -4,
        "EBIT": -3,
        "Net Income": -6
    },
    "2015-09-30": {
        "Diluted EPS": 0.6,
        "Total Revenue": 32,
        "Gross Profit": 10,
        "Operating Income": 0,
        "EBIT": 1,
        "Net Income": 1
    },
    "2015-06-30": {
        "Diluted EPS": -0.48,
        "Total Revenue": 28,
        "Gross Profit": 9,
        "Operating Income": -2,
        "EBIT": -1,
        "Net Income": -1
    },
    "2015-03-31": {
        "Diluted EPS": -1.92,
        "Total Revenue": 20,
        "Gross Profit": 5,
        "Operating Income": -6,
        "EBIT": -5,
        "Net Income": -4
    },
    "2014-12-31": {
        "Diluted EPS": -0.48,
        "Total Revenue": 27,
        "Gross Profit": 9,
        "Operating Income": -2,
        "EBIT": -1,
        "Net Income": -1
    },
    "2014-09-30": {
        "Diluted EPS": 0.8,
        "Total Revenue": 33,
        "Gross Profit": 12,
        "Operating Income": 3,
        "EBIT": 3,
        "Net Income": 2
    },
    "2014-06-30": {
        "Diluted EPS": 0.68,
        "Total Revenue": 33,
        "Gross Profit": 12,
        "Operating Income": 2,
        "EBIT": 3,
        "Net Income": 1
    },
    "2014-03-31": {
        "Diluted EPS": -0.08,
        "Total Revenue": 25,
        "Gross Profit": 9,
        "Operating Income": 0,
        "EBIT": 0,
        "Net Income": 0
    },
    "2013-12-31": {
        "Diluted EPS": -0.36,
        "Total Revenue": 27,
        "Gross Profit": 10,
        "Operating Income": 0,
        "EBIT": 0,
        "Net Income": -1
    },
    "2013-09-30": {
        "Diluted EPS": -0.96,
        "Total Revenue": 45,
        "Gross Profit": 14,
        "Operating Income": -2,
        "EBIT": -1,
        "Net Income": -2
    },
    "2013-06-30": {
        "Diluted EPS": 0.76,
        "Total Revenue": 32,
        "Gross Profit": 12,
        "Operating Income": 3,
        "EBIT": 3,
        "Net Income": 2
    },
    "2013-03-31": {
        "Diluted EPS": 0.12,
        "Total Revenue": 27,
        "Gross Profit": 10,
        "Operating Income": 0,
        "EBIT": 1,
        "Net Income": 0
    },
    "2012-12-31": {
        "Diluted EPS": 0.04,
        "Total Revenue": 26,
        "Gross Profit": 10,
        "Operating Income": 0,
        "EBIT": 1,
        "Net Income": 0
    },
    "2012-09-30": {
        "Diluted EPS": 0.52,
        "Total Revenue": 29,
        "Gross Profit": 11,
        "Operating Income": 2,
        "EBIT": 2,
        "Net Income": 1
    },
    "2012-06-30": {
        "Diluted EPS": 0.44,
        "Total Revenue": 26,
        "Gross Profit": 11,
        "Operating Income": 1,
        "EBIT": 2,
        "Net Income": 1
    },
    "2012-03-31": {
        "Diluted EPS": 0.04,
        "Total Revenue": 24,
        "Gross Profit": 10,
        "Operating Income": 0,
        "EBIT": 1,
        "Net Income": 0
    },
    "2011-12-31": {
        "Diluted EPS": -0.28,
        "Total Revenue": 25,
        "Gross Profit": 11,
        "Operating Income": 0,
        "EBIT": -1,
        "Net Income": -1
    },
    "2011-09-30": {
        "Diluted EPS": 1.76,
        "Total Revenue": 42,
        "Gross Profit": 17,
        "Operating Income": 6,
        "EBIT": 7,
        "Net Income": 4
    },
    "2011-06-30": {
        "Diluted EPS": 1.92,
        "Total Revenue": 45,
        "Gross Profit": 18,
        "Operating Income": 7,
        "EBIT": 9,
        "Net Income": 4
    },
    "2011-03-31": {
        "Diluted EPS": 1.2,
        "Total Revenue": 31,
        "Gross Profit": 13,
        "Operating Income": 4,
        "EBIT": 5,
        "Net Income": 3
    },
    "2010-12-31": {
        "Diluted EPS": 0.88,
        "Total Revenue": 30,
        "Gross Profit": 12,
        "Operating Income": 3,
        "EBIT": 3,
        "Net Income": 2
    },
    "2010-09-30": {
        "Diluted EPS": 1.92,
        "Total Revenue": 33,
        "Gross Profit": 15,
        "Operating Income": 6,
        "EBIT": 7,
        "Net Income": 4
    },
    "2010-06-30": {
        "Diluted EPS": 1.16,
        "Total Revenue": 31,
        "Gross Profit": 13,
        "Operating Income": 4,
        "EBIT": 5,
        "Net Income": 2
    },
    "2010-03-31": {
        "Diluted EPS": 0.64,
        "Total Revenue": 26,
        "Gross Profit": 11,
        "Operating Income": 2,
        "EBIT": 3,
        "Net Income": 1
    },
    "2009-12-31": {
        "Diluted EPS": 0.56,
        "Total Revenue": 26,
        "Gross Profit": 11,
        "Operating Income": 2,
        "EBIT": 3,
        "Net Income": 1
    },
    "2009-09-30": {
        "Diluted EPS": 0.88,
        "Total Revenue": 28,
        "Gross Profit": 11,
        "Operating Income": 3,
        "EBIT": 4,
        "Net Income": 2
    },
    "2009-06-30": {
        "Diluted EPS": 0.84,
        "Total Revenue": 29,
        "Gross Profit": 11,
        "Operating Income": 3,
        "EBIT": 3,
        "Net Income": 2
    },
    "2009-03-31": {
        "Diluted EPS": 0.6,
        "Total Revenue": 27,
        "Gross Profit": 10,
        "Operating Income": 2,
        "EBIT": 2,
        "Net Income": 1
    },
    "2023-06-30": {
        "Tax Effect Of Unusual Items": NaN,
        "Tax Rate For Calcs": NaN,
        "Normalized EBITDA": NaN,
        "Total Unusual Items": NaN,
        "Total Unusual Items Excluding Goodwill": NaN,
        "Net Income From Continuing Operation Net Minority Interest": NaN,
        "Reconciled Depreciation": NaN,
        "Reconciled Cost Of Revenue": NaN,
        "EBITDA": NaN,
        "EBIT": NaN,
        "Net Interest Income": NaN,
        "Interest Expense": NaN,
        "Normalized Income": NaN,
        "Net Income From Continuing And Discontinued Operation": NaN,
        "Total Expenses": NaN,
        "Total Operating Income As Reported": NaN,
        "Diluted Average Shares": 13265.0,
        "Basic Average Shares": 13265.0,
        "Diluted EPS": -117.0,
        "Basic EPS": -117.0,
        "Diluted NI Availto Com Stockholders": NaN,
        "Net Income Common Stockholders": NaN,
        "Otherunder Preferred Stock Dividend": 0.0,
        "Preferred Stock Dividends": NaN,
        "Net Income": NaN,
        "Net Income Including Noncontrolling Interests": NaN,
        "Net Income Discontinuous Operations": NaN,
        "Net Income Continuous Operations": NaN,
        "Tax Provision": NaN,
        "Pretax Income": NaN,
        "Other Income Expense": NaN,
        "Other Non Operating Income Expenses": 1642195.0,
        "Special Income Charges": NaN,
        "Gain On Sale Of Ppe": NaN,
        "Other Special Charges": NaN,
        "Restructuring And Mergern Acquisition": NaN,
        "Gain On Sale Of Security": NaN,
        "Net Non Operating Interest Income Expense": NaN,
        "Interest Expense Non Operating": NaN,
        "Operating Income": NaN,
        "Operating Expense": NaN,
        "Depreciation Amortization Depletion Income Statement": NaN,
        "Depreciation And Amortization In Income Statement": NaN,
        "Amortization": NaN,
        "Amortization Of Intangibles Income Statement": NaN,
        "Selling General And Administration": NaN,
        "Gross Profit": NaN,
        "Cost Of Revenue": NaN,
        "Total Revenue": NaN,
        "Operating Revenue": NaN
    },
    "2023-09-30": {
        "Tax Effect Of Unusual Items": -342.804754,
        "Tax Rate For Calcs": 0.001815,
        "Normalized EBITDA": -26280.0,
        "Total Unusual Items": -188914.0,
        "Total Unusual Items Excluding Goodwill": -188914.0,
        "Net Income From Continuing Operation Net Minority Interest": -2329053.0,
        "Reconciled Depreciation": 1308070.0,
        "Reconciled Cost Of Revenue": 11164867.0,
        "EBITDA": -215194.0,
        "EBIT": -1523264.0,
        "Net Interest Income": -810023.0,
        "Interest Expense": 810023.0,
        "Normalized Income": -2140481.804754,
        "Net Income From Continuing And Discontinued Operation": -2363036.0,
        "Total Expenses": 19623047.0,
        "Total Operating Income As Reported": -1564350.0,
        "Diluted Average Shares": 13400.0,
        "Basic Average Shares": 13400.0,
        "Diluted EPS": -176.35,
        "Basic EPS": -176.35,
        "Diluted NI Availto Com Stockholders": -2363036.0,
        "Net Income Common Stockholders": -2363036.0,
        "Otherunder Preferred Stock Dividend": 0.0,
        "Preferred Stock Dividends": NaN,
        "Net Income": -2363036.0,
        "Net Income Including Noncontrolling Interests": -2363036.0,
        "Net Income Discontinuous Operations": -33983.0,
        "Net Income Continuous Operations": -2329053.0,
        "Tax Provision": -4234.0,
        "Pretax Income": -2333287.0,
        "Other Income Expense": -188914.0,
        "Other Non Operating Income Expenses": NaN,
        "Special Income Charges": -277077.0,
        "Gain On Sale Of Ppe": 192845.0,
        "Other Special Charges": NaN,
        "Restructuring And Mergern Acquisition": 469922.0,
        "Gain On Sale Of Security": 88163.0,
        "Net Non Operating Interest Income Expense": -810023.0,
        "Interest Expense Non Operating": 810023.0,
        "Operating Income": -1334350.0,
        "Operating Expense": 8366808.0,
        "Depreciation Amortization Depletion Income Statement": 1216698.0,
        "Depreciation And Amortization In Income Statement": 1216698.0,
        "Amortization": 1216698.0,
        "Amortization Of Intangibles Income Statement": 1216698.0,
        "Selling General And Administration": 7150110.0,
        "Gross Profit": 7032458.0,
        "Cost Of Revenue": 11256239.0,
        "Total Revenue": 18288697.0,
        "Operating Revenue": 18288697.0
    },
    "2023-12-31": {
        "Tax Effect Of Unusual Items": 289973.25,
        "Tax Rate For Calcs": 0.21,
        "Normalized EBITDA": -1014189.0,
        "Total Unusual Items": 1380825.0,
        "Total Unusual Items Excluding Goodwill": 1380825.0,
        "Net Income From Continuing Operation Net Minority Interest": -1677358.0,
        "Reconciled Depreciation": 1133481.0,
        "Reconciled Cost Of Revenue": 13826715.0,
        "EBITDA": 366636.0,
        "EBIT": -766845.0,
        "Net Interest Income": -789941.0,
        "Interest Expense": 789941.0,
        "Normalized Income": -2768209.75,
        "Net Income From Continuing And Discontinued Operation": -1663398.0,
        "Total Expenses": 21589966.0,
        "Total Operating Income As Reported": -2337670.0,
        "Diluted Average Shares": NaN,
        "Basic Average Shares": NaN,
        "Diluted EPS": NaN,
        "Basic EPS": NaN,
        "Diluted NI Availto Com Stockholders": -1663398.0,
        "Net Income Common Stockholders": -1663398.0,
        "Otherunder Preferred Stock Dividend": NaN,
        "Preferred Stock Dividends": NaN,
        "Net Income": -1663398.0,
        "Net Income Including Noncontrolling Interests": -1663398.0,
        "Net Income Discontinuous Operations": 13960.0,
        "Net Income Continuous Operations": -1677358.0,
        "Tax Provision": 120572.0,
        "Pretax Income": -1556786.0,
        "Other Income Expense": 1380825.0,
        "Other Non Operating Income Expenses": NaN,
        "Special Income Charges": 1332693.0,
        "Gain On Sale Of Ppe": 0.0,
        "Other Special Charges": NaN,
        "Restructuring And Mergern Acquisition": -1332693.0,
        "Gain On Sale Of Security": 48132.0,
        "Net Non Operating Interest Income Expense": -789941.0,
        "Interest Expense Non Operating": 789941.0,
        "Operating Income": -2147670.0,
        "Operating Expense": 7668152.0,
        "Depreciation Amortization Depletion Income Statement": 1038382.0,
        "Depreciation And Amortization In Income Statement": 1038382.0,
        "Amortization": 1038382.0,
        "Amortization Of Intangibles Income Statement": 1038382.0,
        "Selling General And Administration": 6629770.0,
        "Gross Profit": 5520482.0,
        "Cost Of Revenue": 13921814.0,
        "Total Revenue": 19442296.0,
        "Operating Revenue": 19442297.0
    },
    "2024-03-31": {
        "Tax Effect Of Unusual Items": 20652.76,
        "Tax Rate For Calcs": 0.005,
        "Normalized EBITDA": -1355077.0,
        "Total Unusual Items": 4130552.0,
        "Total Unusual Items Excluding Goodwill": 4130552.0,
        "Net Income From Continuing Operation Net Minority Interest": 1202651.0,
        "Reconciled Depreciation": 801792.0,
        "Reconciled Cost Of Revenue": 8321332.0,
        "EBITDA": 2775475.0,
        "EBIT": 1973683.0,
        "Net Interest Income": -764870.0,
        "Interest Expense": 764870.0,
        "Normalized Income": -2907248.24,
        "Net Income From Continuing And Discontinued Operation": 1202651.0,
        "Total Expenses": 15752151.0,
        "Total Operating Income As Reported": -2182954.0,
        "Diluted Average Shares": 52546.0,
        "Basic Average Shares": 52546.0,
        "Diluted EPS": 195.0,
        "Basic EPS": 195.0,
        "Diluted NI Availto Com Stockholders": 1202651.0,
        "Net Income Common Stockholders": 1202651.0,
        "Otherunder Preferred Stock Dividend": NaN,
        "Preferred Stock Dividends": NaN,
        "Net Income": 1202651.0,
        "Net Income Including Noncontrolling Interests": 1202651.0,
        "Net Income Discontinuous Operations": 0.0,
        "Net Income Continuous Operations": 1202651.0,
        "Tax Provision": 6162.0,
        "Pretax Income": 1208813.0,
        "Other Income Expense": 4506637.0,
        "Other Non Operating Income Expenses": 376085.0,
        "Special Income Charges": 356118.0,
        "Gain On Sale Of Ppe": 6118.0,
        "Other Special Charges": NaN,
        "Restructuring And Mergern Acquisition": -350000.0,
        "Gain On Sale Of Security": 3774434.0,
        "Net Non Operating Interest Income Expense": -764870.0,
        "Interest Expense Non Operating": 764870.0,
        "Operating Income": -2532954.0,
        "Operating Expense": 7338402.0,
        "Depreciation Amortization Depletion Income Statement": 709375.0,
        "Depreciation And Amortization In Income Statement": 709375.0,
        "Amortization": 709375.0,
        "Amortization Of Intangibles Income Statement": 709375.0,
        "Selling General And Administration": 6629027.0,
        "Gross Profit": 4805448.0,
        "Cost Of Revenue": 8413749.0,
        "Total Revenue": 13219197.0,
        "Operating Revenue": 13219197.0
    },
    "2024-06-30": {
        "Tax Effect Of Unusual Items": 0.0,
        "Tax Rate For Calcs": 0.0,
        "Normalized EBITDA": -1572397.0,
        "Total Unusual Items": -3845846.0,
        "Total Unusual Items Excluding Goodwill": -3845846.0,
        "Net Income From Continuing Operation Net Minority Interest": -6934015.0,
        "Reconciled Depreciation": 786772.0,
        "Reconciled Cost Of Revenue": 8679669.0,
        "EBITDA": -5418243.0,
        "EBIT": -6205015.0,
        "Net Interest Income": -735633.0,
        "Interest Expense": 735633.0,
        "Normalized Income": -3088169.0,
        "Net Income From Continuing And Discontinued Operation": -6934015.0,
        "Total Expenses": 16025364.0,
        "Total Operating Income As Reported": -2025944.0,
        "Diluted Average Shares": 125390.0,
        "Basic Average Shares": 125390.0,
        "Diluted EPS": -55.5,
        "Basic EPS": -55.5,
        "Diluted NI Availto Com Stockholders": -6934015.0,
        "Net Income Common Stockholders": -6934015.0,
        "Otherunder Preferred Stock Dividend": 0.0,
        "Preferred Stock Dividends": NaN,
        "Net Income": -6934015.0,
        "Net Income Including Noncontrolling Interests": -6934015.0,
        "Net Income Discontinuous Operations": 0.0,
        "Net Income Continuous Operations": -6934015.0,
        "Tax Provision": -6633.0,
        "Pretax Income": -6940648.0,
        "Other Income Expense": -3729071.0,
        "Other Non Operating Income Expenses": 116775.0,
        "Special Income Charges": 450000.0,
        "Gain On Sale Of Ppe": 0.0,
        "Other Special Charges": NaN,
        "Restructuring And Mergern Acquisition": -450000.0,
        "Gain On Sale Of Security": -4295846.0,
        "Net Non Operating Interest Income Expense": -735633.0,
        "Interest Expense Non Operating": 735633.0,
        "Operating Income": -2475944.0,
        "Operating Expense": 7268298.0,
        "Depreciation Amortization Depletion Income Statement": 709375.0,
        "Depreciation And Amortization In Income Statement": 709375.0,
        "Amortization": 709375.0,
        "Amortization Of Intangibles Income Statement": 709375.0,
        "Selling General And Administration": 6558923.0,
        "Gross Profit": 4792354.0,
        "Cost Of Revenue": 8757066.0,
        "Total Revenue": 13549420.0,
        "Operating Revenue": 13549420.0
    },
    "2024-09-30": {
        "Tax Effect Of Unusual Items": -184760.52,
        "Tax Rate For Calcs": 0.21,
        "Normalized EBITDA": -821989.0,
        "Total Unusual Items": -879812.0,
        "Total Unusual Items Excluding Goodwill": -879812.0,
        "Net Income From Continuing Operation Net Minority Interest": -3298609.0,
        "Reconciled Depreciation": 784748.0,
        "Reconciled Cost Of Revenue": 9407288.0,
        "EBITDA": -1701801.0,
        "EBIT": -2486549.0,
        "Net Interest Income": -811551.0,
        "Interest Expense": 811551.0,
        "Normalized Income": -2603557.52,
        "Net Income From Continuing And Discontinued Operation": -3298609.0,
        "Total Expenses": 16325123.0,
        "Total Operating Income As Reported": -1606737.0,
        "Diluted Average Shares": 6055.0,
        "Basic Average Shares": 6055.0,
        "Diluted EPS": -588.5,
        "Basic EPS": -588.5,
        "Diluted NI Availto Com Stockholders": -3563091.0,
        "Net Income Common Stockholders": -3563091.0,
        "Otherunder Preferred Stock Dividend": -3199944.0,
        "Preferred Stock Dividends": 3464426.0,
        "Net Income": -3298609.0,
        "Net Income Including Noncontrolling Interests": -3298609.0,
        "Net Income Discontinuous Operations": 0.0,
        "Net Income Continuous Operations": -3298609.0,
        "Tax Provision": 509.0,
        "Pretax Income": -3298100.0,
        "Other Income Expense": -879812.0,
        "Other Non Operating Income Expenses": NaN,
        "Special Income Charges": -56648.0,
        "Gain On Sale Of Ppe": -6940.0,
        "Other Special Charges": 35657.0,
        "Restructuring And Mergern Acquisition": 14051.0,
        "Gain On Sale Of Security": -823164.0,
        "Net Non Operating Interest Income Expense": -811551.0,
        "Interest Expense Non Operating": 811551.0,
        "Operating Income": -1606737.0,
        "Operating Expense": 6842462.0,
        "Depreciation Amortization Depletion Income Statement": 709375.0,
        "Depreciation And Amortization In Income Statement": 709375.0,
        "Amortization": 709375.0,
        "Amortization Of Intangibles Income Statement": 709375.0,
        "Selling General And Administration": 6133087.0,
        "Gross Profit": 5235725.0,
        "Cost Of Revenue": 9482661.0,
        "Total Revenue": 14718386.0,
        "Operating Revenue": 14718386.0
    }
}