{
    "2023-03-31": {
        "Tax Effect Of Unusual Items": NaN,
        "Tax Rate For Calcs": NaN,
        "Normalized EBITDA": NaN,
        "Total Unusual Items": NaN,
        "Total Unusual Items Excluding Goodwill": NaN,
        "Net Income From Continuing Operation Net Minority Interest": NaN,
        "Reconciled Depreciation": NaN,
        "Reconciled Cost Of Revenue": NaN,
        "EBITDA": NaN,
        "EBIT": NaN,
        "Net Interest Income": NaN,
        "Interest Expense": NaN,
        "Interest Income": NaN,
        "Normalized Income": NaN,
        "Net Income From Continuing And Discontinued Operation": NaN,
        "Total Expenses": NaN,
        "Total Operating Income As Reported": NaN,
        "Diluted Average Shares": NaN,
        "Basic Average Shares": NaN,
        "Diluted EPS": NaN,
        "Basic EPS": NaN,
        "Diluted NI Availto Com Stockholders": NaN,
        "Average Dilution Earnings": 1800000.0,
        "Net Income Common Stockholders": NaN,
        "Preferred Stock Dividends": 1700000.0,
        "Net Income": NaN,
        "Minority Interests": NaN,
        "Net Income Including Noncontrolling Interests": NaN,
        "Net Income Continuous Operations": NaN,
        "Tax Provision": NaN,
        "Pretax Income": NaN,
        "Other Income Expense": NaN,
        "Other Non Operating Income Expenses": NaN,
        "Special Income Charges": NaN,
        "Gain On Sale Of Business": NaN,
        "Other Special Charges": -500800000.0,
        "Write Off": NaN,
        "Restructuring And Mergern Acquisition": NaN,
        "Earnings From Equity Interest": NaN,
        "Net Non Operating Interest Income Expense": NaN,
        "Interest Expense Non Operating": NaN,
        "Interest Income Non Operating": NaN,
        "Operating Income": NaN,
        "Operating Expense": NaN,
        "Depreciation Amortization Depletion Income Statement": NaN,
        "Depreciation And Amortization In Income Statement": NaN,
        "Selling General And Administration": NaN,
        "General And Administrative Expense": NaN,
        "Other Gand A": NaN,
        "Gross Profit": NaN,
        "Cost Of Revenue": NaN,
        "Total Revenue": NaN,
        "Operating Revenue": NaN
    },
    "2022-12-31": {
        "Tax Effect Of Unusual Items": NaN,
        "Tax Rate For Calcs": NaN,
        "Normalized EBITDA": NaN,
        "Total Unusual Items": NaN,
        "Total Unusual Items Excluding Goodwill": NaN,
        "Net Income From Continuing Operation Net Minority Interest": NaN,
        "Reconciled Depreciation": NaN,
        "Reconciled Cost Of Revenue": NaN,
        "EBITDA": NaN,
        "EBIT": NaN,
        "Net Interest Income": NaN,
        "Interest Expense": NaN,
        "Interest Income": NaN,
        "Normalized Income": NaN,
        "Net Income From Continuing And Discontinued Operation": NaN,
        "Total Expenses": NaN,
        "Total Operating Income As Reported": NaN,
        "Diluted Average Shares": NaN,
        "Basic Average Shares": NaN,
        "Diluted EPS": NaN,
        "Basic EPS": NaN,
        "Diluted NI Availto Com Stockholders": NaN,
        "Average Dilution Earnings": NaN,
        "Net Income Common Stockholders": NaN,
        "Preferred Stock Dividends": 100000.0,
        "Net Income": NaN,
        "Minority Interests": NaN,
        "Net Income Including Noncontrolling Interests": NaN,
        "Net Income Continuous Operations": NaN,
        "Tax Provision": NaN,
        "Pretax Income": NaN,
        "Other Income Expense": NaN,
        "Other Non Operating Income Expenses": NaN,
        "Special Income Charges": NaN,
        "Gain On Sale Of Business": NaN,
        "Other Special Charges": NaN,
        "Write Off": NaN,
        "Restructuring And Mergern Acquisition": NaN,
        "Earnings From Equity Interest": NaN,
        "Net Non Operating Interest Income Expense": NaN,
        "Interest Expense Non Operating": NaN,
        "Interest Income Non Operating": NaN,
        "Operating Income": NaN,
        "Operating Expense": NaN,
        "Depreciation Amortization Depletion Income Statement": NaN,
        "Depreciation And Amortization In Income Statement": NaN,
        "Selling General And Administration": NaN,
        "General And Administrative Expense": NaN,
        "Other Gand A": NaN,
        "Gross Profit": NaN,
        "Cost Of Revenue": NaN,
        "Total Revenue": NaN,
        "Operating Revenue": NaN
    },
    "2022-09-30": {
        "Tax Effect Of Unusual Items": NaN,
        "Tax Rate For Calcs": NaN,
        "Normalized EBITDA": NaN,
        "Total Unusual Items": NaN,
        "Total Unusual Items Excluding Goodwill": NaN,
        "Net Income From Continuing Operation Net Minority Interest": NaN,
        "Reconciled Depreciation": NaN,
        "Reconciled Cost Of Revenue": NaN,
        "EBITDA": NaN,
        "EBIT": NaN,
        "Net Interest Income": NaN,
        "Interest Expense": NaN,
        "Interest Income": NaN,
        "Normalized Income": NaN,
        "Net Income From Continuing And Discontinued Operation": NaN,
        "Total Expenses": NaN,
        "Total Operating Income As Reported": NaN,
        "Diluted Average Shares": NaN,
        "Basic Average Shares": NaN,
        "Diluted EPS": NaN,
        "Basic EPS": NaN,
        "Diluted NI Availto Com Stockholders": NaN,
        "Average Dilution Earnings": 1800000.0,
        "Net Income Common Stockholders": NaN,
        "Preferred Stock Dividends": 500000.0,
        "Net Income": NaN,
        "Minority Interests": NaN,
        "Net Income Including Noncontrolling Interests": NaN,
        "Net Income Continuous Operations": NaN,
        "Tax Provision": NaN,
        "Pretax Income": NaN,
        "Other Income Expense": NaN,
        "Other Non Operating Income Expenses": NaN,
        "Special Income Charges": NaN,
        "Gain On Sale Of Business": 0.0,
        "Other Special Charges": NaN,
        "Write Off": 104600000.0,
        "Restructuring And Mergern Acquisition": NaN,
        "Earnings From Equity Interest": NaN,
        "Net Non Operating Interest Income Expense": NaN,
        "Interest Expense Non Operating": NaN,
        "Interest Income Non Operating": NaN,
        "Operating Income": NaN,
        "Operating Expense": NaN,
        "Depreciation Amortization Depletion Income Statement": NaN,
        "Depreciation And Amortization In Income Statement": NaN,
        "Selling General And Administration": NaN,
        "General And Administrative Expense": NaN,
        "Other Gand A": NaN,
        "Gross Profit": NaN,
        "Cost Of Revenue": NaN,
        "Total Revenue": NaN,
        "Operating Revenue": NaN
    },
    "2022-06-30": {
        "Tax Effect Of Unusual Items": 0.0,
        "Tax Rate For Calcs": 0.4,
        "Normalized EBITDA": 427600000.0,
        "Total Unusual Items": NaN,
        "Total Unusual Items Excluding Goodwill": NaN,
        "Net Income From Continuing Operation Net Minority Interest": 26100000.0,
        "Reconciled Depreciation": 150300000.0,
        "Reconciled Cost Of Revenue": 900400000.0,
        "EBITDA": 427600000.0,
        "EBIT": 277300000.0,
        "Net Interest Income": -193600000.0,
        "Interest Expense": 194900000.0,
        "Interest Income": 1300000.0,
        "Normalized Income": 26100000.0,
        "Net Income From Continuing And Discontinued Operation": 26100000.0,
        "Total Expenses": 1324500000.0,
        "Total Operating Income As Reported": 302400000.0,
        "Diluted Average Shares": 180200000.0,
        "Basic Average Shares": 164800000.0,
        "Diluted EPS": 0.15,
        "Basic EPS": 0.16,
        "Diluted NI Availto Com Stockholders": 26000000.0,
        "Average Dilution Earnings": NaN,
        "Net Income Common Stockholders": 26000000.0,
        "Preferred Stock Dividends": 100000.0,
        "Net Income": 26100000.0,
        "Minority Interests": 0.0,
        "Net Income Including Noncontrolling Interests": 26100000.0,
        "Net Income Continuous Operations": 26100000.0,
        "Tax Provision": 56300000.0,
        "Pretax Income": 82400000.0,
        "Other Income Expense": -26400000.0,
        "Other Non Operating Income Expenses": -28200000.0,
        "Special Income Charges": NaN,
        "Write Off": NaN,
        "Impairment Of Capital Assets": NaN,
        "Restructuring And Mergern Acquisition": NaN,
        "Earnings From Equity Interest": 1800000.0,
        "Net Non Operating Interest Income Expense": -193600000.0,
        "Interest Expense Non Operating": 194900000.0,
        "Interest Income Non Operating": 1300000.0,
        "Operating Income": 302400000.0,
        "Operating Expense": 424100000.0,
        "Depreciation Amortization Depletion Income Statement": 150300000.0,
        "Depreciation And Amortization In Income Statement": 150300000.0,
        "Selling General And Administration": 273800000.0,
        "General And Administrative Expense": 273800000.0,
        "Other Gand A": 273800000.0,
        "Gross Profit": 726500000.0,
        "Cost Of Revenue": 900400000.0,
        "Total Revenue": 1626900000.0,
        "Operating Revenue": 1626900000.0
    },
    "2022-03-31": {
        "Diluted EPS": 0.29,
        "Total Revenue": NaN,
        "Gross Profit": 706,
        "Operating Income": 292,
        "EBIT": 413,
        "Net Income": 52
    },
    "2021-12-31": {
        "Diluted EPS": 0.24,
        "Total Revenue": NaN,
        "Gross Profit": 657,
        "Operating Income": 226,
        "EBIT": 330,
        "Net Income": 45
    },
    "2021-09-30": {
        "Diluted EPS": 0.52,
        "Total Revenue": NaN,
        "Gross Profit": 699,
        "Operating Income": 239,
        "EBIT": 329,
        "Net Income": 86
    },
    "2021-06-30": {
        "Diluted EPS": 1.17,
        "Total Revenue": NaN,
        "Gross Profit": 776,
        "Operating Income": 378,
        "EBIT": 465,
        "Net Income": 199
    },
    "2021-03-31": {
        "Diluted EPS": 0.55,
        "Total Revenue": NaN,
        "Gross Profit": 624,
        "Operating Income": 217,
        "EBIT": 303,
        "Net Income": 91
    },
    "2020-12-31": {
        "Diluted EPS": 1.02,
        "Total Revenue": NaN,
        "Gross Profit": 520,
        "Operating Income": 120,
        "EBIT": 216,
        "Net Income": 12
    },
    "2020-09-30": {
        "Diluted EPS": 0.93,
        "Total Revenue": NaN,
        "Gross Profit": 602,
        "Operating Income": 196,
        "EBIT": 289,
        "Net Income": 141
    },
    "2020-06-30": {
        "Diluted EPS": -1.69,
        "Total Revenue": 306,
        "Gross Profit": 131,
        "Operating Income": -165,
        "EBIT": -70,
        "Net Income": -214
    },
    "2020-03-31": {
        "Diluted EPS": -5.26,
        "Total Revenue": NaN,
        "Gross Profit": 458,
        "Operating Income": -561,
        "EBIT": -463,
        "Net Income": -609
    },
    "2019-12-31": {
        "Diluted EPS": -0.8,
        "Total Revenue": NaN,
        "Gross Profit": 586,
        "Operating Income": 11,
        "EBIT": 111,
        "Net Income": -93
    },
    "2019-09-30": {
        "Diluted EPS": 0.38,
        "Total Revenue": NaN,
        "Gross Profit": 596,
        "Operating Income": 180,
        "EBIT": 288,
        "Net Income": 44
    },
    "2019-06-30": {
        "Diluted EPS": 0.44,
        "Total Revenue": NaN,
        "Gross Profit": 591,
        "Operating Income": 198,
        "EBIT": 306,
        "Net Income": 52
    },
    "2019-03-31": {
        "Diluted EPS": 0.35,
        "Total Revenue": NaN,
        "Gross Profit": 573,
        "Operating Income": 182,
        "EBIT": 288,
        "Net Income": 41
    },
    "2018-12-31": {
        "Diluted EPS": -0.5,
        "Total Revenue": NaN,
        "Gross Profit": 492,
        "Operating Income": 124,
        "EBIT": 219,
        "Net Income": -42
    },
    "2018-09-30": {
        "Diluted EPS": 0.38,
        "Total Revenue": 790,
        "Gross Profit": 338,
        "Operating Income": 156,
        "EBIT": 214,
        "Net Income": 36
    },
    "2018-06-30": {
        "Diluted EPS": 0.57,
        "Total Revenue": 827,
        "Gross Profit": 356,
        "Operating Income": 182,
        "EBIT": 242,
        "Net Income": 54
    },
    "2018-03-31": {
        "Diluted EPS": 0.48,
        "Total Revenue": 816,
        "Gross Profit": 354,
        "Operating Income": 172,
        "EBIT": 234,
        "Net Income": 45
    },
    "2017-12-31": {
        "Diluted EPS": -3.6,
        "Total Revenue": 769,
        "Gross Profit": 317,
        "Operating Income": 27,
        "EBIT": 90,
        "Net Income": -338
    },
    "2017-09-30": {
        "Diluted EPS": 8.43,
        "Total Revenue": 806,
        "Gross Profit": 342,
        "Operating Income": 144,
        "EBIT": 212,
        "Net Income": 789
    },
    "2017-06-30": {
        "Diluted EPS": 0.18,
        "Total Revenue": 796,
        "Gross Profit": 340,
        "Operating Income": 135,
        "EBIT": 206,
        "Net Income": 17
    },
    "2017-03-31": {
        "Diluted EPS": 0.06,
        "Total Revenue": 776,
        "Gross Profit": 336,
        "Operating Income": 140,
        "EBIT": 212,
        "Net Income": 5
    },
    "2016-12-31": {
        "Diluted EPS": 0.05,
        "Total Revenue": 743,
        "Gross Profit": 307,
        "Operating Income": 114,
        "EBIT": 187,
        "Net Income": 14
    },
    "2016-09-30": {
        "Diluted EPS": 0.51,
        "Total Revenue": 766,
        "Gross Profit": 321,
        "Operating Income": 139,
        "EBIT": 209,
        "Net Income": 43
    },
    "2016-06-30": {
        "Diluted EPS": 0.37,
        "Total Revenue": 769,
        "Gross Profit": 325,
        "Operating Income": 149,
        "EBIT": 217,
        "Net Income": 31
    },
    "2016-03-31": {
        "Diluted EPS": 0.26,
        "Total Revenue": 756,
        "Gross Profit": 323,
        "Operating Income": 141,
        "EBIT": 208,
        "Net Income": 21
    },
    "2015-12-31": {
        "Diluted EPS": -0.09,
        "Total Revenue": 734,
        "Gross Profit": 305,
        "Operating Income": 91,
        "EBIT": 160,
        "Net Income": -8
    },
    "2015-09-30": {
        "Diluted EPS": 0.05,
        "Total Revenue": 739,
        "Gross Profit": 316,
        "Operating Income": 142,
        "EBIT": 210,
        "Net Income": 4
    },
    "2015-06-30": {
        "Diluted EPS": 0.03,
        "Total Revenue": 701,
        "Gross Profit": 305,
        "Operating Income": 123,
        "EBIT": 187,
        "Net Income": 3
    },
    "2015-03-31": {
        "Diluted EPS": 0.02,
        "Total Revenue": 664,
        "Gross Profit": 291,
        "Operating Income": 112,
        "EBIT": 177,
        "Net Income": 2
    },
    "2014-12-31": {
        "Diluted EPS": -1.9,
        "Total Revenue": 651,
        "Gross Profit": 278,
        "Operating Income": -57,
        "EBIT": 10,
        "Net Income": -150
    },
    "2014-09-30": {
        "Diluted EPS": -0.2,
        "Total Revenue": 646,
        "Gross Profit": 279,
        "Operating Income": 106,
        "EBIT": 169,
        "Net Income": -15
    },
    "2014-06-30": {
        "Diluted EPS": -0.25,
        "Total Revenue": 652,
        "Gross Profit": 288,
        "Operating Income": 105,
        "EBIT": 177,
        "Net Income": -19
    },
    "2014-03-31": {
        "Diluted EPS": 0.01,
        "Total Revenue": 641,
        "Gross Profit": 280,
        "Operating Income": 103,
        "EBIT": 174,
        "Net Income": 1
    },
    "2013-12-31": {
        "Diluted EPS": -8.31,
        "Total Revenue": 504,
        "Gross Profit": 213,
        "Operating Income": -697,
        "EBIT": -613,
        "Net Income": -656
    },
    "2013-09-30": {
        "Diluted EPS": 0.4,
        "Total Revenue": 714,
        "Gross Profit": 304,
        "Operating Income": 93,
        "EBIT": 175,
        "Net Income": 34
    },
    "2013-06-30": {
        "Diluted EPS": -0.16,
        "Total Revenue": 761,
        "Gross Profit": 331,
        "Operating Income": 47,
        "EBIT": 130,
        "Net Income": -12
    },
    "2013-03-31": {
        "Diluted EPS": 0.63,
        "Total Revenue": 798,
        "Gross Profit": 346,
        "Operating Income": 133,
        "EBIT": 213,
        "Net Income": 53
    },
    "2012-12-31": {
        "Diluted EPS": 0.22,
        "Total Revenue": 533,
        "Gross Profit": 225,
        "Operating Income": 28,
        "EBIT": 105,
        "Net Income": 43
    },
    "2012-09-30": {
        "Diluted EPS": 0.44,
        "Total Revenue": 707,
        "Gross Profit": 299,
        "Operating Income": 99,
        "EBIT": 163,
        "Net Income": 37
    },
    "2012-06-30": {
        "Diluted EPS": 0.63,
        "Total Revenue": 713,
        "Gross Profit": 297,
        "Operating Income": 128,
        "EBIT": 186,
        "Net Income": 67
    },
    "2012-03-31": {
        "Diluted EPS": 0.74,
        "Total Revenue": 736,
        "Gross Profit": 308,
        "Operating Income": 143,
        "EBIT": 198,
        "Net Income": 63
    },
    "2011-12-31": {
        "Diluted EPS": 0.41,
        "Total Revenue": 676,
        "Gross Profit": 267,
        "Operating Income": 106,
        "EBIT": 159,
        "Net Income": 36
    },
    "2011-09-30": {
        "Diluted EPS": 0.66,
        "Total Revenue": 711,
        "Gross Profit": 291,
        "Operating Income": 130,
        "EBIT": 184,
        "Net Income": 57
    },
    "2011-06-30": {
        "Diluted EPS": 0.71,
        "Total Revenue": 688,
        "Gross Profit": 286,
        "Operating Income": 141,
        "EBIT": 198,
        "Net Income": 62
    },
    "2011-03-31": {
        "Diluted EPS": 0.48,
        "Total Revenue": 667,
        "Gross Profit": 278,
        "Operating Income": 123,
        "EBIT": 179,
        "Net Income": 42
    },
    "2010-12-31": {
        "Diluted EPS": -1.65,
        "Total Revenue": 630,
        "Gross Profit": 253,
        "Operating Income": -101,
        "EBIT": -44,
        "Net Income": -135
    },
    "2010-09-30": {
        "Diluted EPS": 0.46,
        "Total Revenue": 638,
        "Gross Profit": 261,
        "Operating Income": 110,
        "EBIT": 167,
        "Net Income": 39
    },
    "2010-06-30": {
        "Diluted EPS": 0.09,
        "Total Revenue": 598,
        "Gross Profit": 242,
        "Operating Income": 52,
        "EBIT": 108,
        "Net Income": 7
    },
    "2010-03-31": {
        "Diluted EPS": 0.34,
        "Total Revenue": 592,
        "Gross Profit": 238,
        "Operating Income": 92,
        "EBIT": 147,
        "Net Income": 29
    },
    "2009-12-31": {
        "Diluted EPS": -4.24,
        "Total Revenue": 556,
        "Gross Profit": 215,
        "Operating Income": -460,
        "EBIT": -403,
        "Net Income": -338
    },
    "2009-09-30": {
        "Diluted EPS": 0.2,
        "Total Revenue": 620,
        "Gross Profit": 248,
        "Operating Income": 87,
        "EBIT": 140,
        "Net Income": 17
    },
    "2009-06-30": {
        "Diluted EPS": 0.27,
        "Total Revenue": 581,
        "Gross Profit": 229,
        "Operating Income": 77,
        "EBIT": 126,
        "Net Income": 23
    },
    "2009-03-31": {
        "Diluted EPS": 0.38,
        "Total Revenue": 612,
        "Gross Profit": 250,
        "Operating Income": 101,
        "EBIT": 147,
        "Net Income": 33
    },
    "2023-06-30": {
        "Tax Effect Of Unusual Items": NaN,
        "Tax Rate For Calcs": NaN,
        "Normalized EBITDA": NaN,
        "Total Unusual Items": NaN,
        "Total Unusual Items Excluding Goodwill": NaN,
        "Net Income From Continuing Operation Net Minority Interest": NaN,
        "Reconciled Depreciation": NaN,
        "Reconciled Cost Of Revenue": NaN,
        "EBITDA": NaN,
        "EBIT": NaN,
        "Net Interest Income": NaN,
        "Interest Expense": NaN,
        "Interest Income": NaN,
        "Normalized Income": NaN,
        "Net Income From Continuing And Discontinued Operation": NaN,
        "Total Expenses": NaN,
        "Total Operating Income As Reported": NaN,
        "Diluted Average Shares": NaN,
        "Basic Average Shares": NaN,
        "Diluted EPS": NaN,
        "Basic EPS": NaN,
        "Diluted NI Availto Com Stockholders": NaN,
        "Average Dilution Earnings": 1800000.0,
        "Net Income Common Stockholders": NaN,
        "Preferred Stock Dividends": 200000.0,
        "Net Income": NaN,
        "Minority Interests": NaN,
        "Net Income Including Noncontrolling Interests": NaN,
        "Net Income Continuous Operations": NaN,
        "Tax Provision": NaN,
        "Pretax Income": NaN,
        "Other Income Expense": NaN,
        "Other Non Operating Income Expenses": NaN,
        "Special Income Charges": NaN,
        "Gain On Sale Of Business": NaN,
        "Other Special Charges": NaN,
        "Write Off": NaN,
        "Restructuring And Mergern Acquisition": NaN,
        "Earnings From Equity Interest": NaN,
        "Net Non Operating Interest Income Expense": NaN,
        "Interest Expense Non Operating": NaN,
        "Interest Income Non Operating": NaN,
        "Operating Income": NaN,
        "Operating Expense": NaN,
        "Depreciation Amortization Depletion Income Statement": NaN,
        "Depreciation And Amortization In Income Statement": NaN,
        "Selling General And Administration": NaN,
        "General And Administrative Expense": NaN,
        "Other Gand A": NaN,
        "Gross Profit": NaN,
        "Cost Of Revenue": NaN,
        "Total Revenue": NaN,
        "Operating Revenue": NaN
    },
    "2023-09-30": {
        "Tax Effect Of Unusual Items": NaN,
        "Tax Rate For Calcs": NaN,
        "Normalized EBITDA": NaN,
        "Total Unusual Items": NaN,
        "Total Unusual Items Excluding Goodwill": NaN,
        "Net Income From Continuing Operation Net Minority Interest": NaN,
        "Reconciled Depreciation": NaN,
        "Reconciled Cost Of Revenue": NaN,
        "EBITDA": NaN,
        "EBIT": NaN,
        "Net Interest Income": NaN,
        "Interest Expense": NaN,
        "Interest Income": NaN,
        "Normalized Income": NaN,
        "Net Income From Continuing And Discontinued Operation": NaN,
        "Total Expenses": NaN,
        "Total Operating Income As Reported": NaN,
        "Diluted Average Shares": NaN,
        "Basic Average Shares": NaN,
        "Diluted EPS": NaN,
        "Basic EPS": NaN,
        "Diluted NI Availto Com Stockholders": NaN,
        "Average Dilution Earnings": 0.0,
        "Net Income Common Stockholders": NaN,
        "Net Income": NaN,
        "Minority Interests": NaN,
        "Net Income Including Noncontrolling Interests": NaN,
        "Net Income Continuous Operations": NaN,
        "Tax Provision": NaN,
        "Pretax Income": NaN,
        "Other Income Expense": NaN,
        "Other Non Operating Income Expenses": NaN,
        "Special Income Charges": NaN,
        "Gain On Sale Of Business": -923200000.0,
        "Other Special Charges": NaN,
        "Write Off": 0.0,
        "Restructuring And Mergern Acquisition": NaN,
        "Earnings From Equity Interest": NaN,
        "Net Non Operating Interest Income Expense": NaN,
        "Total Other Finance Cost": NaN,
        "Interest Expense Non Operating": NaN,
        "Interest Income Non Operating": NaN,
        "Operating Income": NaN,
        "Operating Expense": NaN,
        "Depreciation Amortization Depletion Income Statement": NaN,
        "Depreciation And Amortization In Income Statement": NaN,
        "Selling General And Administration": NaN,
        "General And Administrative Expense": NaN,
        "Other Gand A": NaN,
        "Gross Profit": NaN,
        "Cost Of Revenue": NaN,
        "Total Revenue": NaN,
        "Operating Revenue": NaN
    },
    "2023-12-31": {
        "Tax Effect Of Unusual Items": NaN,
        "Tax Rate For Calcs": NaN,
        "Normalized EBITDA": NaN,
        "Total Unusual Items": -130600000.0,
        "Total Unusual Items Excluding Goodwill": -130600000.0,
        "Net Income From Continuing Operation Net Minority Interest": NaN,
        "Reconciled Depreciation": NaN,
        "Reconciled Cost Of Revenue": NaN,
        "EBITDA": NaN,
        "EBIT": NaN,
        "Net Interest Income": NaN,
        "Interest Expense": NaN,
        "Interest Income": NaN,
        "Normalized Income": NaN,
        "Net Income From Continuing And Discontinued Operation": NaN,
        "Total Expenses": NaN,
        "Total Operating Income As Reported": NaN,
        "Diluted Average Shares": NaN,
        "Basic Average Shares": NaN,
        "Diluted EPS": NaN,
        "Basic EPS": NaN,
        "Diluted NI Availto Com Stockholders": NaN,
        "Net Income Common Stockholders": NaN,
        "Net Income": NaN,
        "Minority Interests": NaN,
        "Net Income Including Noncontrolling Interests": NaN,
        "Net Income Continuous Operations": NaN,
        "Tax Provision": NaN,
        "Pretax Income": NaN,
        "Other Income Expense": NaN,
        "Other Non Operating Income Expenses": NaN,
        "Special Income Charges": -130600000.0,
        "Gain On Sale Of Business": 0.0,
        "Other Special Charges": 0.0,
        "Restructuring And Mergern Acquisition": 0.0,
        "Earnings From Equity Interest": NaN,
        "Net Non Operating Interest Income Expense": NaN,
        "Total Other Finance Cost": NaN,
        "Interest Expense Non Operating": NaN,
        "Interest Income Non Operating": NaN,
        "Operating Income": NaN,
        "Operating Expense": NaN,
        "Depreciation Amortization Depletion Income Statement": NaN,
        "Depreciation And Amortization In Income Statement": NaN,
        "Selling General And Administration": NaN,
        "General And Administrative Expense": NaN,
        "Other Gand A": NaN,
        "Gross Profit": NaN,
        "Cost Of Revenue": NaN,
        "Total Revenue": NaN,
        "Operating Revenue": NaN
    },
    "2024-03-31": {
        "Tax Effect Of Unusual Items": 0.0,
        "Tax Rate For Calcs": 0.098824,
        "Normalized EBITDA": 100300000.0,
        "Total Unusual Items": 0.0,
        "Total Unusual Items Excluding Goodwill": 0.0,
        "Net Income From Continuing Operation Net Minority Interest": -114700000.0,
        "Reconciled Depreciation": 108700000.0,
        "Reconciled Cost Of Revenue": 1130700000.0,
        "EBITDA": 100300000.0,
        "EBIT": -8400000.0,
        "Net Interest Income": -112000000.0,
        "Interest Expense": 119100000.0,
        "Interest Income": 7100000.0,
        "Normalized Income": -114700000.0,
        "Net Income From Continuing And Discontinued Operation": -114700000.0,
        "Total Expenses": 1628300000.0,
        "Total Operating Income As Reported": -21400000.0,
        "Diluted Average Shares": 151900000.0,
        "Basic Average Shares": 151900000.0,
        "Diluted EPS": -0.76,
        "Basic EPS": -0.76,
        "Diluted NI Availto Com Stockholders": -114700000.0,
        "Net Income Common Stockholders": -114700000.0,
        "Net Income": -114700000.0,
        "Minority Interests": -200000.0,
        "Net Income Including Noncontrolling Interests": -114900000.0,
        "Net Income Continuous Operations": -114900000.0,
        "Tax Provision": -12600000.0,
        "Pretax Income": -127500000.0,
        "Other Income Expense": 5900000.0,
        "Other Non Operating Income Expenses": -1300000.0,
        "Special Income Charges": 0.0,
        "Gain On Sale Of Business": NaN,
        "Other Special Charges": NaN,
        "Restructuring And Mergern Acquisition": 0.0,
        "Earnings From Equity Interest": 7200000.0,
        "Net Non Operating Interest Income Expense": -112000000.0,
        "Total Other Finance Cost": NaN,
        "Interest Expense Non Operating": 119100000.0,
        "Interest Income Non Operating": 7100000.0,
        "Operating Income": -21400000.0,
        "Operating Expense": 497600000.0,
        "Depreciation Amortization Depletion Income Statement": 108700000.0,
        "Depreciation And Amortization In Income Statement": 108700000.0,
        "Selling General And Administration": 388900000.0,
        "General And Administrative Expense": 388900000.0,
        "Other Gand A": 388900000.0,
        "Gross Profit": 476200000.0,
        "Cost Of Revenue": 1130700000.0,
        "Total Revenue": 1606900000.0,
        "Operating Revenue": 1606900000.0
    },
    "2024-06-30": {
        "Tax Effect Of Unusual Items": 0.0,
        "Tax Rate For Calcs": 0.105611,
        "Normalized EBITDA": 198200000.0,
        "Total Unusual Items": 0.0,
        "Total Unusual Items Excluding Goodwill": 0.0,
        "Net Income From Continuing Operation Net Minority Interest": -27100000.0,
        "Reconciled Depreciation": 109100000.0,
        "Reconciled Cost Of Revenue": 1090700000.0,
        "EBITDA": 198200000.0,
        "EBIT": 89100000.0,
        "Net Interest Income": -113600000.0,
        "Interest Expense": 119400000.0,
        "Interest Income": 5800000.0,
        "Normalized Income": -27100000.0,
        "Net Income From Continuing And Discontinued Operation": -27100000.0,
        "Total Expenses": 1588500000.0,
        "Total Operating Income As Reported": 74500000.0,
        "Diluted Average Shares": 152100000.0,
        "Basic Average Shares": 152100000.0,
        "Diluted EPS": -0.18,
        "Basic EPS": -0.18,
        "Diluted NI Availto Com Stockholders": -27100000.0,
        "Net Income Common Stockholders": -27100000.0,
        "Net Income": -27100000.0,
        "Minority Interests": -300000.0,
        "Net Income Including Noncontrolling Interests": -27100000.0,
        "Net Income Continuous Operations": -27100000.0,
        "Tax Provision": -3200000.0,
        "Pretax Income": -30300000.0,
        "Other Income Expense": 8800000.0,
        "Other Non Operating Income Expenses": 1000000.0,
        "Special Income Charges": 0.0,
        "Gain On Sale Of Business": NaN,
        "Other Special Charges": NaN,
        "Restructuring And Mergern Acquisition": 0.0,
        "Earnings From Equity Interest": 7800000.0,
        "Net Non Operating Interest Income Expense": -113600000.0,
        "Total Other Finance Cost": NaN,
        "Interest Expense Non Operating": 119400000.0,
        "Interest Income Non Operating": 5800000.0,
        "Operating Income": 74500000.0,
        "Operating Expense": 497800000.0,
        "Depreciation Amortization Depletion Income Statement": 109100000.0,
        "Depreciation And Amortization In Income Statement": 109100000.0,
        "Selling General And Administration": 388700000.0,
        "General And Administrative Expense": 388700000.0,
        "Other Gand A": 388700000.0,
        "Gross Profit": 572300000.0,
        "Cost Of Revenue": 1090700000.0,
        "Total Revenue": 1663000000.0,
        "Operating Revenue": 1663000000.0
    },
    "2024-09-30": {
        "Tax Effect Of Unusual Items": 0.0,
        "Tax Rate For Calcs": 0.21,
        "Normalized EBITDA": 192400000.0,
        "Total Unusual Items": 0.0,
        "Total Unusual Items Excluding Goodwill": 0.0,
        "Net Income From Continuing Operation Net Minority Interest": -36700000.0,
        "Reconciled Depreciation": 108700000.0,
        "Reconciled Cost Of Revenue": 1070500000.0,
        "EBITDA": 192400000.0,
        "EBIT": 83700000.0,
        "Net Interest Income": -112100000.0,
        "Interest Expense": 118400000.0,
        "Interest Income": 6300000.0,
        "Normalized Income": -36700000.0,
        "Net Income From Continuing And Discontinued Operation": -36700000.0,
        "Total Expenses": 1571700000.0,
        "Total Operating Income As Reported": 67500000.0,
        "Diluted Average Shares": 152200000.0,
        "Basic Average Shares": 152200000.0,
        "Diluted EPS": -0.24,
        "Basic EPS": -0.24,
        "Diluted NI Availto Com Stockholders": -36700000.0,
        "Net Income Common Stockholders": -36700000.0,
        "Net Income": -36700000.0,
        "Minority Interests": 800000.0,
        "Net Income Including Noncontrolling Interests": -37500000.0,
        "Net Income Continuous Operations": -37500000.0,
        "Tax Provision": 2800000.0,
        "Pretax Income": -34700000.0,
        "Other Income Expense": 9900000.0,
        "Other Non Operating Income Expenses": 2800000.0,
        "Special Income Charges": 0.0,
        "Gain On Sale Of Business": 0.0,
        "Other Special Charges": NaN,
        "Restructuring And Mergern Acquisition": 0.0,
        "Earnings From Equity Interest": 7100000.0,
        "Net Non Operating Interest Income Expense": -112100000.0,
        "Total Other Finance Cost": NaN,
        "Interest Expense Non Operating": 118400000.0,
        "Interest Income Non Operating": 6300000.0,
        "Operating Income": 67500000.0,
        "Operating Expense": 501200000.0,
        "Depreciation Amortization Depletion Income Statement": 108700000.0,
        "Depreciation And Amortization In Income Statement": 108700000.0,
        "Selling General And Administration": 392500000.0,
        "General And Administrative Expense": 392500000.0,
        "Other Gand A": 392500000.0,
        "Gross Profit": 568700000.0,
        "Cost Of Revenue": 1070500000.0,
        "Total Revenue": 1639200000.0,
        "Operating Revenue": 1639200000.0
    },
    "2024-12-31": {
        "Tax Effect Of Unusual Items": -9012096.774194,
        "Tax Rate For Calcs": 0.100806,
        "Normalized EBITDA": 161300000.0,
        "Total Unusual Items": -89400000.0,
        "Total Unusual Items Excluding Goodwill": -89400000.0,
        "Net Income From Continuing Operation Net Minority Interest": -133300000.0,
        "Reconciled Depreciation": 107100000.0,
        "Reconciled Cost Of Revenue": 1122600000.0,
        "EBITDA": 71900000.0,
        "EBIT": -35200000.0,
        "Net Interest Income": -109200000.0,
        "Interest Expense": 113600000.0,
        "Interest Income": 4400000.0,
        "Normalized Income": -52912096.774194,
        "Net Income From Continuing And Discontinued Operation": -133300000.0,
        "Total Expenses": 1628000000.0,
        "Total Operating Income As Reported": -48100000.0,
        "Diluted Average Shares": 152200000.0,
        "Basic Average Shares": 152200000.0,
        "Diluted EPS": -0.88,
        "Basic EPS": -0.88,
        "Diluted NI Availto Com Stockholders": -133300000.0,
        "Net Income Common Stockholders": -133300000.0,
        "Net Income": -133300000.0,
        "Minority Interests": 500000.0,
        "Net Income Including Noncontrolling Interests": -133800000.0,
        "Net Income Continuous Operations": -133800000.0,
        "Tax Provision": -15000000.0,
        "Pretax Income": -148800000.0,
        "Other Income Expense": -80600000.0,
        "Other Non Operating Income Expenses": 2800000.0,
        "Special Income Charges": -89400000.0,
        "Gain On Sale Of Business": 0.0,
        "Other Special Charges": NaN,
        "Restructuring And Mergern Acquisition": 0.0,
        "Earnings From Equity Interest": 6000000.0,
        "Net Non Operating Interest Income Expense": -109200000.0,
        "Total Other Finance Cost": NaN,
        "Interest Expense Non Operating": 113600000.0,
        "Interest Income Non Operating": 4400000.0,
        "Operating Income": 41000000.0,
        "Operating Expense": 505400000.0,
        "Depreciation Amortization Depletion Income Statement": 107100000.0,
        "Depreciation And Amortization In Income Statement": 107100000.0,
        "Selling General And Administration": 398300000.0,
        "General And Administrative Expense": 398300000.0,
        "Other Gand A": 398300000.0,
        "Gross Profit": 546400000.0,
        "Cost Of Revenue": 1122600000.0,
        "Total Revenue": 1669000000.0,
        "Operating Revenue": 930600000.0
    },
    "2025-03-31": {
        "Tax Effect Of Unusual Items": 0.0,
        "Tax Rate For Calcs": 0.299623,
        "Normalized EBITDA": 378000000.0,
        "Total Unusual Items": NaN,
        "Total Unusual Items Excluding Goodwill": NaN,
        "Net Income From Continuing Operation Net Minority Interest": 111800000.0,
        "Reconciled Depreciation": 108000000.0,
        "Reconciled Cost Of Revenue": 1118700000.0,
        "EBITDA": 378000000.0,
        "EBIT": 270000000.0,
        "Net Interest Income": 107500000.0,
        "Interest Expense": 110800000.0,
        "Interest Income": 3200000.0,
        "Normalized Income": 111800000.0,
        "Net Income From Continuing And Discontinued Operation": 111800000.0,
        "Total Expenses": 1629700000.0,
        "Total Operating Income As Reported": 42800000.0,
        "Diluted Average Shares": 167000000.0,
        "Basic Average Shares": 152300000.0,
        "Diluted EPS": 0.68,
        "Basic EPS": 0.73,
        "Diluted NI Availto Com Stockholders": 111800000.0,
        "Net Income Common Stockholders": 111800000.0,
        "Net Income": 111800000.0,
        "Minority Interests": -300000.0,
        "Net Income Including Noncontrolling Interests": 111500000.0,
        "Net Income Continuous Operations": 111500000.0,
        "Tax Provision": 47700000.0,
        "Pretax Income": 159200000.0,
        "Other Income Expense": 8900000.0,
        "Other Non Operating Income Expenses": 1300000.0,
        "Special Income Charges": NaN,
        "Gain On Sale Of Business": NaN,
        "Other Special Charges": NaN,
        "Restructuring And Mergern Acquisition": NaN,
        "Earnings From Equity Interest": 7600000.0,
        "Net Non Operating Interest Income Expense": 107500000.0,
        "Total Other Finance Cost": -215100000.0,
        "Interest Expense Non Operating": 110800000.0,
        "Interest Income Non Operating": 3200000.0,
        "Operating Income": 42800000.0,
        "Operating Expense": 511000000.0,
        "Depreciation Amortization Depletion Income Statement": 108000000.0,
        "Depreciation And Amortization In Income Statement": 108000000.0,
        "Selling General And Administration": 403000000.0,
        "General And Administrative Expense": 403000000.0,
        "Other Gand A": 403000000.0,
        "Gross Profit": 553800000.0,
        "Cost Of Revenue": 1118700000.0,
        "Total Revenue": 1672500000.0,
        "Operating Revenue": 1672500000.0
    }
}