{
    "2023-03-31": {
        "Tax Effect Of Unusual Items": NaN,
        "Tax Rate For Calcs": NaN,
        "Normalized EBITDA": NaN,
        "Net Income From Continuing Operation Net Minority Interest": NaN,
        "Reconciled Depreciation": NaN,
        "EBITDA": NaN,
        "EBIT": NaN,
        "Net Interest Income": NaN,
        "Interest Income": NaN,
        "Normalized Income": NaN,
        "Net Income From Continuing And Discontinued Operation": NaN,
        "Total Expenses": NaN,
        "Total Operating Income As Reported": NaN,
        "Diluted Average Shares": 23761915.0,
        "Basic Average Shares": 23761915.0,
        "Diluted EPS": -0.69,
        "Basic EPS": -0.69,
        "Diluted NI Availto Com Stockholders": NaN,
        "Net Income Common Stockholders": NaN,
        "Net Income": NaN,
        "Net Income Including Noncontrolling Interests": NaN,
        "Net Income Continuous Operations": NaN,
        "Tax Provision": NaN,
        "Pretax Income": NaN,
        "Other Income Expense": NaN,
        "Other Non Operating Income Expenses": NaN,
        "Net Non Operating Interest Income Expense": NaN,
        "Interest Income Non Operating": NaN,
        "Operating Income": NaN,
        "Operating Expense": NaN,
        "Research And Development": NaN,
        "Selling General And Administration": NaN,
        "General And Administrative Expense": NaN,
        "Other Gand A": NaN,
        "Total Revenue": NaN,
        "Operating Revenue": NaN
    },
    "2022-12-31": {
        "Tax Effect Of Unusual Items": NaN,
        "Tax Rate For Calcs": NaN,
        "Normalized EBITDA": NaN,
        "Net Income From Continuing Operation Net Minority Interest": NaN,
        "Reconciled Depreciation": NaN,
        "EBITDA": NaN,
        "EBIT": NaN,
        "Net Interest Income": NaN,
        "Interest Income": NaN,
        "Normalized Income": NaN,
        "Net Income From Continuing And Discontinued Operation": NaN,
        "Total Expenses": NaN,
        "Total Operating Income As Reported": NaN,
        "Diluted Average Shares": 23713196.0,
        "Basic Average Shares": 23713196.0,
        "Diluted EPS": -0.62986,
        "Basic EPS": -0.62986,
        "Diluted NI Availto Com Stockholders": NaN,
        "Net Income Common Stockholders": NaN,
        "Net Income": NaN,
        "Net Income Including Noncontrolling Interests": NaN,
        "Net Income Continuous Operations": NaN,
        "Tax Provision": NaN,
        "Pretax Income": NaN,
        "Other Income Expense": NaN,
        "Other Non Operating Income Expenses": NaN,
        "Net Non Operating Interest Income Expense": NaN,
        "Interest Income Non Operating": NaN,
        "Operating Income": NaN,
        "Operating Expense": NaN,
        "Research And Development": NaN,
        "Selling General And Administration": NaN,
        "General And Administrative Expense": NaN,
        "Other Gand A": NaN,
        "Total Revenue": NaN,
        "Operating Revenue": NaN
    },
    "2022-09-30": {
        "Tax Effect Of Unusual Items": 0.0,
        "Tax Rate For Calcs": 0.0,
        "Normalized EBITDA": -19411000.0,
        "Net Income From Continuing Operation Net Minority Interest": -18607000.0,
        "Reconciled Depreciation": 143000.0,
        "EBITDA": -19411000.0,
        "EBIT": -19554000.0,
        "Net Interest Income": 943000.0,
        "Interest Income": 943000.0,
        "Normalized Income": -18607000.0,
        "Net Income From Continuing And Discontinued Operation": -18607000.0,
        "Total Expenses": 19554000.0,
        "Total Operating Income As Reported": -19554000.0,
        "Diluted Average Shares": 23562395.0,
        "Basic Average Shares": 23562395.0,
        "Diluted EPS": -0.79,
        "Basic EPS": -0.79,
        "Diluted NI Availto Com Stockholders": -18607000.0,
        "Net Income Common Stockholders": -18607000.0,
        "Net Income": -18607000.0,
        "Net Income Including Noncontrolling Interests": -18607000.0,
        "Net Income Continuous Operations": -18607000.0,
        "Tax Provision": 0.0,
        "Pretax Income": -18607000.0,
        "Other Income Expense": 4000.0,
        "Other Non Operating Income Expenses": 4000.0,
        "Net Non Operating Interest Income Expense": 943000.0,
        "Interest Income Non Operating": 943000.0,
        "Operating Income": -19554000.0,
        "Operating Expense": 19554000.0,
        "Research And Development": 15964000.0,
        "Selling General And Administration": 3590000.0,
        "General And Administrative Expense": 3590000.0,
        "Other Gand A": 3590000.0,
        "Total Revenue": 0.0,
        "Operating Revenue": 0.0
    },
    "2022-06-30": {
        "Tax Effect Of Unusual Items": 0.0,
        "Tax Rate For Calcs": 0.0,
        "Normalized EBITDA": -17502000.0,
        "Net Income From Continuing Operation Net Minority Interest": -17315000.0,
        "Reconciled Depreciation": 139000.0,
        "EBITDA": -17502000.0,
        "EBIT": -17641000.0,
        "Net Interest Income": 250000.0,
        "Interest Income": 250000.0,
        "Normalized Income": -17315000.0,
        "Net Income From Continuing And Discontinued Operation": -17315000.0,
        "Total Expenses": 17641000.0,
        "Total Operating Income As Reported": -17641000.0,
        "Diluted Average Shares": 14090455.0,
        "Basic Average Shares": 14090455.0,
        "Diluted EPS": -1.23,
        "Basic EPS": -1.23,
        "Diluted NI Availto Com Stockholders": -17315000.0,
        "Net Income Common Stockholders": -17315000.0,
        "Net Income": -17315000.0,
        "Net Income Including Noncontrolling Interests": -17315000.0,
        "Net Income Continuous Operations": -17315000.0,
        "Tax Provision": 0.0,
        "Pretax Income": -17315000.0,
        "Other Income Expense": 76000.0,
        "Other Non Operating Income Expenses": 76000.0,
        "Net Non Operating Interest Income Expense": 250000.0,
        "Interest Income Non Operating": 250000.0,
        "Operating Income": -17641000.0,
        "Operating Expense": 17641000.0,
        "Research And Development": 14240000.0,
        "Selling General And Administration": 3401000.0,
        "General And Administrative Expense": 3401000.0,
        "Other Gand A": 3401000.0,
        "Total Revenue": 0.0,
        "Operating Revenue": 0.0
    },
    "2022-03-31": {
        "Diluted EPS": -18.94,
        "Total Revenue": NaN,
        "Gross Profit": NaN,
        "Operating Income": -14,
        "EBIT": -14,
        "Net Income": -18
    },
    "2021-12-31": {
        "Diluted EPS": -7.75,
        "Total Revenue": NaN,
        "Gross Profit": NaN,
        "Operating Income": -7,
        "EBIT": -7,
        "Net Income": -7
    },
    "2021-09-30": {
        "Diluted EPS": -9.07,
        "Total Revenue": NaN,
        "Gross Profit": NaN,
        "Operating Income": -8,
        "EBIT": -8,
        "Net Income": -8
    },
    "2021-06-30": {
        "Diluted EPS": -6.03,
        "Total Revenue": NaN,
        "Gross Profit": NaN,
        "Operating Income": -5,
        "EBIT": -5,
        "Net Income": -5
    },
    "2021-03-31": {
        "Diluted EPS": -7.42,
        "Total Revenue": NaN,
        "Gross Profit": NaN,
        "Operating Income": -7,
        "EBIT": -7,
        "Net Income": -7
    },
    "2020-12-31": {
        "Diluted EPS": 0.0,
        "Total Revenue": NaN,
        "Gross Profit": NaN,
        "Operating Income": NaN,
        "EBIT": NaN,
        "Net Income": NaN
    },
    "2023-06-30": {
        "Tax Effect Of Unusual Items": NaN,
        "Tax Rate For Calcs": NaN,
        "Normalized EBITDA": NaN,
        "Net Income From Continuing Operation Net Minority Interest": NaN,
        "Reconciled Depreciation": NaN,
        "EBITDA": NaN,
        "EBIT": NaN,
        "Net Interest Income": NaN,
        "Interest Income": NaN,
        "Normalized Income": NaN,
        "Net Income From Continuing And Discontinued Operation": NaN,
        "Total Expenses": NaN,
        "Total Operating Income As Reported": NaN,
        "Diluted Average Shares": 23790430.0,
        "Basic Average Shares": 23790430.0,
        "Diluted EPS": -0.82,
        "Basic EPS": -0.82,
        "Diluted NI Availto Com Stockholders": NaN,
        "Net Income Common Stockholders": NaN,
        "Net Income": NaN,
        "Net Income Including Noncontrolling Interests": NaN,
        "Net Income Continuous Operations": NaN,
        "Tax Provision": NaN,
        "Pretax Income": NaN,
        "Other Income Expense": NaN,
        "Other Non Operating Income Expenses": NaN,
        "Net Non Operating Interest Income Expense": NaN,
        "Interest Income Non Operating": NaN,
        "Operating Income": NaN,
        "Operating Expense": NaN,
        "Research And Development": NaN,
        "Selling General And Administration": NaN,
        "General And Administrative Expense": NaN,
        "Other Gand A": NaN,
        "Total Revenue": NaN,
        "Operating Revenue": NaN
    },
    "2023-09-30": {
        "Tax Effect Of Unusual Items": NaN,
        "Tax Rate For Calcs": NaN,
        "Normalized EBITDA": NaN,
        "Net Income From Continuing Operation Net Minority Interest": NaN,
        "Reconciled Depreciation": NaN,
        "EBITDA": NaN,
        "EBIT": NaN,
        "Net Interest Income": NaN,
        "Interest Income": NaN,
        "Normalized Income": NaN,
        "Net Income From Continuing And Discontinued Operation": NaN,
        "Total Expenses": NaN,
        "Total Operating Income As Reported": NaN,
        "Diluted Average Shares": 23790430.0,
        "Basic Average Shares": 23790430.0,
        "Diluted EPS": -0.98,
        "Basic EPS": -0.98,
        "Diluted NI Availto Com Stockholders": NaN,
        "Net Income Common Stockholders": NaN,
        "Net Income": NaN,
        "Net Income Including Noncontrolling Interests": NaN,
        "Net Income Continuous Operations": NaN,
        "Tax Provision": NaN,
        "Pretax Income": NaN,
        "Other Income Expense": NaN,
        "Other Non Operating Income Expenses": NaN,
        "Net Non Operating Interest Income Expense": NaN,
        "Interest Income Non Operating": NaN,
        "Operating Income": NaN,
        "Operating Expense": NaN,
        "Research And Development": NaN,
        "Selling General And Administration": NaN,
        "General And Administrative Expense": NaN,
        "Other Gand A": NaN,
        "Total Revenue": NaN,
        "Operating Revenue": NaN
    },
    "2023-12-31": {
        "Tax Effect Of Unusual Items": 0.0,
        "Tax Rate For Calcs": 0.21,
        "Normalized EBITDA": -20579000.0,
        "Net Income From Continuing Operation Net Minority Interest": -19495000.0,
        "Reconciled Depreciation": 232000.0,
        "EBITDA": -20579000.0,
        "EBIT": -20811000.0,
        "Net Interest Income": 1346000.0,
        "Interest Income": 1346000.0,
        "Normalized Income": -19495000.0,
        "Net Income From Continuing And Discontinued Operation": -19495000.0,
        "Total Expenses": 20811000.0,
        "Total Operating Income As Reported": -20811000.0,
        "Diluted Average Shares": NaN,
        "Basic Average Shares": NaN,
        "Diluted EPS": NaN,
        "Basic EPS": NaN,
        "Diluted NI Availto Com Stockholders": -19495000.0,
        "Net Income Common Stockholders": -19495000.0,
        "Net Income": -19495000.0,
        "Net Income Including Noncontrolling Interests": -19495000.0,
        "Net Income Continuous Operations": -19495000.0,
        "Tax Provision": 73000.0,
        "Pretax Income": -19422000.0,
        "Other Income Expense": 43000.0,
        "Other Non Operating Income Expenses": 43000.0,
        "Net Non Operating Interest Income Expense": 1346000.0,
        "Interest Income Non Operating": 1346000.0,
        "Operating Income": -20811000.0,
        "Operating Expense": 20811000.0,
        "Research And Development": 16300000.0,
        "Selling General And Administration": 4511000.0,
        "General And Administrative Expense": 4511000.0,
        "Other Gand A": 4511000.0,
        "Total Revenue": 0.0,
        "Operating Revenue": 0.0
    },
    "2024-03-31": {
        "Tax Effect Of Unusual Items": 0.0,
        "Tax Rate For Calcs": 0.0,
        "Normalized EBITDA": -19557000.0,
        "Net Income From Continuing Operation Net Minority Interest": -18020000.0,
        "Reconciled Depreciation": 241000.0,
        "EBITDA": -19557000.0,
        "EBIT": -19798000.0,
        "Net Interest Income": 1735000.0,
        "Interest Income": 1735000.0,
        "Normalized Income": -18020000.0,
        "Net Income From Continuing And Discontinued Operation": -18020000.0,
        "Total Expenses": 19798000.0,
        "Total Operating Income As Reported": -19798000.0,
        "Diluted Average Shares": 28656401.0,
        "Basic Average Shares": 28656401.0,
        "Diluted EPS": -0.63,
        "Basic EPS": -0.63,
        "Diluted NI Availto Com Stockholders": -18020000.0,
        "Net Income Common Stockholders": -18020000.0,
        "Net Income": -18020000.0,
        "Net Income Including Noncontrolling Interests": -18020000.0,
        "Net Income Continuous Operations": -18020000.0,
        "Tax Provision": 0.0,
        "Pretax Income": -18020000.0,
        "Other Income Expense": 43000.0,
        "Other Non Operating Income Expenses": 43000.0,
        "Net Non Operating Interest Income Expense": 1735000.0,
        "Interest Income Non Operating": 1735000.0,
        "Operating Income": -19798000.0,
        "Operating Expense": 19798000.0,
        "Research And Development": 14732000.0,
        "Selling General And Administration": 5066000.0,
        "General And Administrative Expense": 5066000.0,
        "Other Gand A": 5066000.0,
        "Total Revenue": 0.0,
        "Operating Revenue": 0.0
    },
    "2024-06-30": {
        "Tax Effect Of Unusual Items": 0.0,
        "Tax Rate For Calcs": 0.0,
        "Normalized EBITDA": -28046000.0,
        "Net Income From Continuing Operation Net Minority Interest": -28335000.0,
        "Reconciled Depreciation": 2379000.0,
        "EBITDA": -28046000.0,
        "EBIT": -30425000.0,
        "Net Interest Income": 2121000.0,
        "Interest Income": 2121000.0,
        "Normalized Income": -28335000.0,
        "Net Income From Continuing And Discontinued Operation": -28335000.0,
        "Total Expenses": 30425000.0,
        "Total Operating Income As Reported": -30425000.0,
        "Diluted Average Shares": 32469187.0,
        "Basic Average Shares": 32469187.0,
        "Diluted EPS": -0.87,
        "Basic EPS": -0.87,
        "Diluted NI Availto Com Stockholders": -28335000.0,
        "Net Income Common Stockholders": -28335000.0,
        "Net Income": -28335000.0,
        "Net Income Including Noncontrolling Interests": -28335000.0,
        "Net Income Continuous Operations": -28335000.0,
        "Tax Provision": 0.0,
        "Pretax Income": -28335000.0,
        "Other Income Expense": -31000.0,
        "Other Non Operating Income Expenses": -31000.0,
        "Net Non Operating Interest Income Expense": 2121000.0,
        "Interest Income Non Operating": 2121000.0,
        "Operating Income": -30425000.0,
        "Operating Expense": 30425000.0,
        "Research And Development": 25063000.0,
        "Selling General And Administration": 5362000.0,
        "General And Administrative Expense": 5362000.0,
        "Other Gand A": 5362000.0,
        "Total Revenue": 0.0,
        "Operating Revenue": 0.0
    },
    "2024-09-30": {
        "Tax Effect Of Unusual Items": 0.0,
        "Tax Rate For Calcs": 0.0,
        "Normalized EBITDA": -21855000.0,
        "Net Income From Continuing Operation Net Minority Interest": -21384000.0,
        "Reconciled Depreciation": 1316000.0,
        "EBITDA": -21855000.0,
        "EBIT": -23171000.0,
        "Net Interest Income": 1826000.0,
        "Interest Income": 1826000.0,
        "Normalized Income": -21384000.0,
        "Net Income From Continuing And Discontinued Operation": -21384000.0,
        "Total Expenses": 23171000.0,
        "Total Operating Income As Reported": -23171000.0,
        "Diluted Average Shares": 32581542.0,
        "Basic Average Shares": 32581542.0,
        "Diluted EPS": -0.66,
        "Basic EPS": -0.66,
        "Diluted NI Availto Com Stockholders": -21384000.0,
        "Net Income Common Stockholders": -21384000.0,
        "Net Income": -21384000.0,
        "Net Income Including Noncontrolling Interests": -21384000.0,
        "Net Income Continuous Operations": -21384000.0,
        "Tax Provision": 0.0,
        "Pretax Income": -21384000.0,
        "Other Income Expense": -39000.0,
        "Other Non Operating Income Expenses": -39000.0,
        "Net Non Operating Interest Income Expense": 1826000.0,
        "Interest Income Non Operating": 1826000.0,
        "Operating Income": -23171000.0,
        "Operating Expense": 23171000.0,
        "Research And Development": 17722000.0,
        "Selling General And Administration": 5449000.0,
        "General And Administrative Expense": 5449000.0,
        "Other Gand A": 5449000.0,
        "Total Revenue": 0.0,
        "Operating Revenue": 0.0
    },
    "2024-12-31": {
        "Tax Effect Of Unusual Items": 0.0,
        "Tax Rate For Calcs": 0.026992,
        "Normalized EBITDA": -23028000.0,
        "Net Income From Continuing Operation Net Minority Interest": -22242000.0,
        "Reconciled Depreciation": 1317000.0,
        "EBITDA": -23028000.0,
        "EBIT": -24345000.0,
        "Net Interest Income": 1460000.0,
        "Interest Income": 1460000.0,
        "Normalized Income": -22242000.0,
        "Net Income From Continuing And Discontinued Operation": -22242000.0,
        "Total Expenses": 24345000.0,
        "Total Operating Income As Reported": -24345000.0,
        "Diluted Average Shares": 32602981.0,
        "Basic Average Shares": 32602981.0,
        "Diluted EPS": -0.68,
        "Basic EPS": -0.68,
        "Diluted NI Availto Com Stockholders": -22242000.0,
        "Net Income Common Stockholders": -22242000.0,
        "Net Income": -22242000.0,
        "Net Income Including Noncontrolling Interests": -22242000.0,
        "Net Income Continuous Operations": -22242000.0,
        "Tax Provision": -617000.0,
        "Pretax Income": -22859000.0,
        "Other Income Expense": 26000.0,
        "Other Non Operating Income Expenses": 26000.0,
        "Net Non Operating Interest Income Expense": 1460000.0,
        "Interest Income Non Operating": 1460000.0,
        "Operating Income": -24345000.0,
        "Operating Expense": 24345000.0,
        "Research And Development": 18961000.0,
        "Selling General And Administration": 5384000.0,
        "General And Administrative Expense": 5384000.0,
        "Other Gand A": 5384000.0,
        "Total Revenue": 0.0,
        "Operating Revenue": 0.0
    },
    "2025-03-31": {
        "Tax Effect Of Unusual Items": 0.0,
        "Tax Rate For Calcs": 0.0,
        "Normalized EBITDA": -29996000.0,
        "Net Income From Continuing Operation Net Minority Interest": -30202000.0,
        "Reconciled Depreciation": 1325000.0,
        "EBITDA": -29996000.0,
        "EBIT": -31321000.0,
        "Net Interest Income": 1122000.0,
        "Interest Income": 1122000.0,
        "Normalized Income": -30202000.0,
        "Net Income From Continuing And Discontinued Operation": -30202000.0,
        "Total Expenses": 31321000.0,
        "Total Operating Income As Reported": -31321000.0,
        "Diluted Average Shares": 32674720.0,
        "Basic Average Shares": 32674720.0,
        "Diluted EPS": -0.92,
        "Basic EPS": -0.92,
        "Diluted NI Availto Com Stockholders": -30202000.0,
        "Net Income Common Stockholders": -30202000.0,
        "Net Income": -30202000.0,
        "Net Income Including Noncontrolling Interests": -30202000.0,
        "Net Income Continuous Operations": -30202000.0,
        "Tax Provision": 0.0,
        "Pretax Income": -30202000.0,
        "Other Income Expense": -3000.0,
        "Other Non Operating Income Expenses": -3000.0,
        "Net Non Operating Interest Income Expense": 1122000.0,
        "Interest Income Non Operating": 1122000.0,
        "Operating Income": -31321000.0,
        "Operating Expense": 31321000.0,
        "Research And Development": 25378000.0,
        "Selling General And Administration": 5943000.0,
        "General And Administrative Expense": 5943000.0,
        "Other Gand A": 5943000.0,
        "Total Revenue": 0.0,
        "Operating Revenue": 0.0
    },
    "2025-06-30": {
        "Tax Effect Of Unusual Items": 0.0,
        "Tax Rate For Calcs": 0.0,
        "Normalized EBITDA": -22661000.0,
        "Net Income From Continuing Operation Net Minority Interest": -23087000.0,
        "Reconciled Depreciation": 1271000.0,
        "EBITDA": -22661000.0,
        "EBIT": -23932000.0,
        "Net Interest Income": 842000.0,
        "Interest Income": 842000.0,
        "Normalized Income": -23087000.0,
        "Net Income From Continuing And Discontinued Operation": -23087000.0,
        "Total Expenses": 23932000.0,
        "Total Operating Income As Reported": -23932000.0,
        "Diluted Average Shares": 32748646.0,
        "Basic Average Shares": 32748646.0,
        "Diluted EPS": -0.7,
        "Basic EPS": -0.7,
        "Diluted NI Availto Com Stockholders": -23087000.0,
        "Net Income Common Stockholders": -23087000.0,
        "Net Income": -23087000.0,
        "Net Income Including Noncontrolling Interests": -23087000.0,
        "Net Income Continuous Operations": -23087000.0,
        "Tax Provision": 0.0,
        "Pretax Income": -23087000.0,
        "Other Income Expense": 3000.0,
        "Other Non Operating Income Expenses": 3000.0,
        "Net Non Operating Interest Income Expense": 842000.0,
        "Interest Income Non Operating": 842000.0,
        "Operating Income": -23932000.0,
        "Operating Expense": 23932000.0,
        "Research And Development": 18391000.0,
        "Selling General And Administration": 5541000.0,
        "General And Administrative Expense": 5541000.0,
        "Other Gand A": 5541000.0,
        "Total Revenue": 0.0,
        "Operating Revenue": 0.0
    }
}