{
    "2023-03-31": {
        "Tax Effect Of Unusual Items": NaN,
        "Tax Rate For Calcs": NaN,
        "Normalized EBITDA": NaN,
        "Total Unusual Items": 0.0,
        "Total Unusual Items Excluding Goodwill": 0.0,
        "Net Income From Continuing Operation Net Minority Interest": NaN,
        "Reconciled Depreciation": NaN,
        "Reconciled Cost Of Revenue": NaN,
        "EBITDA": NaN,
        "EBIT": NaN,
        "Net Interest Income": NaN,
        "Interest Expense": NaN,
        "Interest Income": NaN,
        "Normalized Income": NaN,
        "Net Income From Continuing And Discontinued Operation": NaN,
        "Total Expenses": NaN,
        "Total Operating Income As Reported": NaN,
        "Diluted Average Shares": 13358000.0,
        "Basic Average Shares": 13358000.0,
        "Diluted EPS": -0.03,
        "Basic EPS": -0.03,
        "Diluted NI Availto Com Stockholders": NaN,
        "Net Income Common Stockholders": NaN,
        "Net Income": NaN,
        "Net Income Including Noncontrolling Interests": NaN,
        "Net Income Discontinuous Operations": NaN,
        "Net Income Continuous Operations": NaN,
        "Tax Provision": NaN,
        "Pretax Income": NaN,
        "Other Income Expense": NaN,
        "Other Non Operating Income Expenses": NaN,
        "Special Income Charges": 0.0,
        "Gain On Sale Of Ppe": 0.0,
        "Net Non Operating Interest Income Expense": NaN,
        "Interest Expense Non Operating": NaN,
        "Interest Income Non Operating": NaN,
        "Operating Income": NaN,
        "Operating Expense": NaN,
        "Research And Development": NaN,
        "Selling General And Administration": NaN,
        "Gross Profit": NaN,
        "Cost Of Revenue": NaN,
        "Total Revenue": NaN,
        "Operating Revenue": NaN
    },
    "2022-12-31": {
        "Tax Effect Of Unusual Items": NaN,
        "Tax Rate For Calcs": NaN,
        "Normalized EBITDA": NaN,
        "Total Unusual Items": NaN,
        "Total Unusual Items Excluding Goodwill": NaN,
        "Net Income From Continuing Operation Net Minority Interest": NaN,
        "Reconciled Depreciation": NaN,
        "Reconciled Cost Of Revenue": NaN,
        "EBITDA": NaN,
        "EBIT": NaN,
        "Net Interest Income": NaN,
        "Interest Expense": NaN,
        "Interest Income": NaN,
        "Normalized Income": NaN,
        "Net Income From Continuing And Discontinued Operation": NaN,
        "Total Expenses": NaN,
        "Total Operating Income As Reported": NaN,
        "Diluted Average Shares": NaN,
        "Basic Average Shares": NaN,
        "Diluted EPS": NaN,
        "Basic EPS": NaN,
        "Diluted NI Availto Com Stockholders": NaN,
        "Net Income Common Stockholders": NaN,
        "Net Income": NaN,
        "Minority Interests": 0.0,
        "Net Income Including Noncontrolling Interests": NaN,
        "Net Income Discontinuous Operations": NaN,
        "Net Income Continuous Operations": NaN,
        "Tax Provision": NaN,
        "Pretax Income": NaN,
        "Other Income Expense": -32000.0,
        "Other Non Operating Income Expenses": NaN,
        "Special Income Charges": NaN,
        "Gain On Sale Of Ppe": NaN,
        "Net Non Operating Interest Income Expense": NaN,
        "Total Other Finance Cost": 17000.0,
        "Interest Expense Non Operating": NaN,
        "Interest Income Non Operating": NaN,
        "Operating Income": NaN,
        "Operating Expense": NaN,
        "Research And Development": NaN,
        "Selling General And Administration": NaN,
        "Gross Profit": NaN,
        "Cost Of Revenue": NaN,
        "Total Revenue": NaN,
        "Operating Revenue": NaN
    },
    "2022-09-30": {
        "Tax Effect Of Unusual Items": NaN,
        "Tax Rate For Calcs": NaN,
        "Normalized EBITDA": NaN,
        "Total Unusual Items": NaN,
        "Total Unusual Items Excluding Goodwill": NaN,
        "Net Income From Continuing Operation Net Minority Interest": NaN,
        "Reconciled Depreciation": NaN,
        "Reconciled Cost Of Revenue": NaN,
        "EBITDA": NaN,
        "EBIT": NaN,
        "Net Interest Income": NaN,
        "Interest Expense": NaN,
        "Interest Income": NaN,
        "Normalized Income": NaN,
        "Net Income From Continuing And Discontinued Operation": NaN,
        "Total Expenses": NaN,
        "Total Operating Income As Reported": NaN,
        "Diluted Average Shares": NaN,
        "Basic Average Shares": NaN,
        "Diluted EPS": NaN,
        "Basic EPS": NaN,
        "Diluted NI Availto Com Stockholders": NaN,
        "Net Income Common Stockholders": NaN,
        "Net Income": NaN,
        "Minority Interests": 0.0,
        "Net Income Including Noncontrolling Interests": NaN,
        "Net Income Discontinuous Operations": NaN,
        "Net Income Continuous Operations": NaN,
        "Tax Provision": NaN,
        "Pretax Income": NaN,
        "Other Income Expense": NaN,
        "Other Non Operating Income Expenses": NaN,
        "Special Income Charges": NaN,
        "Gain On Sale Of Ppe": NaN,
        "Net Non Operating Interest Income Expense": NaN,
        "Total Other Finance Cost": 16000.0,
        "Interest Expense Non Operating": NaN,
        "Interest Income Non Operating": NaN,
        "Operating Income": NaN,
        "Operating Expense": NaN,
        "Research And Development": NaN,
        "Selling General And Administration": NaN,
        "Gross Profit": NaN,
        "Cost Of Revenue": NaN,
        "Total Revenue": NaN,
        "Operating Revenue": NaN
    },
    "2022-06-30": {
        "Tax Effect Of Unusual Items": 0.0,
        "Tax Rate For Calcs": 0.4,
        "Normalized EBITDA": -389000.0,
        "Total Unusual Items": 0.0,
        "Total Unusual Items Excluding Goodwill": 0.0,
        "Net Income From Continuing Operation Net Minority Interest": -1257000.0,
        "Reconciled Depreciation": 480000.0,
        "Reconciled Cost Of Revenue": 16571000.0,
        "EBITDA": -389000.0,
        "EBIT": -869000.0,
        "Net Interest Income": -27000.0,
        "Interest Expense": 41000.0,
        "Interest Income": 29000.0,
        "Normalized Income": -1257000.0,
        "Net Income From Continuing And Discontinued Operation": -1445000.0,
        "Total Expenses": 20335000.0,
        "Total Operating Income As Reported": -880000.0,
        "Diluted Average Shares": 13264000.0,
        "Basic Average Shares": 13264000.0,
        "Diluted EPS": -0.11,
        "Basic EPS": -0.11,
        "Diluted NI Availto Com Stockholders": -1445000.0,
        "Net Income Common Stockholders": -1445000.0,
        "Net Income": -1445000.0,
        "Minority Interests": 0.0,
        "Net Income Including Noncontrolling Interests": -1445000.0,
        "Net Income Discontinuous Operations": -188000.0,
        "Net Income Continuous Operations": -1257000.0,
        "Tax Provision": 347000.0,
        "Pretax Income": -910000.0,
        "Other Income Expense": -3000.0,
        "Other Non Operating Income Expenses": -3000.0,
        "Special Income Charges": 0.0,
        "Gain On Sale Of Ppe": 0.0,
        "Gain On Sale Of Business": NaN,
        "Net Non Operating Interest Income Expense": -27000.0,
        "Total Other Finance Cost": 15000.0,
        "Interest Expense Non Operating": 41000.0,
        "Interest Income Non Operating": 29000.0,
        "Operating Income": -880000.0,
        "Operating Expense": 3764000.0,
        "Research And Development": 80000.0,
        "Selling General And Administration": 3684000.0,
        "Gross Profit": 2884000.0,
        "Cost Of Revenue": 16571000.0,
        "Total Revenue": 19455000.0,
        "Operating Revenue": 19455000.0
    },
    "2022-03-31": {
        "Diluted EPS": -0.1,
        "Total Revenue": 16,
        "Gross Profit": 2,
        "Operating Income": -2,
        "EBIT": -1,
        "Net Income": -1
    },
    "2021-12-31": {
        "Diluted EPS": -0.19,
        "Total Revenue": 17,
        "Gross Profit": 1,
        "Operating Income": -2,
        "EBIT": -2,
        "Net Income": -2
    },
    "2021-09-30": {
        "Diluted EPS": 0.11,
        "Total Revenue": 16,
        "Gross Profit": 2,
        "Operating Income": -1,
        "EBIT": -1,
        "Net Income": 1
    },
    "2021-06-30": {
        "Diluted EPS": 0.24,
        "Total Revenue": 16,
        "Gross Profit": 1,
        "Operating Income": -2,
        "EBIT": -2,
        "Net Income": 3
    },
    "2021-03-31": {
        "Diluted EPS": -0.09,
        "Total Revenue": 23,
        "Gross Profit": 2,
        "Operating Income": -1,
        "EBIT": -1,
        "Net Income": -1
    },
    "2020-12-31": {
        "Diluted EPS": -0.01,
        "Total Revenue": 28,
        "Gross Profit": 3,
        "Operating Income": 0,
        "EBIT": 1,
        "Net Income": 0
    },
    "2020-09-30": {
        "Diluted EPS": 0.12,
        "Total Revenue": 30,
        "Gross Profit": 5,
        "Operating Income": 1,
        "EBIT": 2,
        "Net Income": 1
    },
    "2020-06-30": {
        "Diluted EPS": 0.02,
        "Total Revenue": 22,
        "Gross Profit": 3,
        "Operating Income": 0,
        "EBIT": 1,
        "Net Income": 0
    },
    "2020-03-31": {
        "Diluted EPS": 0.1,
        "Total Revenue": 25,
        "Gross Profit": 5,
        "Operating Income": 1,
        "EBIT": 2,
        "Net Income": 1
    },
    "2019-12-31": {
        "Diluted EPS": 0.08,
        "Total Revenue": 22,
        "Gross Profit": 5,
        "Operating Income": 1,
        "EBIT": 2,
        "Net Income": 1
    },
    "2019-09-30": {
        "Diluted EPS": 0.15,
        "Total Revenue": 23,
        "Gross Profit": 5,
        "Operating Income": 2,
        "EBIT": 2,
        "Net Income": 2
    },
    "2019-06-30": {
        "Diluted EPS": 0.02,
        "Total Revenue": 17,
        "Gross Profit": 3,
        "Operating Income": 0,
        "EBIT": 1,
        "Net Income": 0
    },
    "2019-03-31": {
        "Diluted EPS": -0.06,
        "Total Revenue": 12,
        "Gross Profit": 3,
        "Operating Income": -1,
        "EBIT": 0,
        "Net Income": -1
    },
    "2018-12-31": {
        "Diluted EPS": -0.2,
        "Total Revenue": 12,
        "Gross Profit": 1,
        "Operating Income": -2,
        "EBIT": -2,
        "Net Income": -2
    },
    "2018-09-30": {
        "Diluted EPS": 0.02,
        "Total Revenue": 12,
        "Gross Profit": 2,
        "Operating Income": -1,
        "EBIT": -1,
        "Net Income": 0
    },
    "2018-06-30": {
        "Diluted EPS": 0.05,
        "Total Revenue": 13,
        "Gross Profit": 2,
        "Operating Income": -1,
        "EBIT": 0,
        "Net Income": 1
    },
    "2018-03-31": {
        "Diluted EPS": 0.01,
        "Total Revenue": 13,
        "Gross Profit": 3,
        "Operating Income": 0,
        "EBIT": 1,
        "Net Income": 0
    },
    "2017-12-31": {
        "Diluted EPS": 0.02,
        "Total Revenue": 13,
        "Gross Profit": 2,
        "Operating Income": -1,
        "EBIT": 0,
        "Net Income": 0
    },
    "2017-09-30": {
        "Diluted EPS": -0.17,
        "Total Revenue": 12,
        "Gross Profit": 2,
        "Operating Income": -2,
        "EBIT": -1,
        "Net Income": -2
    },
    "2017-06-30": {
        "Diluted EPS": -0.1,
        "Total Revenue": 13,
        "Gross Profit": 2,
        "Operating Income": -1,
        "EBIT": 0,
        "Net Income": -1
    },
    "2017-03-31": {
        "Diluted EPS": -0.06,
        "Total Revenue": 13,
        "Gross Profit": 3,
        "Operating Income": -1,
        "EBIT": 1,
        "Net Income": -1
    },
    "2016-12-31": {
        "Diluted EPS": 0.02,
        "Total Revenue": 13,
        "Gross Profit": 3,
        "Operating Income": 0,
        "EBIT": 2,
        "Net Income": 0
    },
    "2016-09-30": {
        "Diluted EPS": -0.13,
        "Total Revenue": 13,
        "Gross Profit": 2,
        "Operating Income": -1,
        "EBIT": 0,
        "Net Income": -2
    },
    "2016-06-30": {
        "Diluted EPS": -0.71,
        "Total Revenue": 15,
        "Gross Profit": 2,
        "Operating Income": -11,
        "EBIT": -2,
        "Net Income": -8
    },
    "2016-03-31": {
        "Diluted EPS": -0.33,
        "Total Revenue": 10,
        "Gross Profit": 0,
        "Operating Income": -4,
        "EBIT": -3,
        "Net Income": -4
    },
    "2015-12-31": {
        "Diluted EPS": 0.01,
        "Total Revenue": 15,
        "Gross Profit": 4,
        "Operating Income": 1,
        "EBIT": 2,
        "Net Income": 0
    },
    "2015-09-30": {
        "Diluted EPS": 0.09,
        "Total Revenue": 17,
        "Gross Profit": 5,
        "Operating Income": 1,
        "EBIT": 3,
        "Net Income": 1
    },
    "2015-06-30": {
        "Diluted EPS": -0.01,
        "Total Revenue": 16,
        "Gross Profit": 4,
        "Operating Income": 1,
        "EBIT": 2,
        "Net Income": 0
    },
    "2015-03-31": {
        "Diluted EPS": -0.18,
        "Total Revenue": 14,
        "Gross Profit": 1,
        "Operating Income": -2,
        "EBIT": -1,
        "Net Income": -2
    },
    "2014-12-31": {
        "Diluted EPS": 0.08,
        "Total Revenue": 17,
        "Gross Profit": 5,
        "Operating Income": 1,
        "EBIT": 2,
        "Net Income": 1
    },
    "2014-09-30": {
        "Diluted EPS": 0.16,
        "Total Revenue": 17,
        "Gross Profit": 6,
        "Operating Income": 3,
        "EBIT": 4,
        "Net Income": 2
    },
    "2014-06-30": {
        "Diluted EPS": 0.0,
        "Total Revenue": 13,
        "Gross Profit": 2,
        "Operating Income": -2,
        "EBIT": -1,
        "Net Income": 0
    },
    "2014-03-31": {
        "Diluted EPS": -0.35,
        "Total Revenue": 11,
        "Gross Profit": 0,
        "Operating Income": -3,
        "EBIT": -2,
        "Net Income": -4
    },
    "2013-12-31": {
        "Diluted EPS": -2.77,
        "Total Revenue": 13,
        "Gross Profit": 2,
        "Operating Income": -29,
        "EBIT": -28,
        "Net Income": -31
    },
    "2013-09-30": {
        "Diluted EPS": -0.07,
        "Total Revenue": 19,
        "Gross Profit": 3,
        "Operating Income": -1,
        "EBIT": 0,
        "Net Income": -1
    },
    "2013-06-30": {
        "Diluted EPS": -0.08,
        "Total Revenue": 23,
        "Gross Profit": 4,
        "Operating Income": -1,
        "EBIT": 0,
        "Net Income": -1
    },
    "2013-03-31": {
        "Diluted EPS": -0.26,
        "Total Revenue": 20,
        "Gross Profit": 1,
        "Operating Income": -4,
        "EBIT": -3,
        "Net Income": -3
    },
    "2012-12-31": {
        "Diluted EPS": -0.05,
        "Total Revenue": 27,
        "Gross Profit": 3,
        "Operating Income": -2,
        "EBIT": -1,
        "Net Income": -1
    },
    "2012-09-30": {
        "Diluted EPS": -0.05,
        "Total Revenue": 29,
        "Gross Profit": 4,
        "Operating Income": 0,
        "EBIT": 0,
        "Net Income": -1
    },
    "2012-06-30": {
        "Diluted EPS": -0.1,
        "Total Revenue": 34,
        "Gross Profit": 4,
        "Operating Income": -1,
        "EBIT": -1,
        "Net Income": -1
    },
    "2012-03-31": {
        "Diluted EPS": -0.1,
        "Total Revenue": 38,
        "Gross Profit": 4,
        "Operating Income": -1,
        "EBIT": -1,
        "Net Income": -1
    },
    "2011-12-31": {
        "Diluted EPS": 0.5,
        "Total Revenue": 33,
        "Gross Profit": 7,
        "Operating Income": 1,
        "EBIT": 3,
        "Net Income": 6
    },
    "2011-09-30": {
        "Diluted EPS": 0.55,
        "Total Revenue": 33,
        "Gross Profit": 11,
        "Operating Income": 7,
        "EBIT": 8,
        "Net Income": 6
    },
    "2011-06-30": {
        "Diluted EPS": 0.25,
        "Total Revenue": 29,
        "Gross Profit": 8,
        "Operating Income": 4,
        "EBIT": 5,
        "Net Income": 3
    },
    "2011-03-31": {
        "Diluted EPS": -0.05,
        "Total Revenue": 24,
        "Gross Profit": 3,
        "Operating Income": -1,
        "EBIT": 1,
        "Net Income": 0
    },
    "2010-12-31": {
        "Diluted EPS": 0.15,
        "Total Revenue": 26,
        "Gross Profit": 12,
        "Operating Income": 10,
        "EBIT": 11,
        "Net Income": 2
    },
    "2010-09-30": {
        "Diluted EPS": -0.1,
        "Total Revenue": 25,
        "Gross Profit": 3,
        "Operating Income": -1,
        "EBIT": 0,
        "Net Income": -1
    },
    "2010-06-30": {
        "Diluted EPS": 0.15,
        "Total Revenue": 28,
        "Gross Profit": 7,
        "Operating Income": 3,
        "EBIT": 4,
        "Net Income": 1
    },
    "2010-03-31": {
        "Diluted EPS": 0.05,
        "Total Revenue": 26,
        "Gross Profit": 5,
        "Operating Income": 2,
        "EBIT": 3,
        "Net Income": 1
    },
    "2009-12-31": {
        "Diluted EPS": 0.5,
        "Total Revenue": 28,
        "Gross Profit": 14,
        "Operating Income": 13,
        "EBIT": 14,
        "Net Income": 6
    },
    "2009-09-30": {
        "Diluted EPS": 0.25,
        "Total Revenue": 27,
        "Gross Profit": 8,
        "Operating Income": 3,
        "EBIT": 4,
        "Net Income": 3
    },
    "2009-06-30": {
        "Diluted EPS": 0.05,
        "Total Revenue": 24,
        "Gross Profit": 6,
        "Operating Income": 2,
        "EBIT": 3,
        "Net Income": 1
    },
    "2009-03-31": {
        "Diluted EPS": 0.05,
        "Total Revenue": 22,
        "Gross Profit": 5,
        "Operating Income": 1,
        "EBIT": 2,
        "Net Income": 1
    },
    "2023-06-30": {
        "Tax Effect Of Unusual Items": NaN,
        "Tax Rate For Calcs": NaN,
        "Normalized EBITDA": NaN,
        "Total Unusual Items": NaN,
        "Total Unusual Items Excluding Goodwill": NaN,
        "Net Income From Continuing Operation Net Minority Interest": NaN,
        "Reconciled Depreciation": NaN,
        "Reconciled Cost Of Revenue": NaN,
        "EBITDA": NaN,
        "EBIT": NaN,
        "Net Interest Income": NaN,
        "Interest Expense": NaN,
        "Interest Income": NaN,
        "Normalized Income": NaN,
        "Net Income From Continuing And Discontinued Operation": NaN,
        "Total Expenses": NaN,
        "Total Operating Income As Reported": NaN,
        "Diluted Average Shares": 13848000.0,
        "Basic Average Shares": 13474000.0,
        "Diluted EPS": 0.03,
        "Basic EPS": 0.04,
        "Diluted NI Availto Com Stockholders": NaN,
        "Net Income Common Stockholders": NaN,
        "Net Income": NaN,
        "Net Income Including Noncontrolling Interests": NaN,
        "Net Income Discontinuous Operations": NaN,
        "Net Income Continuous Operations": NaN,
        "Tax Provision": NaN,
        "Pretax Income": NaN,
        "Other Income Expense": NaN,
        "Other Non Operating Income Expenses": NaN,
        "Special Income Charges": NaN,
        "Gain On Sale Of Ppe": NaN,
        "Net Non Operating Interest Income Expense": NaN,
        "Interest Expense Non Operating": NaN,
        "Interest Income Non Operating": NaN,
        "Operating Income": NaN,
        "Operating Expense": NaN,
        "Research And Development": NaN,
        "Selling General And Administration": NaN,
        "Gross Profit": NaN,
        "Cost Of Revenue": NaN,
        "Total Revenue": NaN,
        "Operating Revenue": NaN
    },
    "2023-09-30": {
        "Tax Effect Of Unusual Items": NaN,
        "Tax Rate For Calcs": NaN,
        "Normalized EBITDA": NaN,
        "Total Unusual Items": NaN,
        "Total Unusual Items Excluding Goodwill": NaN,
        "Net Income From Continuing Operation Net Minority Interest": NaN,
        "Reconciled Depreciation": NaN,
        "Reconciled Cost Of Revenue": NaN,
        "EBITDA": NaN,
        "EBIT": NaN,
        "Net Interest Income": NaN,
        "Interest Expense": NaN,
        "Interest Income": NaN,
        "Normalized Income": NaN,
        "Net Income From Continuing And Discontinued Operation": NaN,
        "Total Expenses": NaN,
        "Total Operating Income As Reported": NaN,
        "Diluted Average Shares": 13979000.0,
        "Basic Average Shares": 13568000.0,
        "Diluted EPS": 0.02,
        "Basic EPS": 0.03,
        "Diluted NI Availto Com Stockholders": NaN,
        "Net Income Common Stockholders": NaN,
        "Net Income": NaN,
        "Net Income Including Noncontrolling Interests": NaN,
        "Net Income Discontinuous Operations": NaN,
        "Net Income Continuous Operations": NaN,
        "Tax Provision": NaN,
        "Pretax Income": NaN,
        "Other Income Expense": NaN,
        "Other Non Operating Income Expenses": NaN,
        "Special Income Charges": NaN,
        "Gain On Sale Of Ppe": NaN,
        "Net Non Operating Interest Income Expense": NaN,
        "Interest Expense Non Operating": NaN,
        "Interest Income Non Operating": NaN,
        "Operating Income": NaN,
        "Operating Expense": NaN,
        "Research And Development": NaN,
        "Selling General And Administration": NaN,
        "Gross Profit": NaN,
        "Cost Of Revenue": NaN,
        "Total Revenue": NaN,
        "Operating Revenue": NaN
    },
    "2023-12-31": {
        "Tax Effect Of Unusual Items": NaN,
        "Tax Rate For Calcs": NaN,
        "Normalized EBITDA": NaN,
        "Total Unusual Items": NaN,
        "Total Unusual Items Excluding Goodwill": NaN,
        "Net Income From Continuing Operation Net Minority Interest": NaN,
        "Reconciled Depreciation": NaN,
        "Reconciled Cost Of Revenue": NaN,
        "EBITDA": NaN,
        "EBIT": NaN,
        "Net Interest Income": NaN,
        "Interest Expense": NaN,
        "Interest Income": NaN,
        "Normalized Income": NaN,
        "Net Income From Continuing And Discontinued Operation": NaN,
        "Total Expenses": NaN,
        "Total Operating Income As Reported": NaN,
        "Diluted Average Shares": NaN,
        "Basic Average Shares": NaN,
        "Diluted EPS": NaN,
        "Basic EPS": NaN,
        "Diluted NI Availto Com Stockholders": NaN,
        "Net Income Common Stockholders": NaN,
        "Net Income": NaN,
        "Net Income Including Noncontrolling Interests": NaN,
        "Net Income Discontinuous Operations": NaN,
        "Net Income Continuous Operations": NaN,
        "Tax Provision": NaN,
        "Pretax Income": NaN,
        "Other Income Expense": -77000.0,
        "Other Non Operating Income Expenses": NaN,
        "Special Income Charges": NaN,
        "Gain On Sale Of Ppe": NaN,
        "Net Non Operating Interest Income Expense": NaN,
        "Interest Expense Non Operating": NaN,
        "Interest Income Non Operating": NaN,
        "Operating Income": NaN,
        "Operating Expense": NaN,
        "Research And Development": NaN,
        "Selling General And Administration": NaN,
        "Gross Profit": NaN,
        "Cost Of Revenue": NaN,
        "Total Revenue": NaN,
        "Operating Revenue": NaN
    },
    "2024-03-31": {
        "Tax Effect Of Unusual Items": 0.0,
        "Tax Rate For Calcs": 0.216584,
        "Normalized EBITDA": -3854000.0,
        "Total Unusual Items": 0.0,
        "Total Unusual Items Excluding Goodwill": 0.0,
        "Net Income From Continuing Operation Net Minority Interest": -3458000.0,
        "Reconciled Depreciation": 431000.0,
        "Reconciled Cost Of Revenue": 14237000.0,
        "EBITDA": -3854000.0,
        "EBIT": -4285000.0,
        "Net Interest Income": 45000.0,
        "Interest Expense": 129000.0,
        "Interest Income": 174000.0,
        "Normalized Income": -3458000.0,
        "Net Income From Continuing And Discontinued Operation": -3560000.0,
        "Total Expenses": 18077000.0,
        "Total Operating Income As Reported": -4460000.0,
        "Diluted Average Shares": 13676000.0,
        "Basic Average Shares": 13676000.0,
        "Diluted EPS": -0.26,
        "Basic EPS": -0.26,
        "Diluted NI Availto Com Stockholders": -3560000.0,
        "Net Income Common Stockholders": -3560000.0,
        "Net Income": -3560000.0,
        "Net Income Including Noncontrolling Interests": -3560000.0,
        "Net Income Discontinuous Operations": -102000.0,
        "Net Income Continuous Operations": -3458000.0,
        "Tax Provision": -956000.0,
        "Pretax Income": -4414000.0,
        "Other Income Expense": 1000.0,
        "Other Non Operating Income Expenses": 1000.0,
        "Special Income Charges": 0.0,
        "Gain On Sale Of Ppe": 0.0,
        "Net Non Operating Interest Income Expense": 45000.0,
        "Interest Expense Non Operating": 129000.0,
        "Interest Income Non Operating": 174000.0,
        "Operating Income": -4460000.0,
        "Operating Expense": 3840000.0,
        "Research And Development": 296000.0,
        "Selling General And Administration": 3544000.0,
        "Gross Profit": -620000.0,
        "Cost Of Revenue": 14237000.0,
        "Total Revenue": 13617000.0,
        "Operating Revenue": 13617000.0
    },
    "2024-06-30": {
        "Tax Effect Of Unusual Items": -234.73514,
        "Tax Rate For Calcs": 0.234735,
        "Normalized EBITDA": -4389000.0,
        "Total Unusual Items": -1000.0,
        "Total Unusual Items Excluding Goodwill": -1000.0,
        "Net Income From Continuing Operation Net Minority Interest": -3785000.0,
        "Reconciled Depreciation": 431000.0,
        "Reconciled Cost Of Revenue": 15292000.0,
        "EBITDA": -4390000.0,
        "EBIT": -4821000.0,
        "Net Interest Income": 88000.0,
        "Interest Expense": 125000.0,
        "Interest Income": 213000.0,
        "Normalized Income": -3784234.73514,
        "Net Income From Continuing And Discontinued Operation": -3951000.0,
        "Total Expenses": 19020000.0,
        "Total Operating Income As Reported": -5035000.0,
        "Diluted Average Shares": 14593000.0,
        "Basic Average Shares": 14593000.0,
        "Diluted EPS": -0.27,
        "Basic EPS": -0.27,
        "Diluted NI Availto Com Stockholders": -3951000.0,
        "Net Income Common Stockholders": -3951000.0,
        "Net Income": -3951000.0,
        "Net Income Including Noncontrolling Interests": -3951000.0,
        "Net Income Discontinuous Operations": -166000.0,
        "Net Income Continuous Operations": -3785000.0,
        "Tax Provision": -1161000.0,
        "Pretax Income": -4946000.0,
        "Other Income Expense": NaN,
        "Other Non Operating Income Expenses": 1000.0,
        "Special Income Charges": -1000.0,
        "Gain On Sale Of Ppe": -1000.0,
        "Net Non Operating Interest Income Expense": 88000.0,
        "Interest Expense Non Operating": 125000.0,
        "Interest Income Non Operating": 213000.0,
        "Operating Income": -5034000.0,
        "Operating Expense": 3728000.0,
        "Research And Development": 273000.0,
        "Selling General And Administration": 3455000.0,
        "Gross Profit": -1306000.0,
        "Cost Of Revenue": 15292000.0,
        "Total Revenue": 13986000.0,
        "Operating Revenue": 13986000.0
    },
    "2024-09-30": {
        "Tax Effect Of Unusual Items": 0.0,
        "Tax Rate For Calcs": 0.21,
        "Normalized EBITDA": -1817000.0,
        "Total Unusual Items": 0.0,
        "Total Unusual Items Excluding Goodwill": 0.0,
        "Net Income From Continuing Operation Net Minority Interest": -8806000.0,
        "Reconciled Depreciation": 433000.0,
        "Reconciled Cost Of Revenue": 15478000.0,
        "EBITDA": -1817000.0,
        "EBIT": -2250000.0,
        "Net Interest Income": 153000.0,
        "Interest Expense": 139000.0,
        "Interest Income": 292000.0,
        "Normalized Income": -8806000.0,
        "Net Income From Continuing And Discontinued Operation": -8979000.0,
        "Total Expenses": 19413000.0,
        "Total Operating Income As Reported": -2601000.0,
        "Diluted Average Shares": 15803000.0,
        "Basic Average Shares": 15803000.0,
        "Diluted EPS": -0.57,
        "Basic EPS": -0.57,
        "Diluted NI Availto Com Stockholders": -8979000.0,
        "Net Income Common Stockholders": -8979000.0,
        "Net Income": -8979000.0,
        "Net Income Including Noncontrolling Interests": -8979000.0,
        "Net Income Discontinuous Operations": -173000.0,
        "Net Income Continuous Operations": -8806000.0,
        "Tax Provision": 6417000.0,
        "Pretax Income": -2389000.0,
        "Other Income Expense": 59000.0,
        "Other Non Operating Income Expenses": 59000.0,
        "Special Income Charges": 0.0,
        "Gain On Sale Of Ppe": 0.0,
        "Net Non Operating Interest Income Expense": 153000.0,
        "Interest Expense Non Operating": 139000.0,
        "Interest Income Non Operating": 292000.0,
        "Operating Income": -2601000.0,
        "Operating Expense": 3935000.0,
        "Research And Development": 303000.0,
        "Selling General And Administration": 3632000.0,
        "Gross Profit": 1334000.0,
        "Cost Of Revenue": 15478000.0,
        "Total Revenue": 16812000.0,
        "Operating Revenue": 16812000.0
    },
    "2024-12-31": {
        "Tax Effect Of Unusual Items": -4200.0,
        "Tax Rate For Calcs": 0.21,
        "Normalized EBITDA": -2817000.0,
        "Total Unusual Items": -20000.0,
        "Total Unusual Items Excluding Goodwill": -20000.0,
        "Net Income From Continuing Operation Net Minority Interest": -3520000.0,
        "Reconciled Depreciation": 468000.0,
        "Reconciled Cost Of Revenue": 14108000.0,
        "EBITDA": -2837000.0,
        "EBIT": -3305000.0,
        "Net Interest Income": 96000.0,
        "Interest Expense": 80000.0,
        "Interest Income": 242000.0,
        "Normalized Income": -3504200.0,
        "Net Income From Continuing And Discontinued Operation": -3489000.0,
        "Total Expenses": 18268000.0,
        "Total Operating Income As Reported": -3586000.0,
        "Diluted Average Shares": NaN,
        "Basic Average Shares": NaN,
        "Diluted EPS": NaN,
        "Basic EPS": NaN,
        "Diluted NI Availto Com Stockholders": -3489000.0,
        "Net Income Common Stockholders": -3489000.0,
        "Net Income": -3489000.0,
        "Net Income Including Noncontrolling Interests": -3489000.0,
        "Net Income Discontinuous Operations": 31000.0,
        "Net Income Continuous Operations": -3520000.0,
        "Tax Provision": 135000.0,
        "Pretax Income": -3385000.0,
        "Other Income Expense": 85000.0,
        "Other Non Operating Income Expenses": 105000.0,
        "Special Income Charges": -20000.0,
        "Gain On Sale Of Ppe": -20000.0,
        "Net Non Operating Interest Income Expense": 96000.0,
        "Interest Expense Non Operating": 80000.0,
        "Interest Income Non Operating": 242000.0,
        "Operating Income": -3566000.0,
        "Operating Expense": 4160000.0,
        "Research And Development": 300000.0,
        "Selling General And Administration": 3860000.0,
        "Gross Profit": 594000.0,
        "Cost Of Revenue": 14108000.0,
        "Total Revenue": 14702000.0,
        "Operating Revenue": 14702000.0
    },
    "2025-03-31": {
        "Tax Effect Of Unusual Items": 0.0,
        "Tax Rate For Calcs": 0.0,
        "Normalized EBITDA": -2937000.0,
        "Total Unusual Items": 5000.0,
        "Total Unusual Items Excluding Goodwill": 5000.0,
        "Net Income From Continuing Operation Net Minority Interest": -3500000.0,
        "Reconciled Depreciation": 436000.0,
        "Reconciled Cost Of Revenue": 13262000.0,
        "EBITDA": -2932000.0,
        "EBIT": -3368000.0,
        "Net Interest Income": 203000.0,
        "Interest Expense": 132000.0,
        "Interest Income": 335000.0,
        "Normalized Income": -3505000.0,
        "Net Income From Continuing And Discontinued Operation": -3573000.0,
        "Total Expenses": 17660000.0,
        "Total Operating Income As Reported": -3736000.0,
        "Diluted Average Shares": 18424000.0,
        "Basic Average Shares": 18424000.0,
        "Diluted EPS": -0.19,
        "Basic EPS": -0.19,
        "Diluted NI Availto Com Stockholders": -3573000.0,
        "Net Income Common Stockholders": -3573000.0,
        "Net Income": -3573000.0,
        "Net Income Including Noncontrolling Interests": -3573000.0,
        "Net Income Discontinuous Operations": -73000.0,
        "Net Income Continuous Operations": -3500000.0,
        "Tax Provision": 0.0,
        "Pretax Income": -3500000.0,
        "Other Income Expense": 38000.0,
        "Other Non Operating Income Expenses": 33000.0,
        "Special Income Charges": 5000.0,
        "Gain On Sale Of Ppe": 5000.0,
        "Net Non Operating Interest Income Expense": 203000.0,
        "Interest Expense Non Operating": 132000.0,
        "Interest Income Non Operating": 335000.0,
        "Operating Income": -3741000.0,
        "Operating Expense": 4398000.0,
        "Research And Development": 383000.0,
        "Selling General And Administration": 4015000.0,
        "Gross Profit": 657000.0,
        "Cost Of Revenue": 13262000.0,
        "Total Revenue": 13919000.0,
        "Operating Revenue": 13919000.0
    }
}