{
    "2023-03-31": {
        "Tax Effect Of Unusual Items": NaN,
        "Tax Rate For Calcs": NaN,
        "Normalized EBITDA": NaN,
        "Total Unusual Items": NaN,
        "Total Unusual Items Excluding Goodwill": NaN,
        "Net Income From Continuing Operation Net Minority Interest": NaN,
        "Reconciled Depreciation": NaN,
        "Reconciled Cost Of Revenue": NaN,
        "EBITDA": NaN,
        "EBIT": NaN,
        "Net Interest Income": NaN,
        "Interest Expense": NaN,
        "Interest Income": NaN,
        "Normalized Income": NaN,
        "Net Income From Continuing And Discontinued Operation": NaN,
        "Total Expenses": NaN,
        "Diluted Average Shares": NaN,
        "Basic Average Shares": NaN,
        "Diluted EPS": NaN,
        "Basic EPS": NaN,
        "Diluted NI Availto Com Stockholders": NaN,
        "Net Income Common Stockholders": NaN,
        "Net Income": NaN,
        "Net Income Including Noncontrolling Interests": NaN,
        "Net Income Continuous Operations": NaN,
        "Earnings From Equity Interest Net Of Tax": NaN,
        "Tax Provision": NaN,
        "Pretax Income": NaN,
        "Other Income Expense": NaN,
        "Other Non Operating Income Expenses": 56000.0,
        "Special Income Charges": NaN,
        "Other Special Charges": NaN,
        "Net Non Operating Interest Income Expense": NaN,
        "Interest Expense Non Operating": NaN,
        "Interest Income Non Operating": NaN,
        "Operating Income": NaN,
        "Operating Expense": NaN,
        "Other Operating Expenses": NaN,
        "Depreciation Amortization Depletion Income Statement": NaN,
        "Depreciation And Amortization In Income Statement": NaN,
        "Selling General And Administration": NaN,
        "Selling And Marketing Expense": NaN,
        "General And Administrative Expense": NaN,
        "Other Gand A": NaN,
        "Gross Profit": NaN,
        "Cost Of Revenue": NaN,
        "Total Revenue": NaN,
        "Operating Revenue": NaN
    },
    "2022-12-31": {
        "Tax Effect Of Unusual Items": NaN,
        "Tax Rate For Calcs": NaN,
        "Normalized EBITDA": NaN,
        "Total Unusual Items": 8750000.0,
        "Total Unusual Items Excluding Goodwill": 8750000.0,
        "Net Income From Continuing Operation Net Minority Interest": NaN,
        "Reconciled Depreciation": NaN,
        "Reconciled Cost Of Revenue": NaN,
        "EBITDA": NaN,
        "EBIT": NaN,
        "Net Interest Income": NaN,
        "Interest Expense": NaN,
        "Interest Income": NaN,
        "Normalized Income": NaN,
        "Net Income From Continuing And Discontinued Operation": NaN,
        "Total Expenses": NaN,
        "Diluted Average Shares": NaN,
        "Basic Average Shares": NaN,
        "Diluted EPS": NaN,
        "Basic EPS": NaN,
        "Diluted NI Availto Com Stockholders": NaN,
        "Net Income Common Stockholders": NaN,
        "Net Income": NaN,
        "Net Income Including Noncontrolling Interests": NaN,
        "Net Income Continuous Operations": NaN,
        "Earnings From Equity Interest Net Of Tax": NaN,
        "Tax Provision": NaN,
        "Pretax Income": NaN,
        "Other Income Expense": NaN,
        "Other Non Operating Income Expenses": NaN,
        "Special Income Charges": 0.0,
        "Other Special Charges": NaN,
        "Gain On Sale Of Security": 8750000.0,
        "Net Non Operating Interest Income Expense": NaN,
        "Interest Expense Non Operating": NaN,
        "Interest Income Non Operating": NaN,
        "Operating Income": NaN,
        "Operating Expense": NaN,
        "Other Operating Expenses": NaN,
        "Depreciation Amortization Depletion Income Statement": NaN,
        "Depreciation And Amortization In Income Statement": NaN,
        "Selling General And Administration": NaN,
        "Selling And Marketing Expense": NaN,
        "General And Administrative Expense": NaN,
        "Other Gand A": NaN,
        "Gross Profit": NaN,
        "Cost Of Revenue": NaN,
        "Total Revenue": NaN,
        "Operating Revenue": NaN
    },
    "2022-09-30": {
        "Tax Effect Of Unusual Items": NaN,
        "Tax Rate For Calcs": NaN,
        "Normalized EBITDA": NaN,
        "Total Unusual Items": -13708000.0,
        "Total Unusual Items Excluding Goodwill": -13708000.0,
        "Net Income From Continuing Operation Net Minority Interest": NaN,
        "Reconciled Depreciation": NaN,
        "Reconciled Cost Of Revenue": NaN,
        "EBITDA": NaN,
        "EBIT": NaN,
        "Net Interest Income": NaN,
        "Interest Expense": NaN,
        "Interest Income": NaN,
        "Normalized Income": NaN,
        "Net Income From Continuing And Discontinued Operation": NaN,
        "Total Expenses": NaN,
        "Diluted Average Shares": NaN,
        "Basic Average Shares": NaN,
        "Diluted EPS": NaN,
        "Basic EPS": NaN,
        "Diluted NI Availto Com Stockholders": NaN,
        "Net Income Common Stockholders": NaN,
        "Net Income": NaN,
        "Net Income Including Noncontrolling Interests": NaN,
        "Net Income Continuous Operations": NaN,
        "Earnings From Equity Interest Net Of Tax": 0.0,
        "Tax Provision": NaN,
        "Pretax Income": NaN,
        "Other Income Expense": NaN,
        "Other Non Operating Income Expenses": -13708000.0,
        "Special Income Charges": 0.0,
        "Other Special Charges": NaN,
        "Gain On Sale Of Security": -13708000.0,
        "Net Non Operating Interest Income Expense": NaN,
        "Total Other Finance Cost": 735000.0,
        "Interest Expense Non Operating": NaN,
        "Interest Income Non Operating": NaN,
        "Operating Income": NaN,
        "Operating Expense": NaN,
        "Other Operating Expenses": NaN,
        "Depreciation Amortization Depletion Income Statement": NaN,
        "Depreciation And Amortization In Income Statement": NaN,
        "Selling General And Administration": NaN,
        "Selling And Marketing Expense": NaN,
        "General And Administrative Expense": NaN,
        "Other Gand A": NaN,
        "Gross Profit": NaN,
        "Cost Of Revenue": NaN,
        "Total Revenue": NaN,
        "Operating Revenue": NaN
    },
    "2022-06-30": {
        "Tax Effect Of Unusual Items": 0.0,
        "Tax Rate For Calcs": 0.0,
        "Normalized EBITDA": -1569501.0,
        "Total Unusual Items": NaN,
        "Total Unusual Items Excluding Goodwill": NaN,
        "Net Income From Continuing Operation Net Minority Interest": -1391964.0,
        "Reconciled Depreciation": 145000.0,
        "Reconciled Cost Of Revenue": 1200000.0,
        "EBITDA": -1569501.0,
        "EBIT": -1569501.0,
        "Net Interest Income": 177537.0,
        "Interest Expense": 17000.0,
        "Interest Income": 177537.0,
        "Normalized Income": -1391964.0,
        "Net Income From Continuing And Discontinued Operation": -1391964.0,
        "Total Expenses": 1569501.0,
        "Diluted Average Shares": 37923530.0,
        "Basic Average Shares": 37923530.0,
        "Diluted EPS": -0.028742,
        "Basic EPS": -0.028742,
        "Diluted NI Availto Com Stockholders": -1391964.0,
        "Net Income Common Stockholders": -1391964.0,
        "Net Income": -1391964.0,
        "Net Income Including Noncontrolling Interests": -1391964.0,
        "Net Income Continuous Operations": -1391964.0,
        "Earnings From Equity Interest Net Of Tax": 0.0,
        "Tax Provision": 13000.0,
        "Pretax Income": -1391964.0,
        "Other Income Expense": NaN,
        "Other Non Operating Income Expenses": NaN,
        "Special Income Charges": NaN,
        "Gain On Sale Of Security": NaN,
        "Net Non Operating Interest Income Expense": 177537.0,
        "Total Other Finance Cost": -177537.0,
        "Interest Expense Non Operating": 17000.0,
        "Interest Income Non Operating": 177537.0,
        "Operating Income": -1569501.0,
        "Operating Expense": 1569501.0,
        "Other Operating Expenses": 2817000.0,
        "Depreciation Amortization Depletion Income Statement": 145000.0,
        "Depreciation And Amortization In Income Statement": 145000.0,
        "Selling General And Administration": 1569501.0,
        "Selling And Marketing Expense": 7284000.0,
        "General And Administrative Expense": 1569501.0,
        "Other Gand A": 1569501.0,
        "Gross Profit": 11584000.0,
        "Cost Of Revenue": 1200000.0,
        "Total Revenue": 0.0,
        "Operating Revenue": 0.0
    },
    "2023-06-30": {
        "Tax Effect Of Unusual Items": NaN,
        "Tax Rate For Calcs": NaN,
        "Normalized EBITDA": NaN,
        "Total Unusual Items": 0.0,
        "Total Unusual Items Excluding Goodwill": 0.0,
        "Net Income From Continuing Operation Net Minority Interest": NaN,
        "Reconciled Depreciation": NaN,
        "Reconciled Cost Of Revenue": NaN,
        "EBITDA": NaN,
        "EBIT": NaN,
        "Net Interest Income": NaN,
        "Interest Expense": NaN,
        "Interest Income": 238000.0,
        "Normalized Income": NaN,
        "Net Income From Continuing And Discontinued Operation": NaN,
        "Total Expenses": NaN,
        "Diluted Average Shares": NaN,
        "Basic Average Shares": NaN,
        "Diluted EPS": NaN,
        "Basic EPS": NaN,
        "Diluted NI Availto Com Stockholders": NaN,
        "Net Income Common Stockholders": NaN,
        "Net Income": NaN,
        "Net Income Including Noncontrolling Interests": NaN,
        "Net Income Continuous Operations": NaN,
        "Earnings From Equity Interest Net Of Tax": 553000.0,
        "Tax Provision": NaN,
        "Pretax Income": NaN,
        "Other Income Expense": -65000.0,
        "Other Non Operating Income Expenses": -65000.0,
        "Special Income Charges": 0.0,
        "Other Special Charges": NaN,
        "Net Non Operating Interest Income Expense": NaN,
        "Interest Expense Non Operating": NaN,
        "Interest Income Non Operating": 238000.0,
        "Operating Income": NaN,
        "Operating Expense": NaN,
        "Other Operating Expenses": NaN,
        "Depreciation Amortization Depletion Income Statement": NaN,
        "Depreciation And Amortization In Income Statement": NaN,
        "Selling General And Administration": NaN,
        "Selling And Marketing Expense": NaN,
        "General And Administrative Expense": NaN,
        "Other Gand A": NaN,
        "Gross Profit": NaN,
        "Cost Of Revenue": NaN,
        "Total Revenue": NaN,
        "Operating Revenue": NaN
    },
    "2022-03-31": {
        "Diluted EPS": 1.27,
        "Total Revenue": 954,
        "Gross Profit": 287,
        "Operating Income": 107,
        "EBIT": 126,
        "Net Income": 70
    },
    "2021-12-31": {
        "Diluted EPS": 0.16,
        "Total Revenue": 661,
        "Gross Profit": 198,
        "Operating Income": 26,
        "EBIT": 47,
        "Net Income": 9
    },
    "2021-09-30": {
        "Diluted EPS": -0.04,
        "Total Revenue": 739,
        "Gross Profit": 213,
        "Operating Income": 10,
        "EBIT": 32,
        "Net Income": -3
    },
    "2021-06-30": {
        "Diluted EPS": 1.37,
        "Total Revenue": NaN,
        "Gross Profit": 320,
        "Operating Income": 113,
        "EBIT": 135,
        "Net Income": 76
    },
    "2021-03-31": {
        "Diluted EPS": 1.32,
        "Total Revenue": 935,
        "Gross Profit": 272,
        "Operating Income": 105,
        "EBIT": 124,
        "Net Income": 73
    },
    "2020-12-31": {
        "Diluted EPS": 0.1,
        "Total Revenue": 592,
        "Gross Profit": 165,
        "Operating Income": 27,
        "EBIT": 40,
        "Net Income": 6
    },
    "2020-09-30": {
        "Diluted EPS": 0.23,
        "Total Revenue": 676,
        "Gross Profit": 196,
        "Operating Income": 25,
        "EBIT": 41,
        "Net Income": 14
    },
    "2020-06-30": {
        "Diluted EPS": 1.27,
        "Total Revenue": 833,
        "Gross Profit": 262,
        "Operating Income": 105,
        "EBIT": 118,
        "Net Income": 69
    },
    "2020-03-31": {
        "Diluted EPS": 0.78,
        "Total Revenue": 703,
        "Gross Profit": 207,
        "Operating Income": 66,
        "EBIT": 80,
        "Net Income": 43
    },
    "2019-12-31": {
        "Diluted EPS": -0.08,
        "Total Revenue": 483,
        "Gross Profit": 131,
        "Operating Income": 2,
        "EBIT": 16,
        "Net Income": -4
    },
    "2019-09-30": {
        "Diluted EPS": 0.05,
        "Total Revenue": 541,
        "Gross Profit": 149,
        "Operating Income": 11,
        "EBIT": 25,
        "Net Income": 2
    },
    "2019-06-30": {
        "Diluted EPS": 0.8,
        "Total Revenue": 707,
        "Gross Profit": 219,
        "Operating Income": 69,
        "EBIT": 82,
        "Net Income": 46
    },
    "2019-03-31": {
        "Diluted EPS": 0.73,
        "Total Revenue": 674,
        "Gross Profit": 206,
        "Operating Income": 62,
        "EBIT": 74,
        "Net Income": 42
    },
    "2018-12-31": {
        "Diluted EPS": 0.03,
        "Total Revenue": 462,
        "Gross Profit": 130,
        "Operating Income": 10,
        "EBIT": 23,
        "Net Income": 2
    },
    "2018-09-30": {
        "Diluted EPS": 0.17,
        "Total Revenue": 502,
        "Gross Profit": 147,
        "Operating Income": 18,
        "EBIT": 31,
        "Net Income": 11
    },
    "2018-06-30": {
        "Diluted EPS": 0.79,
        "Total Revenue": 658,
        "Gross Profit": 202,
        "Operating Income": 61,
        "EBIT": 74,
        "Net Income": 42
    },
    "2018-03-31": {
        "Diluted EPS": 0.86,
        "Total Revenue": 613,
        "Gross Profit": 194,
        "Operating Income": 66,
        "EBIT": 77,
        "Net Income": 45
    },
    "2017-12-31": {
        "Diluted EPS": 0.5,
        "Total Revenue": 442,
        "Gross Profit": 132,
        "Operating Income": 23,
        "EBIT": 34,
        "Net Income": 26
    },
    "2017-09-30": {
        "Diluted EPS": 0.08,
        "Total Revenue": 490,
        "Gross Profit": 145,
        "Operating Income": 14,
        "EBIT": 26,
        "Net Income": 4
    },
    "2017-06-30": {
        "Diluted EPS": 0.62,
        "Total Revenue": 575,
        "Gross Profit": 183,
        "Operating Income": 58,
        "EBIT": 69,
        "Net Income": 32
    },
    "2017-03-31": {
        "Diluted EPS": 0.67,
        "Total Revenue": 570,
        "Gross Profit": 184,
        "Operating Income": 64,
        "EBIT": 75,
        "Net Income": 35
    },
    "2016-12-31": {
        "Diluted EPS": 0.15,
        "Total Revenue": 419,
        "Gross Profit": 121,
        "Operating Income": 20,
        "EBIT": 30,
        "Net Income": 8
    },
    "2016-09-30": {
        "Diluted EPS": -0.11,
        "Total Revenue": 413,
        "Gross Profit": 120,
        "Operating Income": 13,
        "EBIT": 24,
        "Net Income": -6
    },
    "2016-06-30": {
        "Diluted EPS": 0.51,
        "Total Revenue": 515,
        "Gross Profit": 164,
        "Operating Income": 48,
        "EBIT": 60,
        "Net Income": 26
    },
    "2016-03-31": {
        "Diluted EPS": 0.65,
        "Total Revenue": 541,
        "Gross Profit": 169,
        "Operating Income": 59,
        "EBIT": 69,
        "Net Income": 33
    },
    "2015-12-31": {
        "Diluted EPS": -0.18,
        "Total Revenue": 360,
        "Gross Profit": 100,
        "Operating Income": 9,
        "EBIT": 18,
        "Net Income": -9
    },
    "2015-09-30": {
        "Diluted EPS": -0.09,
        "Total Revenue": 386,
        "Gross Profit": 108,
        "Operating Income": 1,
        "EBIT": 10,
        "Net Income": -4
    },
    "2015-06-30": {
        "Diluted EPS": 0.38,
        "Total Revenue": 459,
        "Gross Profit": 142,
        "Operating Income": 39,
        "EBIT": 48,
        "Net Income": 19
    },
    "2015-03-31": {
        "Diluted EPS": 0.47,
        "Total Revenue": 498,
        "Gross Profit": 150,
        "Operating Income": 50,
        "EBIT": 59,
        "Net Income": 23
    },
    "2014-12-31": {
        "Diluted EPS": -0.12,
        "Total Revenue": 307,
        "Gross Profit": 88,
        "Operating Income": 1,
        "EBIT": 10,
        "Net Income": -6
    },
    "2014-09-30": {
        "Diluted EPS": -0.08,
        "Total Revenue": 374,
        "Gross Profit": 108,
        "Operating Income": 1,
        "EBIT": 13,
        "Net Income": -4
    },
    "2014-06-30": {
        "Diluted EPS": 0.09,
        "Total Revenue": 438,
        "Gross Profit": 119,
        "Operating Income": 18,
        "EBIT": 28,
        "Net Income": 5
    },
    "2014-03-31": {
        "Diluted EPS": 0.43,
        "Total Revenue": 502,
        "Gross Profit": 148,
        "Operating Income": 45,
        "EBIT": 54,
        "Net Income": 21
    },
    "2013-12-31": {
        "Diluted EPS": -0.26,
        "Total Revenue": 291,
        "Gross Profit": 80,
        "Operating Income": -8,
        "EBIT": 0,
        "Net Income": -13
    },
    "2013-09-30": {
        "Diluted EPS": -0.46,
        "Total Revenue": 369,
        "Gross Profit": 81,
        "Operating Income": -26,
        "EBIT": -15,
        "Net Income": -23
    },
    "2013-06-30": {
        "Diluted EPS": 0.28,
        "Total Revenue": 494,
        "Gross Profit": 152,
        "Operating Income": 33,
        "EBIT": 41,
        "Net Income": 14
    },
    "2013-03-31": {
        "Diluted EPS": 0.46,
        "Total Revenue": 498,
        "Gross Profit": 153,
        "Operating Income": 47,
        "EBIT": 55,
        "Net Income": 22
    },
    "2012-12-31": {
        "Diluted EPS": -0.32,
        "Total Revenue": 292,
        "Gross Profit": 77,
        "Operating Income": -13,
        "EBIT": -5,
        "Net Income": -15
    },
    "2012-09-30": {
        "Diluted EPS": -0.21,
        "Total Revenue": 397,
        "Gross Profit": 105,
        "Operating Income": -8,
        "EBIT": -1,
        "Net Income": -10
    },
    "2012-06-30": {
        "Diluted EPS": 0.47,
        "Total Revenue": 534,
        "Gross Profit": 181,
        "Operating Income": 49,
        "EBIT": 57,
        "Net Income": 23
    },
    "2012-03-31": {
        "Diluted EPS": 0.45,
        "Total Revenue": 467,
        "Gross Profit": 148,
        "Operating Income": 45,
        "EBIT": 53,
        "Net Income": 22
    },
    "2011-12-31": {
        "Diluted EPS": -0.27,
        "Total Revenue": 302,
        "Gross Profit": 81,
        "Operating Income": -11,
        "EBIT": -4,
        "Net Income": -13
    },
    "2011-09-30": {
        "Diluted EPS": -0.19,
        "Total Revenue": 377,
        "Gross Profit": 98,
        "Operating Income": -5,
        "EBIT": 3,
        "Net Income": -11
    },
    "2011-06-30": {
        "Diluted EPS": 0.31,
        "Total Revenue": 484,
        "Gross Profit": 149,
        "Operating Income": 37,
        "EBIT": 44,
        "Net Income": 17
    },
    "2011-03-31": {
        "Diluted EPS": 0.54,
        "Total Revenue": 486,
        "Gross Profit": 163,
        "Operating Income": 60,
        "EBIT": 67,
        "Net Income": 32
    },
    "2010-12-31": {
        "Diluted EPS": -0.16,
        "Total Revenue": 282,
        "Gross Profit": 83,
        "Operating Income": -6,
        "EBIT": 1,
        "Net Income": -10
    },
    "2010-09-30": {
        "Diluted EPS": -0.15,
        "Total Revenue": 347,
        "Gross Profit": 103,
        "Operating Income": -5,
        "EBIT": 15,
        "Net Income": -9
    },
    "2010-06-30": {
        "Diluted EPS": 0.4,
        "Total Revenue": 465,
        "Gross Profit": 163,
        "Operating Income": 53,
        "EBIT": 60,
        "Net Income": 26
    },
    "2010-03-31": {
        "Diluted EPS": 0.49,
        "Total Revenue": 442,
        "Gross Profit": 161,
        "Operating Income": 61,
        "EBIT": 68,
        "Net Income": 32
    },
    "2009-12-31": {
        "Diluted EPS": -0.04,
        "Total Revenue": 269,
        "Gross Profit": 88,
        "Operating Income": 1,
        "EBIT": 8,
        "Net Income": -3
    },
    "2009-09-30": {
        "Diluted EPS": 0.12,
        "Total Revenue": 363,
        "Gross Profit": 116,
        "Operating Income": 20,
        "EBIT": 27,
        "Net Income": 8
    },
    "2009-06-30": {
        "Diluted EPS": 0.44,
        "Total Revenue": 482,
        "Gross Profit": 165,
        "Operating Income": 52,
        "EBIT": 59,
        "Net Income": 31
    },
    "2009-03-31": {
        "Diluted EPS": 0.47,
        "Total Revenue": 476,
        "Gross Profit": 161,
        "Operating Income": 57,
        "EBIT": 64,
        "Net Income": 33
    },
    "2023-09-30": {
        "Tax Effect Of Unusual Items": 0.0,
        "Tax Rate For Calcs": 0.21,
        "Normalized EBITDA": 174000.0,
        "Total Unusual Items": 0.0,
        "Total Unusual Items Excluding Goodwill": 0.0,
        "Net Income From Continuing Operation Net Minority Interest": -2196000.0,
        "Reconciled Depreciation": 414000.0,
        "Reconciled Cost Of Revenue": 1441000.0,
        "EBITDA": 174000.0,
        "EBIT": -240000.0,
        "Net Interest Income": -1683000.0,
        "Interest Expense": 1915000.0,
        "Interest Income": 232000.0,
        "Normalized Income": -2196000.0,
        "Net Income From Continuing And Discontinued Operation": -2196000.0,
        "Total Expenses": 22260000.0,
        "Diluted Average Shares": 38987000.0,
        "Basic Average Shares": 38987000.0,
        "Diluted EPS": -0.06,
        "Basic EPS": -0.06,
        "Diluted NI Availto Com Stockholders": -2196000.0,
        "Net Income Common Stockholders": -2196000.0,
        "Net Income": -2196000.0,
        "Net Income Including Noncontrolling Interests": -2196000.0,
        "Net Income Continuous Operations": -2196000.0,
        "Earnings From Equity Interest Net Of Tax": 0.0,
        "Tax Provision": 41000.0,
        "Pretax Income": -2155000.0,
        "Other Income Expense": -12000.0,
        "Other Non Operating Income Expenses": -12000.0,
        "Special Income Charges": 0.0,
        "Other Special Charges": NaN,
        "Net Non Operating Interest Income Expense": -1683000.0,
        "Interest Expense Non Operating": 1915000.0,
        "Interest Income Non Operating": 232000.0,
        "Operating Income": -460000.0,
        "Operating Expense": 20819000.0,
        "Other Operating Expenses": 2968000.0,
        "Depreciation Amortization Depletion Income Statement": 414000.0,
        "Depreciation And Amortization In Income Statement": 414000.0,
        "Selling General And Administration": 17437000.0,
        "Selling And Marketing Expense": 12755000.0,
        "General And Administrative Expense": 4682000.0,
        "Other Gand A": 4682000.0,
        "Gross Profit": 20359000.0,
        "Cost Of Revenue": 1441000.0,
        "Total Revenue": 21800000.0,
        "Operating Revenue": 21800000.0
    },
    "2023-12-31": {
        "Tax Effect Of Unusual Items": 0.0,
        "Tax Rate For Calcs": 0.21,
        "Normalized EBITDA": -503000.0,
        "Total Unusual Items": NaN,
        "Total Unusual Items Excluding Goodwill": NaN,
        "Net Income From Continuing Operation Net Minority Interest": -3465000.0,
        "Reconciled Depreciation": 503000.0,
        "Reconciled Cost Of Revenue": 1767000.0,
        "EBITDA": -503000.0,
        "EBIT": -1006000.0,
        "Net Interest Income": -1538000.0,
        "Interest Expense": 2445000.0,
        "Interest Income": NaN,
        "Normalized Income": -3465000.0,
        "Net Income From Continuing And Discontinued Operation": -3465000.0,
        "Total Expenses": 23586000.0,
        "Diluted Average Shares": 39416000.0,
        "Basic Average Shares": 39416000.0,
        "Diluted EPS": -0.09,
        "Basic EPS": -0.09,
        "Diluted NI Availto Com Stockholders": -3465000.0,
        "Net Income Common Stockholders": -3465000.0,
        "Net Income": -3465000.0,
        "Net Income Including Noncontrolling Interests": -3465000.0,
        "Net Income Continuous Operations": -3465000.0,
        "Earnings From Equity Interest Net Of Tax": 0.0,
        "Tax Provision": 14000.0,
        "Pretax Income": -3451000.0,
        "Other Income Expense": 0.0,
        "Other Non Operating Income Expenses": 0.0,
        "Special Income Charges": NaN,
        "Other Special Charges": NaN,
        "Net Non Operating Interest Income Expense": -1538000.0,
        "Interest Expense Non Operating": 2445000.0,
        "Interest Income Non Operating": NaN,
        "Operating Income": -1913000.0,
        "Operating Expense": 21819000.0,
        "Other Operating Expenses": 2845000.0,
        "Depreciation Amortization Depletion Income Statement": 503000.0,
        "Depreciation And Amortization In Income Statement": 503000.0,
        "Selling General And Administration": 18471000.0,
        "Selling And Marketing Expense": 13735000.0,
        "General And Administrative Expense": 4736000.0,
        "Other Gand A": 4736000.0,
        "Gross Profit": 19906000.0,
        "Cost Of Revenue": 1767000.0,
        "Total Revenue": 21673000.0,
        "Operating Revenue": 21673000.0
    },
    "2024-03-31": {
        "Tax Effect Of Unusual Items": -171.145686,
        "Tax Rate For Calcs": 0.000236,
        "Normalized EBITDA": -1053000.0,
        "Total Unusual Items": -726000.0,
        "Total Unusual Items Excluding Goodwill": -726000.0,
        "Net Income From Continuing Operation Net Minority Interest": -4241000.0,
        "Reconciled Depreciation": 578000.0,
        "Reconciled Cost Of Revenue": 1570000.0,
        "EBITDA": -1779000.0,
        "EBIT": -2357000.0,
        "Net Interest Income": -1733000.0,
        "Interest Expense": 1885000.0,
        "Interest Income": 152000.0,
        "Normalized Income": -3515171.145686,
        "Net Income From Continuing And Discontinued Operation": -4241000.0,
        "Total Expenses": 25002000.0,
        "Diluted Average Shares": 40077000.0,
        "Basic Average Shares": 40077000.0,
        "Diluted EPS": -0.11,
        "Basic EPS": -0.11,
        "Diluted NI Availto Com Stockholders": -4241000.0,
        "Net Income Common Stockholders": -4241000.0,
        "Net Income": -4241000.0,
        "Net Income Including Noncontrolling Interests": -4241000.0,
        "Net Income Continuous Operations": -4241000.0,
        "Earnings From Equity Interest Net Of Tax": NaN,
        "Tax Provision": -1000.0,
        "Pretax Income": -4242000.0,
        "Other Income Expense": -726000.0,
        "Other Non Operating Income Expenses": NaN,
        "Special Income Charges": -726000.0,
        "Other Special Charges": 726000.0,
        "Net Non Operating Interest Income Expense": -1733000.0,
        "Interest Expense Non Operating": 1885000.0,
        "Interest Income Non Operating": 152000.0,
        "Operating Income": -1783000.0,
        "Operating Expense": 23432000.0,
        "Other Operating Expenses": 2960000.0,
        "Depreciation Amortization Depletion Income Statement": 578000.0,
        "Depreciation And Amortization In Income Statement": 578000.0,
        "Selling General And Administration": 19894000.0,
        "Selling And Marketing Expense": 15655000.0,
        "General And Administrative Expense": 4239000.0,
        "Other Gand A": 4239000.0,
        "Gross Profit": 21649000.0,
        "Cost Of Revenue": 1570000.0,
        "Total Revenue": 23219000.0,
        "Operating Revenue": 23219000.0
    },
    "2024-06-30": {
        "Tax Effect Of Unusual Items": 0.0,
        "Tax Rate For Calcs": 0.21,
        "Normalized EBITDA": 8000.0,
        "Total Unusual Items": 0.0,
        "Total Unusual Items Excluding Goodwill": 0.0,
        "Net Income From Continuing Operation Net Minority Interest": -2251000.0,
        "Reconciled Depreciation": 580000.0,
        "Reconciled Cost Of Revenue": 1158000.0,
        "EBITDA": 8000.0,
        "EBIT": -572000.0,
        "Net Interest Income": -1522000.0,
        "Interest Expense": 1597000.0,
        "Interest Income": 75000.0,
        "Normalized Income": -2251000.0,
        "Net Income From Continuing And Discontinued Operation": -2251000.0,
        "Total Expenses": 19298000.0,
        "Diluted Average Shares": 40914000.0,
        "Basic Average Shares": 40914000.0,
        "Diluted EPS": -0.06,
        "Basic EPS": -0.06,
        "Diluted NI Availto Com Stockholders": -2251000.0,
        "Net Income Common Stockholders": -2251000.0,
        "Net Income": -2251000.0,
        "Net Income Including Noncontrolling Interests": -2251000.0,
        "Net Income Continuous Operations": -2251000.0,
        "Earnings From Equity Interest Net Of Tax": 0.0,
        "Tax Provision": 82000.0,
        "Pretax Income": -2169000.0,
        "Other Income Expense": NaN,
        "Other Non Operating Income Expenses": NaN,
        "Special Income Charges": 0.0,
        "Other Special Charges": NaN,
        "Net Non Operating Interest Income Expense": -1522000.0,
        "Interest Expense Non Operating": 1597000.0,
        "Interest Income Non Operating": 75000.0,
        "Operating Income": -647000.0,
        "Operating Expense": 18140000.0,
        "Other Operating Expenses": 2714000.0,
        "Depreciation Amortization Depletion Income Statement": 580000.0,
        "Depreciation And Amortization In Income Statement": 580000.0,
        "Selling General And Administration": 14846000.0,
        "Selling And Marketing Expense": 11037000.0,
        "General And Administrative Expense": 3809000.0,
        "Other Gand A": 3809000.0,
        "Gross Profit": 17493000.0,
        "Cost Of Revenue": 1158000.0,
        "Total Revenue": 18651000.0,
        "Operating Revenue": 18651000.0
    },
    "2024-09-30": {
        "Tax Effect Of Unusual Items": 0.0,
        "Tax Rate For Calcs": 0.0,
        "Normalized EBITDA": -3728000.0,
        "Total Unusual Items": -454000.0,
        "Total Unusual Items Excluding Goodwill": -454000.0,
        "Net Income From Continuing Operation Net Minority Interest": -6262000.0,
        "Reconciled Depreciation": 583000.0,
        "Reconciled Cost Of Revenue": 1146000.0,
        "EBITDA": -4182000.0,
        "EBIT": -4765000.0,
        "Net Interest Income": -1392000.0,
        "Interest Expense": 1497000.0,
        "Interest Income": 105000.0,
        "Normalized Income": -5808000.0,
        "Net Income From Continuing And Discontinued Operation": -6262000.0,
        "Total Expenses": 17620000.0,
        "Diluted Average Shares": 47780000.0,
        "Basic Average Shares": 47780000.0,
        "Diluted EPS": -0.13,
        "Basic EPS": -0.13,
        "Diluted NI Availto Com Stockholders": -6262000.0,
        "Net Income Common Stockholders": -6262000.0,
        "Net Income": -6262000.0,
        "Net Income Including Noncontrolling Interests": -6262000.0,
        "Net Income Continuous Operations": -6262000.0,
        "Earnings From Equity Interest Net Of Tax": 0.0,
        "Tax Provision": 0.0,
        "Pretax Income": -6262000.0,
        "Other Income Expense": -454000.0,
        "Other Non Operating Income Expenses": NaN,
        "Special Income Charges": -454000.0,
        "Other Special Charges": 454000.0,
        "Net Non Operating Interest Income Expense": -1392000.0,
        "Interest Expense Non Operating": 1497000.0,
        "Interest Income Non Operating": 105000.0,
        "Operating Income": -4416000.0,
        "Operating Expense": 16474000.0,
        "Other Operating Expenses": 2798000.0,
        "Depreciation Amortization Depletion Income Statement": 583000.0,
        "Depreciation And Amortization In Income Statement": 583000.0,
        "Selling General And Administration": 13093000.0,
        "Selling And Marketing Expense": 8862000.0,
        "General And Administrative Expense": 4231000.0,
        "Other Gand A": 4231000.0,
        "Gross Profit": 12058000.0,
        "Cost Of Revenue": 1146000.0,
        "Total Revenue": 13204000.0,
        "Operating Revenue": 13204000.0
    }
}