{
    "2023-06-30": {
        "Tax Effect Of Unusual Items": NaN,
        "Tax Rate For Calcs": NaN,
        "Normalized EBITDA": NaN,
        "Net Income From Continuing Operation Net Minority Interest": NaN,
        "Reconciled Depreciation": NaN,
        "Reconciled Cost Of Revenue": NaN,
        "EBITDA": NaN,
        "EBIT": NaN,
        "Net Interest Income": NaN,
        "Interest Income": NaN,
        "Normalized Income": NaN,
        "Net Income From Continuing And Discontinued Operation": NaN,
        "Total Expenses": NaN,
        "Total Operating Income As Reported": NaN,
        "Diluted Average Shares": NaN,
        "Basic Average Shares": NaN,
        "Diluted EPS": NaN,
        "Basic EPS": NaN,
        "Diluted NI Availto Com Stockholders": NaN,
        "Net Income Common Stockholders": NaN,
        "Net Income": NaN,
        "Net Income Including Noncontrolling Interests": NaN,
        "Net Income Continuous Operations": NaN,
        "Tax Provision": NaN,
        "Pretax Income": NaN,
        "Other Income Expense": NaN,
        "Other Non Operating Income Expenses": NaN,
        "Net Non Operating Interest Income Expense": NaN,
        "Total Other Finance Cost": -620000.0,
        "Interest Income Non Operating": NaN,
        "Operating Income": NaN,
        "Operating Expense": NaN,
        "Depreciation Amortization Depletion Income Statement": NaN,
        "Depreciation And Amortization In Income Statement": NaN,
        "Selling General And Administration": NaN,
        "Selling And Marketing Expense": NaN,
        "General And Administrative Expense": NaN,
        "Other Gand A": NaN,
        "Gross Profit": NaN,
        "Cost Of Revenue": NaN,
        "Total Revenue": NaN,
        "Operating Revenue": NaN
    },
    "2023-03-31": {
        "Tax Effect Of Unusual Items": NaN,
        "Tax Rate For Calcs": NaN,
        "Normalized EBITDA": NaN,
        "Net Income From Continuing Operation Net Minority Interest": NaN,
        "Reconciled Depreciation": NaN,
        "Reconciled Cost Of Revenue": NaN,
        "EBITDA": NaN,
        "EBIT": NaN,
        "Net Interest Income": NaN,
        "Interest Income": NaN,
        "Normalized Income": NaN,
        "Net Income From Continuing And Discontinued Operation": NaN,
        "Total Expenses": NaN,
        "Total Operating Income As Reported": NaN,
        "Diluted Average Shares": NaN,
        "Basic Average Shares": NaN,
        "Diluted EPS": NaN,
        "Basic EPS": NaN,
        "Diluted NI Availto Com Stockholders": NaN,
        "Net Income Common Stockholders": NaN,
        "Net Income": NaN,
        "Net Income Including Noncontrolling Interests": NaN,
        "Net Income Continuous Operations": NaN,
        "Tax Provision": NaN,
        "Pretax Income": NaN,
        "Other Income Expense": NaN,
        "Other Non Operating Income Expenses": NaN,
        "Net Non Operating Interest Income Expense": NaN,
        "Total Other Finance Cost": NaN,
        "Interest Income Non Operating": NaN,
        "Operating Income": NaN,
        "Operating Expense": NaN,
        "Depreciation Amortization Depletion Income Statement": NaN,
        "Depreciation And Amortization In Income Statement": NaN,
        "Depreciation Income Statement": 994000.0,
        "Selling General And Administration": NaN,
        "Selling And Marketing Expense": NaN,
        "General And Administrative Expense": NaN,
        "Other Gand A": NaN,
        "Gross Profit": NaN,
        "Cost Of Revenue": NaN,
        "Total Revenue": NaN,
        "Operating Revenue": NaN
    },
    "2022-12-31": {
        "Tax Effect Of Unusual Items": NaN,
        "Tax Rate For Calcs": NaN,
        "Normalized EBITDA": NaN,
        "Net Income From Continuing Operation Net Minority Interest": NaN,
        "Reconciled Depreciation": NaN,
        "Reconciled Cost Of Revenue": NaN,
        "EBITDA": NaN,
        "EBIT": NaN,
        "Net Interest Income": NaN,
        "Interest Income": NaN,
        "Normalized Income": NaN,
        "Net Income From Continuing And Discontinued Operation": NaN,
        "Total Expenses": NaN,
        "Total Operating Income As Reported": NaN,
        "Diluted Average Shares": NaN,
        "Basic Average Shares": NaN,
        "Diluted EPS": NaN,
        "Basic EPS": NaN,
        "Diluted NI Availto Com Stockholders": NaN,
        "Net Income Common Stockholders": NaN,
        "Net Income": NaN,
        "Net Income Including Noncontrolling Interests": NaN,
        "Net Income Continuous Operations": NaN,
        "Tax Provision": NaN,
        "Pretax Income": NaN,
        "Other Income Expense": NaN,
        "Other Non Operating Income Expenses": NaN,
        "Net Non Operating Interest Income Expense": NaN,
        "Total Other Finance Cost": NaN,
        "Interest Income Non Operating": NaN,
        "Operating Income": NaN,
        "Operating Expense": NaN,
        "Depreciation Amortization Depletion Income Statement": NaN,
        "Depreciation And Amortization In Income Statement": NaN,
        "Depreciation Income Statement": 941000.0,
        "Selling General And Administration": NaN,
        "Selling And Marketing Expense": NaN,
        "General And Administrative Expense": NaN,
        "Other Gand A": NaN,
        "Gross Profit": NaN,
        "Cost Of Revenue": NaN,
        "Total Revenue": NaN,
        "Operating Revenue": NaN
    },
    "2022-09-30": {
        "Tax Effect Of Unusual Items": NaN,
        "Tax Rate For Calcs": NaN,
        "Normalized EBITDA": NaN,
        "Net Income From Continuing Operation Net Minority Interest": NaN,
        "Reconciled Depreciation": NaN,
        "Reconciled Cost Of Revenue": NaN,
        "EBITDA": NaN,
        "EBIT": NaN,
        "Net Interest Income": NaN,
        "Interest Income": NaN,
        "Normalized Income": NaN,
        "Net Income From Continuing And Discontinued Operation": NaN,
        "Total Expenses": NaN,
        "Total Operating Income As Reported": NaN,
        "Diluted Average Shares": NaN,
        "Basic Average Shares": NaN,
        "Diluted EPS": NaN,
        "Basic EPS": NaN,
        "Diluted NI Availto Com Stockholders": NaN,
        "Net Income Common Stockholders": NaN,
        "Net Income": NaN,
        "Net Income Including Noncontrolling Interests": NaN,
        "Net Income Continuous Operations": NaN,
        "Tax Provision": NaN,
        "Pretax Income": NaN,
        "Other Income Expense": NaN,
        "Other Non Operating Income Expenses": NaN,
        "Net Non Operating Interest Income Expense": NaN,
        "Total Other Finance Cost": NaN,
        "Interest Income Non Operating": NaN,
        "Operating Income": NaN,
        "Operating Expense": NaN,
        "Depreciation Amortization Depletion Income Statement": NaN,
        "Depreciation And Amortization In Income Statement": NaN,
        "Depreciation Income Statement": 858000.0,
        "Selling General And Administration": NaN,
        "Selling And Marketing Expense": NaN,
        "General And Administrative Expense": NaN,
        "Other Gand A": NaN,
        "Gross Profit": NaN,
        "Cost Of Revenue": NaN,
        "Total Revenue": NaN,
        "Operating Revenue": NaN
    },
    "2022-06-30": {
        "Tax Effect Of Unusual Items": 0.0,
        "Tax Rate For Calcs": 0.270696,
        "Normalized EBITDA": 4243000.0,
        "Net Income From Continuing Operation Net Minority Interest": 2775000.0,
        "Reconciled Depreciation": 753000.0,
        "Reconciled Cost Of Revenue": 50244000.0,
        "EBITDA": 4243000.0,
        "EBIT": 3490000.0,
        "Net Interest Income": 117000.0,
        "Interest Income": 117000.0,
        "Normalized Income": 2775000.0,
        "Net Income From Continuing And Discontinued Operation": 2775000.0,
        "Total Expenses": 66697000.0,
        "Total Operating Income As Reported": 3490000.0,
        "Diluted Average Shares": 20291000.0,
        "Basic Average Shares": 20208000.0,
        "Diluted EPS": 0.14,
        "Basic EPS": 0.14,
        "Diluted NI Availto Com Stockholders": 2775000.0,
        "Net Income Common Stockholders": 2775000.0,
        "Net Income": 2775000.0,
        "Net Income Including Noncontrolling Interests": 2775000.0,
        "Net Income Continuous Operations": 2775000.0,
        "Tax Provision": 1030000.0,
        "Pretax Income": 3805000.0,
        "Other Income Expense": 198000.0,
        "Other Non Operating Income Expenses": 198000.0,
        "Net Non Operating Interest Income Expense": 117000.0,
        "Interest Income Non Operating": 117000.0,
        "Operating Income": 3490000.0,
        "Operating Expense": 16453000.0,
        "Depreciation Amortization Depletion Income Statement": 753000.0,
        "Depreciation And Amortization In Income Statement": 753000.0,
        "Depreciation Income Statement": 753000.0,
        "Selling General And Administration": 15700000.0,
        "Selling And Marketing Expense": 6349000.0,
        "General And Administrative Expense": 9351000.0,
        "Other Gand A": 9351000.0,
        "Gross Profit": 19943000.0,
        "Cost Of Revenue": 50244000.0,
        "Total Revenue": 70187000.0,
        "Operating Revenue": 70187000.0
    },
    "2022-03-31": {
        "Diluted EPS": 0.3,
        "Total Revenue": 66,
        "Gross Profit": 19,
        "Operating Income": 7,
        "EBIT": 8,
        "Net Income": 6
    },
    "2021-12-31": {
        "Diluted EPS": 0.21,
        "Total Revenue": 61,
        "Gross Profit": 18,
        "Operating Income": 5,
        "EBIT": 6,
        "Net Income": 4
    },
    "2021-09-30": {
        "Diluted EPS": 0.31,
        "Total Revenue": 67,
        "Gross Profit": 19,
        "Operating Income": 8,
        "EBIT": 9,
        "Net Income": 6
    },
    "2021-06-30": {
        "Diluted EPS": 0.22,
        "Total Revenue": 79,
        "Gross Profit": 22,
        "Operating Income": 5,
        "EBIT": 6,
        "Net Income": 4
    },
    "2021-03-31": {
        "Diluted EPS": 0.33,
        "Total Revenue": 72,
        "Gross Profit": 21,
        "Operating Income": 8,
        "EBIT": 9,
        "Net Income": 7
    },
    "2020-12-31": {
        "Diluted EPS": 0.38,
        "Total Revenue": 66,
        "Gross Profit": 20,
        "Operating Income": 9,
        "EBIT": 10,
        "Net Income": 8
    },
    "2020-09-30": {
        "Diluted EPS": 0.42,
        "Total Revenue": 75,
        "Gross Profit": 23,
        "Operating Income": 10,
        "EBIT": 11,
        "Net Income": 8
    },
    "2020-06-30": {
        "Diluted EPS": 0.39,
        "Total Revenue": 96,
        "Gross Profit": 27,
        "Operating Income": 9,
        "EBIT": 10,
        "Net Income": 8
    },
    "2020-03-31": {
        "Diluted EPS": 0.36,
        "Total Revenue": 74,
        "Gross Profit": 22,
        "Operating Income": 9,
        "EBIT": 9,
        "Net Income": 7
    },
    "2019-12-31": {
        "Diluted EPS": 0.34,
        "Total Revenue": 60,
        "Gross Profit": 18,
        "Operating Income": 8,
        "EBIT": 8,
        "Net Income": 7
    },
    "2019-09-30": {
        "Diluted EPS": 0.33,
        "Total Revenue": 70,
        "Gross Profit": 20,
        "Operating Income": 8,
        "EBIT": 9,
        "Net Income": 7
    },
    "2019-06-30": {
        "Diluted EPS": 0.26,
        "Total Revenue": 80,
        "Gross Profit": 22,
        "Operating Income": 6,
        "EBIT": 7,
        "Net Income": 5
    },
    "2019-03-31": {
        "Diluted EPS": 0.32,
        "Total Revenue": 65,
        "Gross Profit": 21,
        "Operating Income": 8,
        "EBIT": 8,
        "Net Income": 7
    },
    "2018-12-31": {
        "Diluted EPS": 0.38,
        "Total Revenue": 60,
        "Gross Profit": 19,
        "Operating Income": 9,
        "EBIT": 10,
        "Net Income": 8
    },
    "2018-09-30": {
        "Diluted EPS": 0.52,
        "Total Revenue": 71,
        "Gross Profit": 25,
        "Operating Income": 13,
        "EBIT": 14,
        "Net Income": 11
    },
    "2018-06-30": {
        "Diluted EPS": 0.62,
        "Total Revenue": 87,
        "Gross Profit": 30,
        "Operating Income": 16,
        "EBIT": 16,
        "Net Income": 13
    },
    "2018-03-31": {
        "Diluted EPS": 0.5,
        "Total Revenue": 67,
        "Gross Profit": 25,
        "Operating Income": 14,
        "EBIT": 15,
        "Net Income": 10
    },
    "2017-12-31": {
        "Diluted EPS": 0.44,
        "Total Revenue": 60,
        "Gross Profit": 22,
        "Operating Income": 11,
        "EBIT": 12,
        "Net Income": 9
    },
    "2017-09-30": {
        "Diluted EPS": 0.43,
        "Total Revenue": 67,
        "Gross Profit": 23,
        "Operating Income": 12,
        "EBIT": 13,
        "Net Income": 9
    },
    "2017-06-30": {
        "Diluted EPS": 0.45,
        "Total Revenue": 80,
        "Gross Profit": 27,
        "Operating Income": 14,
        "EBIT": 15,
        "Net Income": 9
    },
    "2017-03-31": {
        "Diluted EPS": 0.37,
        "Total Revenue": 63,
        "Gross Profit": 22,
        "Operating Income": 12,
        "EBIT": 12,
        "Net Income": 8
    },
    "2016-12-31": {
        "Diluted EPS": 0.24,
        "Total Revenue": 53,
        "Gross Profit": 17,
        "Operating Income": 8,
        "EBIT": 8,
        "Net Income": 5
    },
    "2016-09-30": {
        "Diluted EPS": 0.24,
        "Total Revenue": 61,
        "Gross Profit": 18,
        "Operating Income": 8,
        "EBIT": 8,
        "Net Income": 5
    },
    "2016-06-30": {
        "Diluted EPS": 0.32,
        "Total Revenue": 72,
        "Gross Profit": 22,
        "Operating Income": 10,
        "EBIT": 11,
        "Net Income": 7
    },
    "2016-03-31": {
        "Diluted EPS": 0.27,
        "Total Revenue": 55,
        "Gross Profit": 18,
        "Operating Income": 9,
        "EBIT": 9,
        "Net Income": 5
    },
    "2015-12-31": {
        "Diluted EPS": 0.24,
        "Total Revenue": 51,
        "Gross Profit": 17,
        "Operating Income": 8,
        "EBIT": 8,
        "Net Income": 5
    },
    "2015-09-30": {
        "Diluted EPS": 0.22,
        "Total Revenue": 57,
        "Gross Profit": 19,
        "Operating Income": 7,
        "EBIT": 7,
        "Net Income": 5
    },
    "2015-06-30": {
        "Diluted EPS": 0.29,
        "Total Revenue": 72,
        "Gross Profit": 23,
        "Operating Income": 9,
        "EBIT": 9,
        "Net Income": 6
    },
    "2015-03-31": {
        "Diluted EPS": 0.24,
        "Total Revenue": 50,
        "Gross Profit": 17,
        "Operating Income": 8,
        "EBIT": 8,
        "Net Income": 5
    },
    "2014-12-31": {
        "Diluted EPS": 0.24,
        "Total Revenue": 49,
        "Gross Profit": 17,
        "Operating Income": 8,
        "EBIT": 8,
        "Net Income": 5
    },
    "2014-09-30": {
        "Diluted EPS": 0.14,
        "Total Revenue": 58,
        "Gross Profit": 18,
        "Operating Income": 4,
        "EBIT": 4,
        "Net Income": 3
    },
    "2014-06-30": {
        "Diluted EPS": 0.25,
        "Total Revenue": 73,
        "Gross Profit": 24,
        "Operating Income": 8,
        "EBIT": 8,
        "Net Income": 5
    },
    "2014-03-31": {
        "Diluted EPS": 0.22,
        "Total Revenue": 49,
        "Gross Profit": 17,
        "Operating Income": 7,
        "EBIT": 7,
        "Net Income": 5
    },
    "2013-12-31": {
        "Diluted EPS": 0.23,
        "Total Revenue": 50,
        "Gross Profit": 17,
        "Operating Income": 7,
        "EBIT": 7,
        "Net Income": 5
    },
    "2013-09-30": {
        "Diluted EPS": 0.21,
        "Total Revenue": 60,
        "Gross Profit": 19,
        "Operating Income": 7,
        "EBIT": 7,
        "Net Income": 4
    },
    "2013-06-30": {
        "Diluted EPS": 0.24,
        "Total Revenue": 74,
        "Gross Profit": 24,
        "Operating Income": 7,
        "EBIT": 8,
        "Net Income": 5
    },
    "2013-03-31": {
        "Diluted EPS": 0.23,
        "Total Revenue": 51,
        "Gross Profit": 18,
        "Operating Income": 7,
        "EBIT": 8,
        "Net Income": 5
    },
    "2012-12-31": {
        "Diluted EPS": 0.23,
        "Total Revenue": 50,
        "Gross Profit": 17,
        "Operating Income": 7,
        "EBIT": 7,
        "Net Income": 5
    },
    "2012-09-30": {
        "Diluted EPS": 0.2,
        "Total Revenue": 58,
        "Gross Profit": 19,
        "Operating Income": 6,
        "EBIT": 7,
        "Net Income": 4
    },
    "2012-06-30": {
        "Diluted EPS": 0.2,
        "Total Revenue": 69,
        "Gross Profit": 22,
        "Operating Income": 6,
        "EBIT": 7,
        "Net Income": 4
    },
    "2012-03-31": {
        "Diluted EPS": 0.2,
        "Total Revenue": 56,
        "Gross Profit": 19,
        "Operating Income": 6,
        "EBIT": 7,
        "Net Income": 4
    },
    "2011-12-31": {
        "Diluted EPS": 0.19,
        "Total Revenue": 51,
        "Gross Profit": 17,
        "Operating Income": 6,
        "EBIT": 6,
        "Net Income": 4
    },
    "2011-09-30": {
        "Diluted EPS": 0.19,
        "Total Revenue": 58,
        "Gross Profit": 20,
        "Operating Income": 6,
        "EBIT": 6,
        "Net Income": 4
    },
    "2011-06-30": {
        "Diluted EPS": 0.22,
        "Total Revenue": 74,
        "Gross Profit": 24,
        "Operating Income": 8,
        "EBIT": 8,
        "Net Income": 5
    },
    "2011-03-31": {
        "Diluted EPS": 0.18,
        "Total Revenue": 51,
        "Gross Profit": 17,
        "Operating Income": 6,
        "EBIT": 7,
        "Net Income": 4
    },
    "2010-12-31": {
        "Diluted EPS": 0.2,
        "Total Revenue": 45,
        "Gross Profit": 17,
        "Operating Income": 7,
        "EBIT": 7,
        "Net Income": 5
    },
    "2010-09-30": {
        "Diluted EPS": 0.22,
        "Total Revenue": 61,
        "Gross Profit": 22,
        "Operating Income": 8,
        "EBIT": 8,
        "Net Income": 5
    },
    "2010-06-30": {
        "Diluted EPS": 0.32,
        "Total Revenue": 74,
        "Gross Profit": 27,
        "Operating Income": 12,
        "EBIT": 12,
        "Net Income": 7
    },
    "2010-03-31": {
        "Diluted EPS": 0.25,
        "Total Revenue": 50,
        "Gross Profit": 20,
        "Operating Income": 10,
        "EBIT": 10,
        "Net Income": 6
    },
    "2009-12-31": {
        "Diluted EPS": 0.25,
        "Total Revenue": 48,
        "Gross Profit": 19,
        "Operating Income": 8,
        "EBIT": 9,
        "Net Income": 6
    },
    "2009-09-30": {
        "Diluted EPS": 0.28,
        "Total Revenue": 62,
        "Gross Profit": 24,
        "Operating Income": 10,
        "EBIT": 10,
        "Net Income": 6
    },
    "2009-06-30": {
        "Diluted EPS": 0.36,
        "Total Revenue": 77,
        "Gross Profit": 29,
        "Operating Income": 13,
        "EBIT": 13,
        "Net Income": 8
    },
    "2009-03-31": {
        "Diluted EPS": 0.24,
        "Total Revenue": 48,
        "Gross Profit": 19,
        "Operating Income": 9,
        "EBIT": 9,
        "Net Income": 6
    },
    "2023-09-30": {
        "Tax Effect Of Unusual Items": NaN,
        "Tax Rate For Calcs": NaN,
        "Normalized EBITDA": NaN,
        "Net Income From Continuing Operation Net Minority Interest": NaN,
        "Reconciled Depreciation": NaN,
        "Reconciled Cost Of Revenue": NaN,
        "EBITDA": NaN,
        "EBIT": NaN,
        "Net Interest Income": NaN,
        "Interest Income": 151000.0,
        "Normalized Income": NaN,
        "Net Income From Continuing And Discontinued Operation": NaN,
        "Total Expenses": NaN,
        "Total Operating Income As Reported": NaN,
        "Diluted Average Shares": 20382979.0,
        "Basic Average Shares": 20382979.0,
        "Diluted EPS": -0.003434,
        "Basic EPS": -0.003434,
        "Diluted NI Availto Com Stockholders": NaN,
        "Net Income Common Stockholders": NaN,
        "Net Income": NaN,
        "Net Income Including Noncontrolling Interests": NaN,
        "Net Income Continuous Operations": NaN,
        "Tax Provision": NaN,
        "Pretax Income": NaN,
        "Other Income Expense": NaN,
        "Other Non Operating Income Expenses": NaN,
        "Net Non Operating Interest Income Expense": NaN,
        "Interest Income Non Operating": 151000.0,
        "Operating Income": NaN,
        "Operating Expense": NaN,
        "Depreciation Amortization Depletion Income Statement": NaN,
        "Depreciation And Amortization In Income Statement": NaN,
        "Selling General And Administration": NaN,
        "Selling And Marketing Expense": NaN,
        "General And Administrative Expense": NaN,
        "Other Gand A": NaN,
        "Gross Profit": NaN,
        "Cost Of Revenue": NaN,
        "Total Revenue": NaN,
        "Operating Revenue": NaN
    },
    "2023-12-31": {
        "Tax Effect Of Unusual Items": 0.0,
        "Tax Rate For Calcs": 0.233648,
        "Normalized EBITDA": -1304000.0,
        "Net Income From Continuing Operation Net Minority Interest": -2027000.0,
        "Reconciled Depreciation": 1770000.0,
        "Reconciled Cost Of Revenue": 47434000.0,
        "EBITDA": -1304000.0,
        "EBIT": -3074000.0,
        "Net Interest Income": 136000.0,
        "Interest Income": 136000.0,
        "Normalized Income": -2027000.0,
        "Net Income From Continuing And Discontinued Operation": -2027000.0,
        "Total Expenses": 68391000.0,
        "Total Operating Income As Reported": -3074000.0,
        "Diluted Average Shares": 20425282.0,
        "Basic Average Shares": 20425282.0,
        "Diluted EPS": -0.1,
        "Basic EPS": -0.1,
        "Diluted NI Availto Com Stockholders": -2027000.0,
        "Net Income Common Stockholders": -2027000.0,
        "Net Income": -2027000.0,
        "Net Income Including Noncontrolling Interests": -2027000.0,
        "Net Income Continuous Operations": -2027000.0,
        "Tax Provision": -618000.0,
        "Pretax Income": -2645000.0,
        "Other Income Expense": 293000.0,
        "Other Non Operating Income Expenses": 293000.0,
        "Net Non Operating Interest Income Expense": 136000.0,
        "Interest Income Non Operating": 136000.0,
        "Operating Income": -3074000.0,
        "Operating Expense": 20957000.0,
        "Depreciation Amortization Depletion Income Statement": 1770000.0,
        "Depreciation And Amortization In Income Statement": 1770000.0,
        "Selling General And Administration": 19187000.0,
        "Selling And Marketing Expense": 5762000.0,
        "General And Administrative Expense": 13425000.0,
        "Other Gand A": 13425000.0,
        "Gross Profit": 17883000.0,
        "Cost Of Revenue": 47434000.0,
        "Total Revenue": 65317000.0,
        "Operating Revenue": 65317000.0
    },
    "2024-03-31": {
        "Tax Effect Of Unusual Items": 0.0,
        "Tax Rate For Calcs": 0.21,
        "Normalized EBITDA": -1940000.0,
        "Net Income From Continuing Operation Net Minority Interest": -5016000.0,
        "Reconciled Depreciation": 1895000.0,
        "Reconciled Cost Of Revenue": 48327000.0,
        "EBITDA": -1940000.0,
        "EBIT": -3835000.0,
        "Net Interest Income": 30000.0,
        "Interest Income": NaN,
        "Normalized Income": -5016000.0,
        "Net Income From Continuing And Discontinued Operation": -5016000.0,
        "Total Expenses": 70339000.0,
        "Total Operating Income As Reported": -3835000.0,
        "Diluted Average Shares": 20443052.0,
        "Basic Average Shares": NaN,
        "Diluted EPS": NaN,
        "Basic EPS": -0.25,
        "Diluted NI Availto Com Stockholders": -5016000.0,
        "Net Income Common Stockholders": -5016000.0,
        "Net Income": -5016000.0,
        "Net Income Including Noncontrolling Interests": -5016000.0,
        "Net Income Continuous Operations": -5016000.0,
        "Tax Provision": 1536000.0,
        "Pretax Income": -3480000.0,
        "Other Income Expense": 325000.0,
        "Other Non Operating Income Expenses": 325000.0,
        "Net Non Operating Interest Income Expense": 30000.0,
        "Interest Income Non Operating": NaN,
        "Operating Income": -3835000.0,
        "Operating Expense": 22012000.0,
        "Depreciation Amortization Depletion Income Statement": 1895000.0,
        "Depreciation And Amortization In Income Statement": 1895000.0,
        "Selling General And Administration": 20117000.0,
        "Selling And Marketing Expense": 5969000.0,
        "General And Administrative Expense": 14148000.0,
        "Other Gand A": 14148000.0,
        "Gross Profit": 18177000.0,
        "Cost Of Revenue": 48327000.0,
        "Total Revenue": 66504000.0,
        "Operating Revenue": 66504000.0
    },
    "2024-06-30": {
        "Tax Effect Of Unusual Items": 0.0,
        "Tax Rate For Calcs": 0.203311,
        "Normalized EBITDA": 6107000.0,
        "Net Income From Continuing Operation Net Minority Interest": 3754000.0,
        "Reconciled Depreciation": 1721000.0,
        "Reconciled Cost Of Revenue": 49981000.0,
        "EBITDA": 6107000.0,
        "EBIT": 4386000.0,
        "Net Interest Income": 95000.0,
        "Interest Income": 95000.0,
        "Normalized Income": 3754000.0,
        "Net Income From Continuing And Discontinued Operation": 3754000.0,
        "Total Expenses": 63566000.0,
        "Total Operating Income As Reported": 4386000.0,
        "Diluted Average Shares": 20941505.0,
        "Basic Average Shares": 20513281.0,
        "Diluted EPS": 0.18,
        "Basic EPS": 0.18,
        "Diluted NI Availto Com Stockholders": 3754000.0,
        "Net Income Common Stockholders": 3754000.0,
        "Net Income": 3754000.0,
        "Net Income Including Noncontrolling Interests": 3754000.0,
        "Net Income Continuous Operations": 3754000.0,
        "Tax Provision": 958000.0,
        "Pretax Income": 4712000.0,
        "Other Income Expense": 231000.0,
        "Other Non Operating Income Expenses": 231000.0,
        "Net Non Operating Interest Income Expense": 95000.0,
        "Interest Income Non Operating": 95000.0,
        "Operating Income": 4386000.0,
        "Operating Expense": 13585000.0,
        "Depreciation Amortization Depletion Income Statement": 1721000.0,
        "Depreciation And Amortization In Income Statement": 1721000.0,
        "Selling General And Administration": 11864000.0,
        "Selling And Marketing Expense": 6990000.0,
        "General And Administrative Expense": 4874000.0,
        "Other Gand A": 4874000.0,
        "Gross Profit": 17971000.0,
        "Cost Of Revenue": 49981000.0,
        "Total Revenue": 67952000.0,
        "Operating Revenue": 67952000.0
    },
    "2024-09-30": {
        "Tax Effect Of Unusual Items": 0.0,
        "Tax Rate For Calcs": 0.21,
        "Normalized EBITDA": 2212000.0,
        "Net Income From Continuing Operation Net Minority Interest": 2326000.0,
        "Reconciled Depreciation": 1658000.0,
        "Reconciled Cost Of Revenue": 42259000.0,
        "EBITDA": 2212000.0,
        "EBIT": 554000.0,
        "Net Interest Income": 185000.0,
        "Interest Income": 185000.0,
        "Normalized Income": 2326000.0,
        "Net Income From Continuing And Discontinued Operation": 2326000.0,
        "Total Expenses": 59016000.0,
        "Total Operating Income As Reported": 554000.0,
        "Diluted Average Shares": 20938817.0,
        "Basic Average Shares": 20597807.0,
        "Diluted EPS": 0.11,
        "Basic EPS": 0.11,
        "Diluted NI Availto Com Stockholders": 2326000.0,
        "Net Income Common Stockholders": 2326000.0,
        "Net Income": 2326000.0,
        "Net Income Including Noncontrolling Interests": 2326000.0,
        "Net Income Continuous Operations": 2326000.0,
        "Tax Provision": -1401000.0,
        "Pretax Income": 925000.0,
        "Other Income Expense": 186000.0,
        "Other Non Operating Income Expenses": 186000.0,
        "Net Non Operating Interest Income Expense": 185000.0,
        "Interest Income Non Operating": 185000.0,
        "Operating Income": 554000.0,
        "Operating Expense": 16757000.0,
        "Depreciation Amortization Depletion Income Statement": 1658000.0,
        "Depreciation And Amortization In Income Statement": 1658000.0,
        "Selling General And Administration": 15099000.0,
        "Selling And Marketing Expense": 4606000.0,
        "General And Administrative Expense": 10493000.0,
        "Other Gand A": 10493000.0,
        "Gross Profit": 17311000.0,
        "Cost Of Revenue": 42259000.0,
        "Total Revenue": 59570000.0,
        "Operating Revenue": 59570000.0
    },
    "2024-12-31": {
        "Tax Effect Of Unusual Items": 0.0,
        "Tax Rate For Calcs": 0.21,
        "Normalized EBITDA": 1136000.0,
        "Net Income From Continuing Operation Net Minority Interest": -707000.0,
        "Reconciled Depreciation": 1586000.0,
        "Reconciled Cost Of Revenue": 38075000.0,
        "EBITDA": 1136000.0,
        "EBIT": -450000.0,
        "Net Interest Income": 28000.0,
        "Interest Income": 28000.0,
        "Normalized Income": -707000.0,
        "Net Income From Continuing And Discontinued Operation": -707000.0,
        "Total Expenses": 53434000.0,
        "Total Operating Income As Reported": -450000.0,
        "Diluted Average Shares": 20634651.0,
        "Basic Average Shares": 20634651.0,
        "Diluted EPS": -0.03,
        "Basic EPS": -0.03,
        "Diluted NI Availto Com Stockholders": -707000.0,
        "Net Income Common Stockholders": -707000.0,
        "Net Income": -707000.0,
        "Net Income Including Noncontrolling Interests": -707000.0,
        "Net Income Continuous Operations": -707000.0,
        "Tax Provision": 465000.0,
        "Pretax Income": -242000.0,
        "Other Income Expense": 180000.0,
        "Other Non Operating Income Expenses": 180000.0,
        "Net Non Operating Interest Income Expense": 28000.0,
        "Interest Income Non Operating": 28000.0,
        "Operating Income": -450000.0,
        "Operating Expense": 15359000.0,
        "Depreciation Amortization Depletion Income Statement": 1586000.0,
        "Depreciation And Amortization In Income Statement": 1586000.0,
        "Selling General And Administration": 13773000.0,
        "Selling And Marketing Expense": 2987000.0,
        "General And Administrative Expense": 10786000.0,
        "Other Gand A": 10786000.0,
        "Gross Profit": 14909000.0,
        "Cost Of Revenue": 38075000.0,
        "Total Revenue": 52984000.0,
        "Operating Revenue": 52984000.0
    }
}