{
    "2023-06-30": {
        "Tax Effect Of Unusual Items": NaN,
        "Tax Rate For Calcs": NaN,
        "Total Unusual Items": NaN,
        "Total Unusual Items Excluding Goodwill": NaN,
        "Net Income From Continuing Operation Net Minority Interest": NaN,
        "Reconciled Depreciation": NaN,
        "Net Interest Income": NaN,
        "Interest Expense": NaN,
        "Interest Income": NaN,
        "Normalized Income": NaN,
        "Net Income From Continuing And Discontinued Operation": NaN,
        "Diluted Average Shares": NaN,
        "Basic Average Shares": NaN,
        "Diluted EPS": NaN,
        "Basic EPS": NaN,
        "Diluted NI Availto Com Stockholders": NaN,
        "Net Income Common Stockholders": NaN,
        "Net Income": NaN,
        "Net Income Including Noncontrolling Interests": NaN,
        "Net Income Continuous Operations": NaN,
        "Tax Provision": NaN,
        "Pretax Income": NaN,
        "Special Income Charges": NaN,
        "Other Special Charges": 467000.0,
        "Restructuring And Mergern Acquisition": NaN,
        "Gain On Sale Of Security": NaN,
        "Depreciation Amortization Depletion Income Statement": 28000.0,
        "Depreciation And Amortization In Income Statement": 28000.0,
        "Amortization": 28000.0,
        "Amortization Of Intangibles Income Statement": 28000.0,
        "Selling General And Administration": NaN,
        "General And Administrative Expense": NaN,
        "Insurance And Claims": NaN,
        "Salaries And Wages": NaN,
        "Total Revenue": NaN,
        "Operating Revenue": NaN,
        "Occupancy And Equipment": NaN,
        "Professional Expense And Contract Services Expense": NaN,
        "Other Non Interest Expense": NaN
    },
    "2023-03-31": {
        "Tax Effect Of Unusual Items": NaN,
        "Tax Rate For Calcs": NaN,
        "Total Unusual Items": NaN,
        "Total Unusual Items Excluding Goodwill": NaN,
        "Net Income From Continuing Operation Net Minority Interest": NaN,
        "Reconciled Depreciation": NaN,
        "Net Interest Income": NaN,
        "Interest Expense": NaN,
        "Interest Income": NaN,
        "Normalized Income": NaN,
        "Net Income From Continuing And Discontinued Operation": NaN,
        "Diluted Average Shares": NaN,
        "Basic Average Shares": NaN,
        "Diluted EPS": NaN,
        "Basic EPS": NaN,
        "Diluted NI Availto Com Stockholders": NaN,
        "Net Income Common Stockholders": NaN,
        "Net Income": NaN,
        "Net Income Including Noncontrolling Interests": NaN,
        "Net Income Continuous Operations": NaN,
        "Tax Provision": NaN,
        "Pretax Income": NaN,
        "Special Income Charges": NaN,
        "Other Special Charges": 397000.0,
        "Restructuring And Mergern Acquisition": NaN,
        "Gain On Sale Of Security": NaN,
        "Depreciation Amortization Depletion Income Statement": 29000.0,
        "Depreciation And Amortization In Income Statement": 29000.0,
        "Amortization": 29000.0,
        "Amortization Of Intangibles Income Statement": 29000.0,
        "Selling General And Administration": NaN,
        "General And Administrative Expense": NaN,
        "Insurance And Claims": NaN,
        "Salaries And Wages": NaN,
        "Total Revenue": NaN,
        "Operating Revenue": NaN,
        "Occupancy And Equipment": NaN,
        "Professional Expense And Contract Services Expense": NaN,
        "Other Non Interest Expense": NaN
    },
    "2022-12-31": {
        "Tax Effect Of Unusual Items": NaN,
        "Tax Rate For Calcs": NaN,
        "Total Unusual Items": NaN,
        "Total Unusual Items Excluding Goodwill": NaN,
        "Net Income From Continuing Operation Net Minority Interest": NaN,
        "Reconciled Depreciation": NaN,
        "Net Interest Income": NaN,
        "Interest Expense": NaN,
        "Interest Income": NaN,
        "Normalized Income": NaN,
        "Net Income From Continuing And Discontinued Operation": NaN,
        "Diluted Average Shares": NaN,
        "Basic Average Shares": NaN,
        "Diluted EPS": NaN,
        "Basic EPS": NaN,
        "Diluted NI Availto Com Stockholders": NaN,
        "Net Income Common Stockholders": NaN,
        "Net Income": NaN,
        "Net Income Including Noncontrolling Interests": NaN,
        "Net Income Continuous Operations": NaN,
        "Tax Provision": NaN,
        "Pretax Income": NaN,
        "Special Income Charges": NaN,
        "Other Special Charges": 343000.0,
        "Restructuring And Mergern Acquisition": NaN,
        "Gain On Sale Of Security": NaN,
        "Depreciation Amortization Depletion Income Statement": 74000.0,
        "Depreciation And Amortization In Income Statement": 74000.0,
        "Amortization": 74000.0,
        "Amortization Of Intangibles Income Statement": 74000.0,
        "Selling General And Administration": NaN,
        "General And Administrative Expense": NaN,
        "Insurance And Claims": NaN,
        "Salaries And Wages": NaN,
        "Total Revenue": NaN,
        "Operating Revenue": NaN,
        "Occupancy And Equipment": NaN,
        "Professional Expense And Contract Services Expense": NaN,
        "Other Non Interest Expense": NaN
    },
    "2022-09-30": {
        "Tax Effect Of Unusual Items": 0.0,
        "Tax Rate For Calcs": 0.164459,
        "Total Unusual Items": 0.0,
        "Total Unusual Items Excluding Goodwill": 0.0,
        "Net Income From Continuing Operation Net Minority Interest": 9968000.0,
        "Reconciled Depreciation": 96000.0,
        "Net Interest Income": 24998000.0,
        "Interest Expense": 4232000.0,
        "Interest Income": 29230000.0,
        "Normalized Income": 9968000.0,
        "Net Income From Continuing And Discontinued Operation": 9968000.0,
        "Diluted Average Shares": 7213147.0,
        "Basic Average Shares": 7169809.0,
        "Diluted EPS": 1.38,
        "Basic EPS": 1.39,
        "Diluted NI Availto Com Stockholders": 9968000.0,
        "Net Income Common Stockholders": 9968000.0,
        "Net Income": 9968000.0,
        "Net Income Including Noncontrolling Interests": 9968000.0,
        "Net Income Continuous Operations": 9968000.0,
        "Tax Provision": 1962000.0,
        "Pretax Income": 11930000.0,
        "Special Income Charges": 0.0,
        "Gain On Sale Of Business": 0.0,
        "Other Special Charges": 373000.0,
        "Restructuring And Mergern Acquisition": NaN,
        "Gain On Sale Of Security": 112000.0,
        "Depreciation Amortization Depletion Income Statement": 96000.0,
        "Depreciation And Amortization In Income Statement": 96000.0,
        "Amortization": 96000.0,
        "Amortization Of Intangibles Income Statement": 96000.0,
        "Selling General And Administration": 8474000.0,
        "General And Administrative Expense": 8474000.0,
        "Insurance And Claims": 324000.0,
        "Salaries And Wages": 8474000.0,
        "Total Revenue": 28315000.0,
        "Operating Revenue": 28315000.0
    },
    "2022-06-30": {
        "Tax Effect Of Unusual Items": 3200.0,
        "Tax Rate For Calcs": 0.16,
        "Total Unusual Items": 20000.0,
        "Total Unusual Items Excluding Goodwill": 20000.0,
        "Net Income From Continuing Operation Net Minority Interest": 9353000.0,
        "Reconciled Depreciation": 97000.0,
        "Net Interest Income": 23705000.0,
        "Interest Expense": 2185000.0,
        "Interest Income": 25890000.0,
        "Normalized Income": 9336200.0,
        "Net Income From Continuing And Discontinued Operation": 9353000.0,
        "Diluted Average Shares": 7215365.0,
        "Basic Average Shares": 7171909.0,
        "Diluted EPS": 1.3,
        "Basic EPS": 1.3,
        "Diluted NI Availto Com Stockholders": 9353000.0,
        "Net Income Common Stockholders": 9353000.0,
        "Net Income": 9353000.0,
        "Net Income Including Noncontrolling Interests": 9353000.0,
        "Net Income Continuous Operations": 9353000.0,
        "Tax Provision": 1792000.0,
        "Pretax Income": 11145000.0,
        "Special Income Charges": -331000.0,
        "Gain On Sale Of Business": NaN,
        "Other Special Charges": 331000.0,
        "Gain On Sale Of Security": 261000.0,
        "Depreciation Amortization Depletion Income Statement": 97000.0,
        "Depreciation And Amortization In Income Statement": 97000.0,
        "Amortization": 97000.0,
        "Amortization Of Intangibles Income Statement": 97000.0,
        "Selling General And Administration": 7851000.0,
        "General And Administrative Expense": 7851000.0,
        "Insurance And Claims": 319000.0,
        "Salaries And Wages": 7851000.0,
        "Total Revenue": 27608000.0,
        "Operating Revenue": 27608000.0
    },
    "2022-03-31": {
        "Diluted EPS": 1.33,
        "Total Revenue": 28,
        "Gross Profit": 26,
        "Operating Income": 11,
        "EBIT": NaN,
        "Net Income": 10
    },
    "2021-12-31": {
        "Diluted EPS": 2.27,
        "Total Revenue": 39,
        "Gross Profit": 37,
        "Operating Income": 20,
        "EBIT": NaN,
        "Net Income": 16
    },
    "2021-09-30": {
        "Diluted EPS": 1.26,
        "Total Revenue": 28,
        "Gross Profit": 25,
        "Operating Income": 11,
        "EBIT": NaN,
        "Net Income": 9
    },
    "2021-06-30": {
        "Diluted EPS": 1.18,
        "Total Revenue": 26,
        "Gross Profit": 24,
        "Operating Income": 10,
        "EBIT": NaN,
        "Net Income": 9
    },
    "2021-03-31": {
        "Diluted EPS": 1.31,
        "Total Revenue": 27,
        "Gross Profit": 24,
        "Operating Income": 12,
        "EBIT": NaN,
        "Net Income": 9
    },
    "2020-12-31": {
        "Diluted EPS": 1.12,
        "Total Revenue": 28,
        "Gross Profit": 25,
        "Operating Income": 9,
        "EBIT": NaN,
        "Net Income": 8
    },
    "2020-09-30": {
        "Diluted EPS": 1.14,
        "Total Revenue": 28,
        "Gross Profit": 25,
        "Operating Income": 10,
        "EBIT": NaN,
        "Net Income": 8
    },
    "2020-06-30": {
        "Diluted EPS": 1.03,
        "Total Revenue": 27,
        "Gross Profit": 24,
        "Operating Income": 9,
        "EBIT": NaN,
        "Net Income": 8
    },
    "2020-03-31": {
        "Diluted EPS": 0.71,
        "Total Revenue": 27,
        "Gross Profit": 23,
        "Operating Income": 6,
        "EBIT": NaN,
        "Net Income": 5
    },
    "2019-12-31": {
        "Diluted EPS": 0.68,
        "Total Revenue": 27,
        "Gross Profit": 23,
        "Operating Income": 5,
        "EBIT": NaN,
        "Net Income": 5
    },
    "2019-09-30": {
        "Diluted EPS": 0.96,
        "Total Revenue": 27,
        "Gross Profit": 23,
        "Operating Income": 8,
        "EBIT": NaN,
        "Net Income": 7
    },
    "2019-06-30": {
        "Diluted EPS": 0.96,
        "Total Revenue": 27,
        "Gross Profit": 23,
        "Operating Income": 8,
        "EBIT": NaN,
        "Net Income": 7
    },
    "2019-03-31": {
        "Diluted EPS": 0.87,
        "Total Revenue": 26,
        "Gross Profit": 22,
        "Operating Income": 7,
        "EBIT": NaN,
        "Net Income": 6
    },
    "2018-12-31": {
        "Diluted EPS": 0.86,
        "Total Revenue": 26,
        "Gross Profit": 22,
        "Operating Income": 7,
        "EBIT": NaN,
        "Net Income": 6
    },
    "2018-09-30": {
        "Diluted EPS": 0.91,
        "Total Revenue": 25,
        "Gross Profit": 21,
        "Operating Income": 8,
        "EBIT": NaN,
        "Net Income": 7
    },
    "2018-06-30": {
        "Diluted EPS": 0.81,
        "Total Revenue": 24,
        "Gross Profit": 21,
        "Operating Income": 7,
        "EBIT": NaN,
        "Net Income": 6
    },
    "2018-03-31": {
        "Diluted EPS": 0.79,
        "Total Revenue": 24,
        "Gross Profit": 21,
        "Operating Income": 7,
        "EBIT": NaN,
        "Net Income": 6
    },
    "2017-12-31": {
        "Diluted EPS": 0.37,
        "Total Revenue": 23,
        "Gross Profit": 20,
        "Operating Income": 7,
        "EBIT": NaN,
        "Net Income": 3
    },
    "2017-09-30": {
        "Diluted EPS": 0.72,
        "Total Revenue": 22,
        "Gross Profit": 20,
        "Operating Income": 7,
        "EBIT": NaN,
        "Net Income": 5
    },
    "2017-06-30": {
        "Diluted EPS": 0.76,
        "Total Revenue": 25,
        "Gross Profit": 23,
        "Operating Income": 7,
        "EBIT": NaN,
        "Net Income": 6
    },
    "2017-03-31": {
        "Diluted EPS": 0.65,
        "Total Revenue": 22,
        "Gross Profit": 20,
        "Operating Income": 6,
        "EBIT": NaN,
        "Net Income": 5
    },
    "2016-12-31": {
        "Diluted EPS": 0.64,
        "Total Revenue": 22,
        "Gross Profit": 20,
        "Operating Income": 6,
        "EBIT": NaN,
        "Net Income": 5
    },
    "2016-09-30": {
        "Diluted EPS": 0.69,
        "Total Revenue": 22,
        "Gross Profit": 20,
        "Operating Income": 7,
        "EBIT": NaN,
        "Net Income": 5
    },
    "2016-06-30": {
        "Diluted EPS": 0.66,
        "Total Revenue": 21,
        "Gross Profit": 19,
        "Operating Income": 6,
        "EBIT": NaN,
        "Net Income": 5
    },
    "2016-03-31": {
        "Diluted EPS": 0.66,
        "Total Revenue": 21,
        "Gross Profit": 19,
        "Operating Income": 6,
        "EBIT": NaN,
        "Net Income": 5
    },
    "2015-12-31": {
        "Diluted EPS": 0.52,
        "Total Revenue": 20,
        "Gross Profit": 18,
        "Operating Income": 5,
        "EBIT": NaN,
        "Net Income": 4
    },
    "2015-09-30": {
        "Diluted EPS": 0.58,
        "Total Revenue": 20,
        "Gross Profit": 18,
        "Operating Income": 6,
        "EBIT": NaN,
        "Net Income": 4
    },
    "2015-06-30": {
        "Diluted EPS": 0.59,
        "Total Revenue": 19,
        "Gross Profit": 18,
        "Operating Income": 6,
        "EBIT": NaN,
        "Net Income": 4
    },
    "2015-03-31": {
        "Diluted EPS": 0.67,
        "Total Revenue": 20,
        "Gross Profit": 18,
        "Operating Income": 7,
        "EBIT": NaN,
        "Net Income": 5
    },
    "2014-12-31": {
        "Diluted EPS": 0.58,
        "Total Revenue": 19,
        "Gross Profit": 18,
        "Operating Income": 6,
        "EBIT": NaN,
        "Net Income": 4
    },
    "2014-09-30": {
        "Diluted EPS": 0.7,
        "Total Revenue": 21,
        "Gross Profit": 19,
        "Operating Income": 7,
        "EBIT": NaN,
        "Net Income": 5
    },
    "2014-06-30": {
        "Diluted EPS": 0.44,
        "Total Revenue": 19,
        "Gross Profit": 18,
        "Operating Income": 5,
        "EBIT": NaN,
        "Net Income": 3
    },
    "2014-03-31": {
        "Diluted EPS": 0.62,
        "Total Revenue": 20,
        "Gross Profit": 18,
        "Operating Income": 7,
        "EBIT": NaN,
        "Net Income": 5
    },
    "2013-12-31": {
        "Diluted EPS": -0.55,
        "Total Revenue": 14,
        "Gross Profit": 13,
        "Operating Income": 1,
        "EBIT": NaN,
        "Net Income": -2
    },
    "2013-09-30": {
        "Diluted EPS": 0.56,
        "Total Revenue": 12,
        "Gross Profit": 11,
        "Operating Income": 3,
        "EBIT": NaN,
        "Net Income": 2
    },
    "2013-06-30": {
        "Diluted EPS": 0.64,
        "Total Revenue": 12,
        "Gross Profit": 11,
        "Operating Income": 3,
        "EBIT": NaN,
        "Net Income": 3
    },
    "2013-03-31": {
        "Diluted EPS": 0.56,
        "Total Revenue": 12,
        "Gross Profit": 11,
        "Operating Income": 3,
        "EBIT": NaN,
        "Net Income": 3
    },
    "2012-12-31": {
        "Diluted EPS": 0.14,
        "Total Revenue": 24,
        "Gross Profit": 23,
        "Operating Income": 6,
        "EBIT": NaN,
        "Net Income": 4
    },
    "2012-09-30": {
        "Diluted EPS": 0.72,
        "Total Revenue": 8,
        "Gross Profit": 7,
        "Operating Income": 3,
        "EBIT": NaN,
        "Net Income": 2
    },
    "2012-06-30": {
        "Diluted EPS": 0.73,
        "Total Revenue": 8,
        "Gross Profit": 7,
        "Operating Income": 3,
        "EBIT": NaN,
        "Net Income": 2
    },
    "2012-03-31": {
        "Diluted EPS": 0.78,
        "Total Revenue": 8,
        "Gross Profit": 7,
        "Operating Income": 3,
        "EBIT": NaN,
        "Net Income": 2
    },
    "2011-12-31": {
        "Diluted EPS": 0.44,
        "Total Revenue": 27,
        "Gross Profit": 24,
        "Operating Income": 6,
        "EBIT": NaN,
        "Net Income": 5
    },
    "2011-09-30": {
        "Diluted EPS": 0.6,
        "Total Revenue": 8,
        "Gross Profit": 6,
        "Operating Income": 2,
        "EBIT": NaN,
        "Net Income": 2
    },
    "2011-06-30": {
        "Diluted EPS": 0.75,
        "Total Revenue": 9,
        "Gross Profit": 8,
        "Operating Income": 3,
        "EBIT": NaN,
        "Net Income": 2
    },
    "2011-03-31": {
        "Diluted EPS": 0.57,
        "Total Revenue": 7,
        "Gross Profit": 6,
        "Operating Income": 2,
        "EBIT": NaN,
        "Net Income": 2
    },
    "2010-12-31": {
        "Diluted EPS": 0.0,
        "Total Revenue": NaN,
        "Gross Profit": NaN,
        "Operating Income": NaN,
        "EBIT": NaN,
        "Net Income": NaN
    },
    "2010-09-30": {
        "Diluted EPS": 0.45,
        "Total Revenue": 7,
        "Gross Profit": 6,
        "Operating Income": 2,
        "EBIT": NaN,
        "Net Income": 1
    },
    "2010-06-30": {
        "Diluted EPS": 0.48,
        "Total Revenue": 8,
        "Gross Profit": 6,
        "Operating Income": 2,
        "EBIT": NaN,
        "Net Income": 2
    },
    "2009-12-31": {
        "Diluted EPS": 0.0,
        "Total Revenue": NaN,
        "Gross Profit": NaN,
        "Operating Income": NaN,
        "EBIT": NaN,
        "Net Income": NaN
    },
    "2023-09-30": {
        "Tax Effect Of Unusual Items": NaN,
        "Tax Rate For Calcs": NaN,
        "Total Unusual Items": NaN,
        "Total Unusual Items Excluding Goodwill": NaN,
        "Net Income From Continuing Operation Net Minority Interest": NaN,
        "Reconciled Depreciation": NaN,
        "Net Interest Income": NaN,
        "Interest Expense": NaN,
        "Interest Income": NaN,
        "Normalized Income": NaN,
        "Net Income From Continuing And Discontinued Operation": NaN,
        "Diluted Average Shares": 7120685.0,
        "Basic Average Shares": 7088745.0,
        "Diluted EPS": 0.95,
        "Basic EPS": 0.95,
        "Diluted NI Availto Com Stockholders": NaN,
        "Net Income Common Stockholders": NaN,
        "Net Income": NaN,
        "Net Income Including Noncontrolling Interests": NaN,
        "Net Income Continuous Operations": NaN,
        "Tax Provision": NaN,
        "Pretax Income": NaN,
        "Special Income Charges": NaN,
        "Other Special Charges": 389000.0,
        "Restructuring And Mergern Acquisition": NaN,
        "Gain On Sale Of Security": NaN,
        "Depreciation Amortization Depletion Income Statement": 29000.0,
        "Depreciation And Amortization In Income Statement": 29000.0,
        "Amortization": 29000.0,
        "Amortization Of Intangibles Income Statement": 29000.0,
        "Selling General And Administration": NaN,
        "General And Administrative Expense": NaN,
        "Insurance And Claims": NaN,
        "Salaries And Wages": NaN,
        "Total Revenue": NaN,
        "Operating Revenue": NaN,
        "Occupancy And Equipment": NaN,
        "Professional Expense And Contract Services Expense": NaN,
        "Other Non Interest Expense": NaN
    },
    "2023-12-31": {
        "Tax Effect Of Unusual Items": -114977.946407,
        "Tax Rate For Calcs": 0.139198,
        "Total Unusual Items": -826000.0,
        "Total Unusual Items Excluding Goodwill": -826000.0,
        "Net Income From Continuing Operation Net Minority Interest": 3630000.0,
        "Reconciled Depreciation": 906000.0,
        "Net Interest Income": 20269000.0,
        "Interest Expense": 19803000.0,
        "Interest Income": 40072000.0,
        "Normalized Income": 4341022.053593,
        "Net Income From Continuing And Discontinued Operation": 3630000.0,
        "Diluted Average Shares": 7091015.0,
        "Basic Average Shares": 7040852.0,
        "Diluted EPS": 0.51,
        "Basic EPS": 0.52,
        "Diluted NI Availto Com Stockholders": 3630000.0,
        "Net Income Common Stockholders": 3630000.0,
        "Net Income": 3630000.0,
        "Net Income Including Noncontrolling Interests": 3630000.0,
        "Net Income Continuous Operations": 3630000.0,
        "Tax Provision": 587000.0,
        "Pretax Income": 4217000.0,
        "Special Income Charges": -826000.0,
        "Other Special Charges": 365000.0,
        "Restructuring And Mergern Acquisition": 826000.0,
        "Gain On Sale Of Security": -116000.0,
        "Depreciation Amortization Depletion Income Statement": 19000.0,
        "Depreciation And Amortization In Income Statement": 19000.0,
        "Amortization": 19000.0,
        "Amortization Of Intangibles Income Statement": 19000.0,
        "Selling General And Administration": 9505000.0,
        "General And Administrative Expense": 9505000.0,
        "Insurance And Claims": 566000.0,
        "Salaries And Wages": 8939000.0,
        "Total Revenue": 23484000.0,
        "Operating Revenue": 23484000.0,
        "Occupancy And Equipment": 4468000.0,
        "Professional Expense And Contract Services Expense": 850000.0,
        "Other Non Interest Expense": 1930000.0
    },
    "2024-03-31": {
        "Tax Effect Of Unusual Items": -58806.0,
        "Tax Rate For Calcs": 0.121,
        "Total Unusual Items": -486000.0,
        "Total Unusual Items Excluding Goodwill": -486000.0,
        "Net Income From Continuing Operation Net Minority Interest": 3466000.0,
        "Reconciled Depreciation": 889000.0,
        "Net Interest Income": 19316000.0,
        "Interest Expense": 19679000.0,
        "Interest Income": 38995000.0,
        "Normalized Income": 3893194.0,
        "Net Income From Continuing And Discontinued Operation": 3466000.0,
        "Diluted Average Shares": 7102112.0,
        "Basic Average Shares": 7052912.0,
        "Diluted EPS": 0.49,
        "Basic EPS": 0.49,
        "Diluted NI Availto Com Stockholders": 3466000.0,
        "Net Income Common Stockholders": 3466000.0,
        "Net Income": 3466000.0,
        "Net Income Including Noncontrolling Interests": 3466000.0,
        "Net Income Continuous Operations": 3466000.0,
        "Tax Provision": 478000.0,
        "Pretax Income": 3944000.0,
        "Special Income Charges": -486000.0,
        "Other Special Charges": NaN,
        "Restructuring And Mergern Acquisition": 486000.0,
        "Gain On Sale Of Security": -32000.0,
        "Depreciation Amortization Depletion Income Statement": NaN,
        "Depreciation And Amortization In Income Statement": NaN,
        "Amortization": NaN,
        "Amortization Of Intangibles Income Statement": NaN,
        "Selling General And Administration": 9433000.0,
        "General And Administrative Expense": 9433000.0,
        "Insurance And Claims": 594000.0,
        "Salaries And Wages": 8839000.0,
        "Total Revenue": 22720000.0,
        "Operating Revenue": 22720000.0,
        "Occupancy And Equipment": 4725000.0,
        "Professional Expense And Contract Services Expense": 688000.0,
        "Other Non Interest Expense": 2736000.0
    },
    "2024-06-30": {
        "Tax Effect Of Unusual Items": -122094.0,
        "Tax Rate For Calcs": 0.114,
        "Total Unusual Items": -1071000.0,
        "Total Unusual Items Excluding Goodwill": -1071000.0,
        "Net Income From Continuing Operation Net Minority Interest": 3282000.0,
        "Reconciled Depreciation": 868000.0,
        "Net Interest Income": 18914000.0,
        "Interest Expense": 19460000.0,
        "Interest Income": 38374000.0,
        "Normalized Income": 4230906.0,
        "Net Income From Continuing And Discontinued Operation": 3282000.0,
        "Diluted Average Shares": 7114115.0,
        "Basic Average Shares": 7057258.0,
        "Diluted EPS": 0.46,
        "Basic EPS": 0.47,
        "Diluted NI Availto Com Stockholders": 3282000.0,
        "Net Income Common Stockholders": 3282000.0,
        "Net Income": 3282000.0,
        "Net Income Including Noncontrolling Interests": 3282000.0,
        "Net Income Continuous Operations": 3282000.0,
        "Tax Provision": 421000.0,
        "Pretax Income": 3703000.0,
        "Special Income Charges": -1071000.0,
        "Other Special Charges": NaN,
        "Restructuring And Mergern Acquisition": 1071000.0,
        "Gain On Sale Of Security": 90000.0,
        "Depreciation Amortization Depletion Income Statement": NaN,
        "Depreciation And Amortization In Income Statement": NaN,
        "Amortization": NaN,
        "Amortization Of Intangibles Income Statement": NaN,
        "Selling General And Administration": 8954000.0,
        "General And Administrative Expense": 8954000.0,
        "Insurance And Claims": 504000.0,
        "Salaries And Wages": 8450000.0,
        "Total Revenue": 22457000.0,
        "Operating Revenue": 22457000.0,
        "Occupancy And Equipment": 4576000.0,
        "Professional Expense And Contract Services Expense": 779000.0,
        "Other Non Interest Expense": 2778000.0
    },
    "2024-09-30": {
        "Tax Effect Of Unusual Items": -1274196.0,
        "Tax Rate For Calcs": 0.132,
        "Total Unusual Items": -9653000.0,
        "Total Unusual Items Excluding Goodwill": -9653000.0,
        "Net Income From Continuing Operation Net Minority Interest": -4337000.0,
        "Reconciled Depreciation": 3085000.0,
        "Net Interest Income": 39189000.0,
        "Interest Expense": 29040000.0,
        "Interest Income": 68229000.0,
        "Normalized Income": 4041804.0,
        "Net Income From Continuing And Discontinued Operation": -4337000.0,
        "Diluted Average Shares": 10044449.0,
        "Basic Average Shares": 9987627.0,
        "Diluted EPS": -0.43,
        "Basic EPS": -0.43,
        "Diluted NI Availto Com Stockholders": -4337000.0,
        "Net Income Common Stockholders": -4337000.0,
        "Net Income": -4337000.0,
        "Net Income Including Noncontrolling Interests": -4337000.0,
        "Net Income Continuous Operations": -4337000.0,
        "Tax Provision": -657000.0,
        "Pretax Income": -4994000.0,
        "Special Income Charges": -9653000.0,
        "Other Special Charges": NaN,
        "Restructuring And Mergern Acquisition": 9653000.0,
        "Gain On Sale Of Security": 123000.0,
        "Depreciation Amortization Depletion Income Statement": 1665000.0,
        "Depreciation And Amortization In Income Statement": 1665000.0,
        "Amortization": 1665000.0,
        "Amortization Of Intangibles Income Statement": 1665000.0,
        "Selling General And Administration": 13979000.0,
        "General And Administrative Expense": 13979000.0,
        "Insurance And Claims": 809000.0,
        "Salaries And Wages": 13170000.0,
        "Total Revenue": 44966000.0,
        "Operating Revenue": 44966000.0,
        "Occupancy And Equipment": 6436000.0,
        "Professional Expense And Contract Services Expense": 1017000.0,
        "Other Non Interest Expense": 2752000.0
    },
    "2024-12-31": {
        "Tax Effect Of Unusual Items": -1047900.0,
        "Tax Rate For Calcs": 0.21,
        "Total Unusual Items": -4990000.0,
        "Total Unusual Items Excluding Goodwill": -4990000.0,
        "Net Income From Continuing Operation Net Minority Interest": 6087000.0,
        "Reconciled Depreciation": 2394000.0,
        "Net Interest Income": 38481000.0,
        "Interest Expense": 27292000.0,
        "Interest Income": 65773000.0,
        "Normalized Income": 10029100.0,
        "Net Income From Continuing And Discontinued Operation": 6087000.0,
        "Diluted Average Shares": NaN,
        "Basic Average Shares": NaN,
        "Diluted EPS": NaN,
        "Basic EPS": NaN,
        "Diluted NI Availto Com Stockholders": 6087000.0,
        "Net Income Common Stockholders": 6087000.0,
        "Net Income": 6087000.0,
        "Net Income Including Noncontrolling Interests": 6087000.0,
        "Net Income Continuous Operations": 6087000.0,
        "Tax Provision": -272000.0,
        "Pretax Income": 5815000.0,
        "Special Income Charges": -4990000.0,
        "Other Special Charges": NaN,
        "Restructuring And Mergern Acquisition": 4990000.0,
        "Gain On Sale Of Security": 237000.0,
        "Depreciation Amortization Depletion Income Statement": 1702000.0,
        "Depreciation And Amortization In Income Statement": 1702000.0,
        "Amortization": 1702000.0,
        "Amortization Of Intangibles Income Statement": 1702000.0,
        "Selling General And Administration": 16538000.0,
        "General And Administrative Expense": 16538000.0,
        "Insurance And Claims": 1251000.0,
        "Salaries And Wages": 15287000.0,
        "Total Revenue": 44182000.0,
        "Operating Revenue": 44182000.0,
        "Occupancy And Equipment": 6551000.0,
        "Professional Expense And Contract Services Expense": 787000.0,
        "Other Non Interest Expense": 4430000.0
    }
}