{
    "2023-06-30": {
        "Tax Effect Of Unusual Items": -522421.103293,
        "Tax Rate For Calcs": 0.266541,
        "Total Unusual Items": -1960000.0,
        "Total Unusual Items Excluding Goodwill": -1960000.0,
        "Net Income From Continuing Operation Net Minority Interest": 32003000.0,
        "Reconciled Depreciation": 5538000.0,
        "Net Interest Income": 99106000.0,
        "Interest Expense": 50790000.0,
        "Interest Income": 149896000.0,
        "Normalized Income": 33440578.896707,
        "Net Income From Continuing And Discontinued Operation": 32003000.0,
        "Diluted Average Shares": NaN,
        "Basic Average Shares": NaN,
        "Diluted EPS": NaN,
        "Basic EPS": NaN,
        "Diluted NI Availto Com Stockholders": 32003000.0,
        "Net Income Common Stockholders": 32003000.0,
        "Net Income": 32003000.0,
        "Net Income Including Noncontrolling Interests": 32003000.0,
        "Net Income Continuous Operations": 32003000.0,
        "Tax Provision": 11630000.0,
        "Pretax Income": 43633000.0,
        "Special Income Charges": -1960000.0,
        "Restructuring And Mergern Acquisition": 1960000.0,
        "Gain On Sale Of Security": 29000.0,
        "Depreciation Amortization Depletion Income Statement": 749000.0,
        "Depreciation And Amortization In Income Statement": 749000.0,
        "Amortization": 749000.0,
        "Amortization Of Intangibles Income Statement": 749000.0,
        "Selling General And Administration": 38787000.0,
        "Selling And Marketing Expense": 1379000.0,
        "General And Administrative Expense": 37408000.0,
        "Insurance And Claims": 2125000.0,
        "Salaries And Wages": 35283000.0,
        "Total Revenue": 118493000.0,
        "Operating Revenue": 118493000.0,
        "Occupancy And Equipment": 7949000.0,
        "Other Non Interest Expense": 15665000.0
    },
    "2023-03-31": {
        "Tax Effect Of Unusual Items": -289300.0,
        "Tax Rate For Calcs": 0.263,
        "Total Unusual Items": -1100000.0,
        "Total Unusual Items Excluding Goodwill": -1100000.0,
        "Net Income From Continuing Operation Net Minority Interest": 40536000.0,
        "Reconciled Depreciation": 5672000.0,
        "Net Interest Income": 108324000.0,
        "Interest Expense": 35232000.0,
        "Interest Income": 143556000.0,
        "Normalized Income": 41346700.0,
        "Net Income From Continuing And Discontinued Operation": 40536000.0,
        "Diluted Average Shares": 74702527.0,
        "Basic Average Shares": 74645336.0,
        "Diluted EPS": 0.54,
        "Basic EPS": 0.54,
        "Diluted NI Availto Com Stockholders": 40536000.0,
        "Net Income Common Stockholders": 40536000.0,
        "Net Income": 40536000.0,
        "Net Income Including Noncontrolling Interests": 40536000.0,
        "Net Income Continuous Operations": 40536000.0,
        "Tax Provision": 14454000.0,
        "Pretax Income": 54990000.0,
        "Special Income Charges": -1100000.0,
        "Restructuring And Mergern Acquisition": 1100000.0,
        "Gain On Sale Of Security": -5000.0,
        "Depreciation Amortization Depletion Income Statement": 762000.0,
        "Depreciation And Amortization In Income Statement": 762000.0,
        "Amortization": 762000.0,
        "Amortization Of Intangibles Income Statement": 762000.0,
        "Selling General And Administration": 41906000.0,
        "Selling And Marketing Expense": 1232000.0,
        "General And Administrative Expense": 40674000.0,
        "Insurance And Claims": 1937000.0,
        "Salaries And Wages": 38737000.0,
        "Total Revenue": 130476000.0,
        "Operating Revenue": 130476000.0,
        "Occupancy And Equipment": 8410000.0,
        "Other Non Interest Expense": 16568000.0
    },
    "2022-12-31": {
        "Tax Effect Of Unusual Items": 0.0,
        "Tax Rate For Calcs": 0.271061,
        "Total Unusual Items": NaN,
        "Total Unusual Items Excluding Goodwill": NaN,
        "Net Income From Continuing Operation Net Minority Interest": 49035000.0,
        "Reconciled Depreciation": 5842000.0,
        "Net Interest Income": 114061000.0,
        "Interest Expense": 23114000.0,
        "Interest Income": 137175000.0,
        "Normalized Income": 49035000.0,
        "Net Income From Continuing And Discontinued Operation": 49035000.0,
        "Diluted Average Shares": 74443511.0,
        "Basic Average Shares": 74380933.0,
        "Diluted EPS": 0.66,
        "Basic EPS": 0.66,
        "Diluted NI Availto Com Stockholders": 49035000.0,
        "Net Income Common Stockholders": 49035000.0,
        "Net Income": 49035000.0,
        "Net Income Including Noncontrolling Interests": 49035000.0,
        "Net Income Continuous Operations": 49035000.0,
        "Tax Provision": 18234000.0,
        "Pretax Income": 67269000.0,
        "Special Income Charges": NaN,
        "Restructuring And Mergern Acquisition": NaN,
        "Gain On Sale Of Security": 27000.0,
        "Depreciation Amortization Depletion Income Statement": 781000.0,
        "Depreciation And Amortization In Income Statement": 781000.0,
        "Amortization": 781000.0,
        "Amortization Of Intangibles Income Statement": 781000.0,
        "Selling General And Administration": 37360000.0,
        "Selling And Marketing Expense": 1499000.0,
        "General And Administrative Expense": 35861000.0,
        "Insurance And Claims": 1240000.0,
        "Salaries And Wages": 34621000.0,
        "Total Revenue": 132327000.0,
        "Operating Revenue": 132327000.0
    },
    "2022-09-30": {
        "Tax Effect Of Unusual Items": 0.0,
        "Tax Rate For Calcs": 0.277,
        "Total Unusual Items": NaN,
        "Total Unusual Items Excluding Goodwill": NaN,
        "Net Income From Continuing Operation Net Minority Interest": 43421000.0,
        "Reconciled Depreciation": 779000.0,
        "Net Interest Income": 109489000.0,
        "Interest Expense": 12242000.0,
        "Interest Income": 121731000.0,
        "Normalized Income": 43421000.0,
        "Net Income From Continuing And Discontinued Operation": 43421000.0,
        "Diluted Average Shares": 74393380.0,
        "Basic Average Shares": 74297237.0,
        "Diluted EPS": 0.58,
        "Basic EPS": 0.58,
        "Diluted NI Availto Com Stockholders": 43421000.0,
        "Net Income Common Stockholders": 43421000.0,
        "Net Income": 43421000.0,
        "Net Income Including Noncontrolling Interests": 43421000.0,
        "Net Income Continuous Operations": 43421000.0,
        "Tax Provision": 16657000.0,
        "Pretax Income": 60078000.0,
        "Special Income Charges": NaN,
        "Restructuring And Mergern Acquisition": NaN,
        "Gain On Sale Of Security": -3000.0,
        "Depreciation Amortization Depletion Income Statement": 779000.0,
        "Depreciation And Amortization In Income Statement": 779000.0,
        "Amortization": 779000.0,
        "Amortization Of Intangibles Income Statement": 779000.0,
        "Selling General And Administration": 40845000.0,
        "Selling And Marketing Expense": 1366000.0,
        "General And Administrative Expense": 39479000.0,
        "Other Gand A": 5599000.0,
        "Insurance And Claims": 1400000.0,
        "Salaries And Wages": 38079000.0,
        "Total Revenue": 137934000.0,
        "Operating Revenue": 137934000.0
    },
    "2022-06-30": {
        "Tax Effect Of Unusual Items": 0.0,
        "Tax Rate For Calcs": 0.268,
        "Total Unusual Items": NaN,
        "Total Unusual Items Excluding Goodwill": NaN,
        "Net Income From Continuing Operation Net Minority Interest": 39228000.0,
        "Reconciled Depreciation": 873000.0,
        "Net Interest Income": 99475000.0,
        "Interest Expense": 6810000.0,
        "Interest Income": 106285000.0,
        "Normalized Income": 39228000.0,
        "Net Income From Continuing And Discontinued Operation": 39228000.0,
        "Diluted Average Shares": 74400788.0,
        "Basic Average Shares": 74328632.0,
        "Diluted EPS": 0.53,
        "Basic EPS": 0.53,
        "Diluted NI Availto Com Stockholders": 39228000.0,
        "Net Income Common Stockholders": 39228000.0,
        "Net Income": 39228000.0,
        "Net Income Including Noncontrolling Interests": 39228000.0,
        "Net Income Continuous Operations": 39228000.0,
        "Tax Provision": 14337000.0,
        "Pretax Income": 53565000.0,
        "Special Income Charges": NaN,
        "Restructuring And Mergern Acquisition": NaN,
        "Gain On Sale Of Security": 141000.0,
        "Depreciation Amortization Depletion Income Statement": 873000.0,
        "Depreciation And Amortization In Income Statement": 873000.0,
        "Amortization": 873000.0,
        "Amortization Of Intangibles Income Statement": 873000.0,
        "Selling General And Administration": 40009000.0,
        "Selling And Marketing Expense": 1222000.0,
        "General And Administrative Expense": 38787000.0,
        "Other Gand A": 5632000.0,
        "Insurance And Claims": 1350000.0,
        "Salaries And Wages": 37437000.0,
        "Total Revenue": 120407000.0,
        "Operating Revenue": 120407000.0
    },
    "2022-03-31": {
        "Diluted EPS": 0.58,
        "Total Revenue": 121,
        "Gross Profit": 115,
        "Operating Income": 59,
        "EBIT": NaN,
        "Net Income": 44
    },
    "2021-12-31": {
        "Diluted EPS": 0.49,
        "Total Revenue": 122,
        "Gross Profit": 115,
        "Operating Income": 52,
        "EBIT": NaN,
        "Net Income": 37
    },
    "2021-09-30": {
        "Diluted EPS": 0.49,
        "Total Revenue": 123,
        "Gross Profit": 115,
        "Operating Income": 50,
        "EBIT": NaN,
        "Net Income": 37
    },
    "2021-06-30": {
        "Diluted EPS": 0.58,
        "Total Revenue": 122,
        "Gross Profit": 112,
        "Operating Income": 60,
        "EBIT": NaN,
        "Net Income": 45
    },
    "2021-03-31": {
        "Diluted EPS": 0.63,
        "Total Revenue": 122,
        "Gross Profit": 112,
        "Operating Income": 65,
        "EBIT": NaN,
        "Net Income": 49
    },
    "2020-12-31": {
        "Diluted EPS": 0.57,
        "Total Revenue": 121,
        "Gross Profit": 109,
        "Operating Income": 53,
        "EBIT": NaN,
        "Net Income": 41
    },
    "2020-09-30": {
        "Diluted EPS": 0.37,
        "Total Revenue": 114,
        "Gross Profit": 103,
        "Operating Income": 36,
        "EBIT": NaN,
        "Net Income": 27
    },
    "2020-06-30": {
        "Diluted EPS": 0.22,
        "Total Revenue": 96,
        "Gross Profit": 84,
        "Operating Income": 18,
        "EBIT": NaN,
        "Net Income": 14
    },
    "2020-03-31": {
        "Diluted EPS": 0.23,
        "Total Revenue": 105,
        "Gross Profit": 89,
        "Operating Income": 20,
        "EBIT": NaN,
        "Net Income": 15
    },
    "2019-12-31": {
        "Diluted EPS": 0.39,
        "Total Revenue": 108,
        "Gross Profit": 91,
        "Operating Income": 34,
        "EBIT": NaN,
        "Net Income": 26
    },
    "2019-09-30": {
        "Diluted EPS": 0.49,
        "Total Revenue": 111,
        "Gross Profit": 92,
        "Operating Income": 41,
        "EBIT": NaN,
        "Net Income": 31
    },
    "2019-06-30": {
        "Diluted EPS": 0.38,
        "Total Revenue": 111,
        "Gross Profit": 92,
        "Operating Income": 33,
        "EBIT": NaN,
        "Net Income": 24
    },
    "2019-03-31": {
        "Diluted EPS": 0.48,
        "Total Revenue": 105,
        "Gross Profit": 87,
        "Operating Income": 39,
        "EBIT": NaN,
        "Net Income": 31
    },
    "2018-12-31": {
        "Diluted EPS": 0.55,
        "Total Revenue": 110,
        "Gross Profit": 93,
        "Operating Income": 42,
        "EBIT": NaN,
        "Net Income": 36
    },
    "2018-09-30": {
        "Diluted EPS": 0.54,
        "Total Revenue": 107,
        "Gross Profit": 92,
        "Operating Income": 44,
        "EBIT": NaN,
        "Net Income": 35
    },
    "2018-06-30": {
        "Diluted EPS": 0.3,
        "Total Revenue": 102,
        "Gross Profit": 88,
        "Operating Income": 24,
        "EBIT": NaN,
        "Net Income": 19
    },
    "2018-03-31": {
        "Diluted EPS": 0.43,
        "Total Revenue": 100,
        "Gross Profit": 87,
        "Operating Income": 34,
        "EBIT": NaN,
        "Net Income": 28
    },
    "2017-12-31": {
        "Diluted EPS": 0.29,
        "Total Revenue": 97,
        "Gross Profit": 85,
        "Operating Income": 35,
        "EBIT": NaN,
        "Net Income": 19
    },
    "2017-09-30": {
        "Diluted EPS": 0.41,
        "Total Revenue": 97,
        "Gross Profit": 85,
        "Operating Income": 39,
        "EBIT": NaN,
        "Net Income": 27
    },
    "2017-06-30": {
        "Diluted EPS": 0.38,
        "Total Revenue": 95,
        "Gross Profit": 84,
        "Operating Income": 35,
        "EBIT": NaN,
        "Net Income": 24
    },
    "2017-03-31": {
        "Diluted EPS": 0.37,
        "Total Revenue": 90,
        "Gross Profit": 80,
        "Operating Income": 32,
        "EBIT": NaN,
        "Net Income": 24
    },
    "2016-12-31": {
        "Diluted EPS": 0.35,
        "Total Revenue": 92,
        "Gross Profit": 81,
        "Operating Income": 33,
        "EBIT": NaN,
        "Net Income": 23
    },
    "2016-09-30": {
        "Diluted EPS": 0.36,
        "Total Revenue": 90,
        "Gross Profit": 79,
        "Operating Income": 32,
        "EBIT": NaN,
        "Net Income": 23
    },
    "2016-06-30": {
        "Diluted EPS": 0.34,
        "Total Revenue": 89,
        "Gross Profit": 78,
        "Operating Income": 30,
        "EBIT": NaN,
        "Net Income": 21
    },
    "2016-03-31": {
        "Diluted EPS": 0.33,
        "Total Revenue": 87,
        "Gross Profit": 76,
        "Operating Income": 30,
        "EBIT": NaN,
        "Net Income": 21
    },
    "2015-12-31": {
        "Diluted EPS": 0.33,
        "Total Revenue": 90,
        "Gross Profit": 80,
        "Operating Income": 31,
        "EBIT": NaN,
        "Net Income": 22
    },
    "2015-09-30": {
        "Diluted EPS": 0.33,
        "Total Revenue": 85,
        "Gross Profit": 75,
        "Operating Income": 30,
        "EBIT": NaN,
        "Net Income": 21
    },
    "2015-06-30": {
        "Diluted EPS": 0.35,
        "Total Revenue": 89,
        "Gross Profit": 79,
        "Operating Income": 31,
        "EBIT": NaN,
        "Net Income": 22
    },
    "2015-03-31": {
        "Diluted EPS": 0.32,
        "Total Revenue": 83,
        "Gross Profit": 72,
        "Operating Income": 28,
        "EBIT": NaN,
        "Net Income": 20
    },
    "2014-12-31": {
        "Diluted EPS": 0.34,
        "Total Revenue": 85,
        "Gross Profit": 75,
        "Operating Income": 31,
        "EBIT": NaN,
        "Net Income": 21
    },
    "2014-09-30": {
        "Diluted EPS": 0.3,
        "Total Revenue": 85,
        "Gross Profit": 74,
        "Operating Income": 27,
        "EBIT": NaN,
        "Net Income": 19
    },
    "2014-06-30": {
        "Diluted EPS": 0.28,
        "Total Revenue": 78,
        "Gross Profit": 68,
        "Operating Income": 23,
        "EBIT": NaN,
        "Net Income": 16
    },
    "2014-03-31": {
        "Diluted EPS": 0.3,
        "Total Revenue": 73,
        "Gross Profit": 63,
        "Operating Income": 25,
        "EBIT": NaN,
        "Net Income": 17
    },
    "2013-12-31": {
        "Diluted EPS": 0.3,
        "Total Revenue": 74,
        "Gross Profit": 65,
        "Operating Income": 25,
        "EBIT": NaN,
        "Net Income": 17
    },
    "2013-09-30": {
        "Diluted EPS": 0.28,
        "Total Revenue": 75,
        "Gross Profit": 66,
        "Operating Income": 28,
        "EBIT": NaN,
        "Net Income": 16
    },
    "2013-06-30": {
        "Diluted EPS": 0.34,
        "Total Revenue": 75,
        "Gross Profit": 66,
        "Operating Income": 27,
        "EBIT": NaN,
        "Net Income": 19
    },
    "2013-03-31": {
        "Diluted EPS": 0.31,
        "Total Revenue": 73,
        "Gross Profit": 64,
        "Operating Income": 25,
        "EBIT": NaN,
        "Net Income": 18
    },
    "2012-12-31": {
        "Diluted EPS": 0.3,
        "Total Revenue": 76,
        "Gross Profit": 66,
        "Operating Income": 25,
        "EBIT": NaN,
        "Net Income": 17
    },
    "2012-09-30": {
        "Diluted EPS": 0.28,
        "Total Revenue": 75,
        "Gross Profit": 64,
        "Operating Income": 23,
        "EBIT": NaN,
        "Net Income": 16
    },
    "2012-06-30": {
        "Diluted EPS": 0.28,
        "Total Revenue": 75,
        "Gross Profit": 64,
        "Operating Income": 23,
        "EBIT": NaN,
        "Net Income": 16
    },
    "2012-03-31": {
        "Diluted EPS": 0.32,
        "Total Revenue": 80,
        "Gross Profit": 68,
        "Operating Income": 26,
        "EBIT": NaN,
        "Net Income": 18
    },
    "2011-12-31": {
        "Diluted EPS": 0.26,
        "Total Revenue": 76,
        "Gross Profit": 63,
        "Operating Income": 20,
        "EBIT": NaN,
        "Net Income": 15
    },
    "2011-09-30": {
        "Diluted EPS": 0.27,
        "Total Revenue": 78,
        "Gross Profit": 63,
        "Operating Income": 21,
        "EBIT": NaN,
        "Net Income": 16
    },
    "2011-06-30": {
        "Diluted EPS": 0.25,
        "Total Revenue": 78,
        "Gross Profit": 62,
        "Operating Income": 19,
        "EBIT": NaN,
        "Net Income": 14
    },
    "2011-03-31": {
        "Diluted EPS": 0.23,
        "Total Revenue": 77,
        "Gross Profit": 61,
        "Operating Income": 18,
        "EBIT": NaN,
        "Net Income": 13
    },
    "2010-12-31": {
        "Diluted EPS": 0.21,
        "Total Revenue": 78,
        "Gross Profit": 61,
        "Operating Income": 17,
        "EBIT": NaN,
        "Net Income": 12
    },
    "2010-09-30": {
        "Diluted EPS": 0.24,
        "Total Revenue": 80,
        "Gross Profit": 61,
        "Operating Income": 18,
        "EBIT": NaN,
        "Net Income": 13
    },
    "2010-06-30": {
        "Diluted EPS": 0.23,
        "Total Revenue": 80,
        "Gross Profit": 60,
        "Operating Income": 17,
        "EBIT": NaN,
        "Net Income": 13
    },
    "2010-03-31": {
        "Diluted EPS": 0.2,
        "Total Revenue": 80,
        "Gross Profit": 59,
        "Operating Income": 15,
        "EBIT": NaN,
        "Net Income": 11
    },
    "2009-12-31": {
        "Diluted EPS": 0.14,
        "Total Revenue": 81,
        "Gross Profit": 56,
        "Operating Income": 6,
        "EBIT": NaN,
        "Net Income": 7
    },
    "2009-09-30": {
        "Diluted EPS": 0.15,
        "Total Revenue": 82,
        "Gross Profit": 54,
        "Operating Income": 11,
        "EBIT": NaN,
        "Net Income": 9
    },
    "2009-06-30": {
        "Diluted EPS": 0.11,
        "Total Revenue": 81,
        "Gross Profit": 52,
        "Operating Income": 8,
        "EBIT": NaN,
        "Net Income": 6
    },
    "2009-03-31": {
        "Diluted EPS": -2.56,
        "Total Revenue": 80,
        "Gross Profit": 51,
        "Operating Income": -141,
        "EBIT": NaN,
        "Net Income": -144
    },
    "2023-09-30": {
        "Tax Effect Of Unusual Items": -542493.0,
        "Tax Rate For Calcs": 0.237,
        "Total Unusual Items": -2289000.0,
        "Total Unusual Items Excluding Goodwill": -2289000.0,
        "Net Income From Continuing Operation Net Minority Interest": 28547000.0,
        "Reconciled Depreciation": 5515000.0,
        "Net Interest Income": 96236000.0,
        "Interest Expense": 61961000.0,
        "Interest Income": 158197000.0,
        "Normalized Income": 30293507.0,
        "Net Income From Continuing And Discontinued Operation": 28547000.0,
        "Diluted Average Shares": NaN,
        "Basic Average Shares": NaN,
        "Diluted EPS": NaN,
        "Basic EPS": NaN,
        "Diluted NI Availto Com Stockholders": 28547000.0,
        "Net Income Common Stockholders": 28547000.0,
        "Net Income": 28547000.0,
        "Net Income Including Noncontrolling Interests": 28547000.0,
        "Net Income Continuous Operations": 28547000.0,
        "Tax Provision": 8843000.0,
        "Pretax Income": 37390000.0,
        "Special Income Charges": -2289000.0,
        "Restructuring And Mergern Acquisition": 2289000.0,
        "Gain On Sale Of Security": 13000.0,
        "Depreciation Amortization Depletion Income Statement": 720000.0,
        "Depreciation And Amortization In Income Statement": 720000.0,
        "Amortization": 720000.0,
        "Amortization Of Intangibles Income Statement": 720000.0,
        "Selling General And Administration": 38463000.0,
        "Selling And Marketing Expense": 1133000.0,
        "General And Administrative Expense": 37330000.0,
        "Insurance And Claims": 1628000.0,
        "Salaries And Wages": 35702000.0,
        "Total Revenue": 115556000.0,
        "Operating Revenue": 115556000.0,
        "Occupancy And Equipment": 8113000.0,
        "Other Non Interest Expense": 16040000.0
    },
    "2023-12-31": {
        "Tax Effect Of Unusual Items": -775837.658419,
        "Tax Rate For Calcs": 0.313217,
        "Total Unusual Items": -2477000.0,
        "Total Unusual Items Excluding Goodwill": -2477000.0,
        "Net Income From Continuing Operation Net Minority Interest": 27312000.0,
        "Reconciled Depreciation": 5465000.0,
        "Net Interest Income": 95788000.0,
        "Interest Expense": 68383000.0,
        "Interest Income": 164171000.0,
        "Normalized Income": 29013162.341581,
        "Net Income From Continuing And Discontinued Operation": 27312000.0,
        "Diluted Average Shares": NaN,
        "Basic Average Shares": NaN,
        "Diluted EPS": NaN,
        "Basic EPS": NaN,
        "Diluted NI Availto Com Stockholders": 27312000.0,
        "Net Income Common Stockholders": 27312000.0,
        "Net Income": 27312000.0,
        "Net Income Including Noncontrolling Interests": 27312000.0,
        "Net Income Continuous Operations": 27312000.0,
        "Tax Provision": 12456000.0,
        "Pretax Income": 39768000.0,
        "Special Income Charges": -2477000.0,
        "Restructuring And Mergern Acquisition": 2477000.0,
        "Gain On Sale Of Security": -7000.0,
        "Depreciation Amortization Depletion Income Statement": 721000.0,
        "Depreciation And Amortization In Income Statement": 721000.0,
        "Amortization": 721000.0,
        "Amortization Of Intangibles Income Statement": 721000.0,
        "Selling General And Administration": 42763000.0,
        "Selling And Marketing Expense": 1100000.0,
        "General And Administrative Expense": 41663000.0,
        "Insurance And Claims": 2890000.0,
        "Salaries And Wages": 38773000.0,
        "Total Revenue": 114756000.0,
        "Operating Revenue": 114756000.0,
        "Occupancy And Equipment": 7797000.0,
        "Other Non Interest Expense": 22093000.0
    },
    "2024-03-31": {
        "Tax Effect Of Unusual Items": -557106.0,
        "Tax Rate For Calcs": 0.253,
        "Total Unusual Items": -2202000.0,
        "Total Unusual Items Excluding Goodwill": -2202000.0,
        "Net Income From Continuing Operation Net Minority Interest": 32082000.0,
        "Reconciled Depreciation": 5428000.0,
        "Net Interest Income": 93670000.0,
        "Interest Expense": 70189000.0,
        "Interest Income": 163859000.0,
        "Normalized Income": 33726894.0,
        "Net Income From Continuing And Discontinued Operation": 32082000.0,
        "Diluted Average Shares": NaN,
        "Basic Average Shares": NaN,
        "Diluted EPS": NaN,
        "Basic EPS": NaN,
        "Diluted NI Availto Com Stockholders": 32082000.0,
        "Net Income Common Stockholders": 32082000.0,
        "Net Income": 32082000.0,
        "Net Income Including Noncontrolling Interests": 32082000.0,
        "Net Income Continuous Operations": 32082000.0,
        "Tax Provision": 10888000.0,
        "Pretax Income": 42970000.0,
        "Special Income Charges": -2202000.0,
        "Restructuring And Mergern Acquisition": 2202000.0,
        "Gain On Sale Of Security": -1000.0,
        "Depreciation Amortization Depletion Income Statement": 705000.0,
        "Depreciation And Amortization In Income Statement": 705000.0,
        "Amortization": 705000.0,
        "Amortization Of Intangibles Income Statement": 705000.0,
        "Selling General And Administration": 43286000.0,
        "Selling And Marketing Expense": 966000.0,
        "General And Administrative Expense": 42320000.0,
        "Insurance And Claims": 2272000.0,
        "Salaries And Wages": 40048000.0,
        "Total Revenue": 114477000.0,
        "Operating Revenue": 114477000.0,
        "Occupancy And Equipment": 8520000.0,
        "Other Non Interest Expense": 17114000.0
    },
    "2024-06-30": {
        "Tax Effect Of Unusual Items": -3972150.0,
        "Tax Rate For Calcs": 0.21,
        "Total Unusual Items": -18915000.0,
        "Total Unusual Items Excluding Goodwill": -18915000.0,
        "Net Income From Continuing Operation Net Minority Interest": -11485000.0,
        "Reconciled Depreciation": 13316000.0,
        "Net Interest Income": 141506000.0,
        "Interest Expense": 106305000.0,
        "Interest Income": 247811000.0,
        "Normalized Income": 3457850.0,
        "Net Income From Continuing And Discontinued Operation": -11485000.0,
        "Diluted Average Shares": 102957521.0,
        "Basic Average Shares": 102957521.0,
        "Diluted EPS": -0.11,
        "Basic EPS": -0.11,
        "Diluted NI Availto Com Stockholders": -11485000.0,
        "Net Income Common Stockholders": -11485000.0,
        "Net Income": -11485000.0,
        "Net Income Including Noncontrolling Interests": -11485000.0,
        "Net Income Continuous Operations": -11485000.0,
        "Tax Provision": -9833000.0,
        "Pretax Income": -21318000.0,
        "Special Income Charges": -18915000.0,
        "Restructuring And Mergern Acquisition": 18915000.0,
        "Gain On Sale Of Security": -2973000.0,
        "Depreciation Amortization Depletion Income Statement": 6483000.0,
        "Depreciation And Amortization In Income Statement": 6483000.0,
        "Amortization": 6483000.0,
        "Amortization Of Intangibles Income Statement": 6483000.0,
        "Selling General And Administration": 59159000.0,
        "Selling And Marketing Expense": 1171000.0,
        "General And Administrative Expense": 57988000.0,
        "Insurance And Claims": 3100000.0,
        "Salaries And Wages": 54888000.0,
        "Total Revenue": 163781000.0,
        "Operating Revenue": 163781000.0,
        "Occupancy And Equipment": 11142000.0,
        "Other Non Interest Expense": 19695000.0
    },
    "2024-09-30": {
        "Tax Effect Of Unusual Items": NaN,
        "Tax Rate For Calcs": NaN,
        "Total Unusual Items": NaN,
        "Total Unusual Items Excluding Goodwill": NaN,
        "Net Income From Continuing Operation Net Minority Interest": NaN,
        "Reconciled Depreciation": NaN,
        "Net Interest Income": NaN,
        "Interest Expense": NaN,
        "Interest Income": NaN,
        "Normalized Income": NaN,
        "Net Income From Continuing And Discontinued Operation": NaN,
        "Diluted Average Shares": 130004870.0,
        "Basic Average Shares": 129941845.0,
        "Diluted EPS": 0.36,
        "Basic EPS": 0.36,
        "Diluted NI Availto Com Stockholders": NaN,
        "Net Income Common Stockholders": NaN,
        "Net Income": NaN,
        "Net Income Including Noncontrolling Interests": NaN,
        "Net Income Continuous Operations": NaN,
        "Tax Provision": NaN,
        "Pretax Income": NaN,
        "Special Income Charges": NaN,
        "Restructuring And Mergern Acquisition": NaN,
        "Gain On Sale Of Security": NaN,
        "Depreciation Amortization Depletion Income Statement": NaN,
        "Depreciation And Amortization In Income Statement": NaN,
        "Amortization": NaN,
        "Amortization Of Intangibles Income Statement": NaN,
        "Selling General And Administration": NaN,
        "Selling And Marketing Expense": NaN,
        "General And Administrative Expense": NaN,
        "Insurance And Claims": NaN,
        "Salaries And Wages": NaN,
        "Total Revenue": NaN,
        "Operating Revenue": NaN,
        "Occupancy And Equipment": NaN,
        "Other Non Interest Expense": NaN
    },
    "2024-12-31": {
        "Tax Effect Of Unusual Items": NaN,
        "Tax Rate For Calcs": NaN,
        "Total Unusual Items": NaN,
        "Total Unusual Items Excluding Goodwill": NaN,
        "Net Income From Continuing Operation Net Minority Interest": NaN,
        "Reconciled Depreciation": NaN,
        "Net Interest Income": NaN,
        "Interest Expense": NaN,
        "Interest Income": NaN,
        "Normalized Income": NaN,
        "Net Income From Continuing And Discontinued Operation": NaN,
        "Diluted Average Shares": 130163872.0,
        "Basic Average Shares": 130067244.0,
        "Diluted EPS": 0.37,
        "Basic EPS": 0.37,
        "Diluted NI Availto Com Stockholders": NaN,
        "Net Income Common Stockholders": NaN,
        "Net Income": NaN,
        "Net Income Including Noncontrolling Interests": NaN,
        "Net Income Continuous Operations": NaN,
        "Tax Provision": NaN,
        "Pretax Income": NaN,
        "Special Income Charges": NaN,
        "Restructuring And Mergern Acquisition": NaN,
        "Gain On Sale Of Security": NaN,
        "Depreciation Amortization Depletion Income Statement": NaN,
        "Depreciation And Amortization In Income Statement": NaN,
        "Amortization": NaN,
        "Amortization Of Intangibles Income Statement": NaN,
        "Selling General And Administration": NaN,
        "Selling And Marketing Expense": NaN,
        "General And Administrative Expense": NaN,
        "Insurance And Claims": NaN,
        "Salaries And Wages": NaN,
        "Total Revenue": NaN,
        "Operating Revenue": NaN,
        "Occupancy And Equipment": NaN,
        "Other Non Interest Expense": NaN
    },
    "2025-03-31": {
        "Tax Effect Of Unusual Items": 0.0,
        "Tax Rate For Calcs": 0.303,
        "Total Unusual Items": 0.0,
        "Total Unusual Items Excluding Goodwill": 0.0,
        "Net Income From Continuing Operation Net Minority Interest": 64028000.0,
        "Reconciled Depreciation": 16709000.0,
        "Net Interest Income": 181728000.0,
        "Interest Expense": 123618000.0,
        "Interest Income": 305346000.0,
        "Normalized Income": 64028000.0,
        "Net Income From Continuing And Discontinued Operation": 64028000.0,
        "Diluted Average Shares": 130380475.0,
        "Basic Average Shares": 130325393.0,
        "Diluted EPS": 0.49,
        "Basic EPS": 0.49,
        "Diluted NI Availto Com Stockholders": 64028000.0,
        "Net Income Common Stockholders": 64028000.0,
        "Net Income": 64028000.0,
        "Net Income Including Noncontrolling Interests": 64028000.0,
        "Net Income Continuous Operations": 64028000.0,
        "Tax Provision": 27825000.0,
        "Pretax Income": 91853000.0,
        "Special Income Charges": 0.0,
        "Restructuring And Mergern Acquisition": 0.0,
        "Gain On Sale Of Security": 87000.0,
        "Depreciation Amortization Depletion Income Statement": 9501000.0,
        "Depreciation And Amortization In Income Statement": 9501000.0,
        "Amortization": 9501000.0,
        "Amortization Of Intangibles Income Statement": 9501000.0,
        "Selling General And Administration": 66811000.0,
        "Selling And Marketing Expense": 1060000.0,
        "General And Administrative Expense": 65751000.0,
        "Insurance And Claims": 3385000.0,
        "Salaries And Wages": 62366000.0,
        "Total Revenue": 208758000.0,
        "Operating Revenue": 208758000.0,
        "Occupancy And Equipment": 13927000.0,
        "Other Non Interest Expense": 26028000.0
    },
    "2025-06-30": {
        "Tax Effect Of Unusual Items": 0.0,
        "Tax Rate For Calcs": 0.297356,
        "Total Unusual Items": 0.0,
        "Total Unusual Items Excluding Goodwill": 0.0,
        "Net Income From Continuing Operation Net Minority Interest": 71981000.0,
        "Reconciled Depreciation": 16618000.0,
        "Net Interest Income": 187094000.0,
        "Interest Expense": 129214000.0,
        "Interest Income": 316308000.0,
        "Normalized Income": 71981000.0,
        "Net Income From Continuing And Discontinued Operation": 71981000.0,
        "Diluted Average Shares": 130500143.0,
        "Basic Average Shares": 130484287.0,
        "Diluted EPS": 0.55,
        "Basic EPS": 0.55,
        "Diluted NI Availto Com Stockholders": 71981000.0,
        "Net Income Common Stockholders": 71981000.0,
        "Net Income": 71981000.0,
        "Net Income Including Noncontrolling Interests": 71981000.0,
        "Net Income Continuous Operations": 71981000.0,
        "Tax Provision": 30462000.0,
        "Pretax Income": 102443000.0,
        "Special Income Charges": 0.0,
        "Restructuring And Mergern Acquisition": 0.0,
        "Gain On Sale Of Security": 0.0,
        "Depreciation Amortization Depletion Income Statement": 9497000.0,
        "Depreciation And Amortization In Income Statement": 9497000.0,
        "Amortization": 9497000.0,
        "Amortization Of Intangibles Income Statement": 9497000.0,
        "Selling General And Administration": 68019000.0,
        "Selling And Marketing Expense": 1429000.0,
        "General And Administrative Expense": 66590000.0,
        "Insurance And Claims": 3341000.0,
        "Salaries And Wages": 63249000.0,
        "Total Revenue": 214169000.0,
        "Operating Revenue": 214169000.0,
        "Occupancy And Equipment": 13011000.0,
        "Other Non Interest Expense": 24087000.0
    }
}