{
    "2023-06-30": {
        "Tax Effect Of Unusual Items": -92460.0,
        "Tax Rate For Calcs": 0.201,
        "Normalized EBITDA": 91170000.0,
        "Total Unusual Items": -460000.0,
        "Total Unusual Items Excluding Goodwill": -460000.0,
        "Net Income From Continuing Operation Net Minority Interest": 58250000.0,
        "Reconciled Depreciation": 17333000.0,
        "Reconciled Cost Of Revenue": 317580000.0,
        "EBITDA": 90710000.0,
        "EBIT": 73377000.0,
        "Normalized Income": 58617540.0,
        "Net Income From Continuing And Discontinued Operation": 58250000.0,
        "Total Expenses": 496953000.0,
        "Rent Expense Supplemental": 10066000.0,
        "Diluted Average Shares": 52264000.0,
        "Basic Average Shares": 49874000.0,
        "Diluted EPS": 1.11,
        "Basic EPS": 1.17,
        "Diluted NI Availto Com Stockholders": 58250000.0,
        "Net Income Common Stockholders": 58250000.0,
        "Net Income": 58250000.0,
        "Net Income Including Noncontrolling Interests": 58250000.0,
        "Net Income Continuous Operations": 58250000.0,
        "Tax Provision": 14667000.0,
        "Pretax Income": 72917000.0,
        "Other Income Expense": -460000.0,
        "Special Income Charges": -460000.0,
        "Restructuring And Mergern Acquisition": 460000.0,
        "Operating Income": 73377000.0,
        "Operating Expense": 179373000.0,
        "Other Operating Expenses": 101959000.0,
        "Other Taxes": 18764000.0,
        "Selling General And Administration": 58650000.0,
        "Selling And Marketing Expense": 5578000.0,
        "General And Administrative Expense": 53072000.0,
        "Other Gand A": 17888000.0,
        "Rent And Landing Fees": 10066000.0,
        "Salaries And Wages": 25118000.0,
        "Gross Profit": 252750000.0,
        "Cost Of Revenue": 317580000.0,
        "Total Revenue": 570330000.0,
        "Operating Revenue": 567392000.0
    },
    "2023-03-31": {
        "Tax Effect Of Unusual Items": -582624.0,
        "Tax Rate For Calcs": 0.204,
        "Normalized EBITDA": 61619000.0,
        "Total Unusual Items": -2856000.0,
        "Total Unusual Items Excluding Goodwill": -2856000.0,
        "Net Income From Continuing Operation Net Minority Interest": 30378000.0,
        "Reconciled Depreciation": 17760000.0,
        "Reconciled Cost Of Revenue": 264324000.0,
        "EBITDA": 58763000.0,
        "EBIT": 41003000.0,
        "Normalized Income": 32651376.0,
        "Net Income From Continuing And Discontinued Operation": 30378000.0,
        "Total Expenses": 630051000.0,
        "Rent Expense Supplemental": 8820000.0,
        "Diluted Average Shares": 53352000.0,
        "Basic Average Shares": 50154000.0,
        "Diluted EPS": 0.57,
        "Basic EPS": 0.61,
        "Diluted NI Availto Com Stockholders": 30378000.0,
        "Net Income Common Stockholders": 30378000.0,
        "Net Income": 30378000.0,
        "Net Income Including Noncontrolling Interests": 30378000.0,
        "Net Income Continuous Operations": 30378000.0,
        "Tax Provision": 7769000.0,
        "Pretax Income": 38147000.0,
        "Other Income Expense": -2856000.0,
        "Special Income Charges": -2856000.0,
        "Restructuring And Mergern Acquisition": 2856000.0,
        "Operating Income": 41003000.0,
        "Operating Expense": 365727000.0,
        "Other Operating Expenses": 280415000.0,
        "Other Taxes": 21606000.0,
        "Selling General And Administration": 63706000.0,
        "Selling And Marketing Expense": 3241000.0,
        "General And Administrative Expense": 60465000.0,
        "Other Gand A": 21007000.0,
        "Rent And Landing Fees": 8820000.0,
        "Salaries And Wages": 30638000.0,
        "Gross Profit": 406730000.0,
        "Cost Of Revenue": 264324000.0,
        "Total Revenue": 671054000.0,
        "Operating Revenue": 668859000.0
    },
    "2022-12-31": {
        "Tax Effect Of Unusual Items": -1071210.0,
        "Tax Rate For Calcs": 0.21,
        "Normalized EBITDA": 92566000.0,
        "Total Unusual Items": -5101000.0,
        "Total Unusual Items Excluding Goodwill": -5101000.0,
        "Net Income From Continuing Operation Net Minority Interest": 37617000.0,
        "Reconciled Depreciation": 14635000.0,
        "Reconciled Cost Of Revenue": 256173000.0,
        "EBITDA": 87465000.0,
        "EBIT": 72830000.0,
        "Normalized Income": 41646790.0,
        "Net Income From Continuing And Discontinued Operation": 37617000.0,
        "Total Expenses": 371568000.0,
        "Rent Expense Supplemental": 9985000.0,
        "Diluted Average Shares": 53088000.0,
        "Basic Average Shares": 50164000.0,
        "Diluted EPS": 0.71,
        "Basic EPS": 0.75,
        "Diluted NI Availto Com Stockholders": 37617000.0,
        "Net Income Common Stockholders": 37617000.0,
        "Net Income": 37617000.0,
        "Net Income Including Noncontrolling Interests": 37617000.0,
        "Net Income Continuous Operations": 37617000.0,
        "Tax Provision": 30112000.0,
        "Pretax Income": 67729000.0,
        "Other Income Expense": -5101000.0,
        "Special Income Charges": -5101000.0,
        "Restructuring And Mergern Acquisition": 5101000.0,
        "Operating Income": 72830000.0,
        "Operating Expense": 115395000.0,
        "Other Operating Expenses": 46636000.0,
        "Other Taxes": 16569000.0,
        "Selling General And Administration": 52190000.0,
        "Selling And Marketing Expense": 3751000.0,
        "General And Administrative Expense": 48439000.0,
        "Other Gand A": 16144000.0,
        "Rent And Landing Fees": 9985000.0,
        "Salaries And Wages": 22310000.0,
        "Gross Profit": 188225000.0,
        "Cost Of Revenue": 256173000.0,
        "Total Revenue": 444398000.0,
        "Operating Revenue": 86605000.0
    },
    "2022-09-30": {
        "Tax Effect Of Unusual Items": 0.0,
        "Tax Rate For Calcs": 0.271405,
        "Normalized EBITDA": 185472000.0,
        "Total Unusual Items": NaN,
        "Total Unusual Items Excluding Goodwill": NaN,
        "Net Income From Continuing Operation Net Minority Interest": 135134000.0,
        "Reconciled Depreciation": 13475000.0,
        "Reconciled Cost Of Revenue": 289513000.0,
        "EBITDA": 185472000.0,
        "EBIT": 185472000.0,
        "Normalized Income": 135134000.0,
        "Net Income From Continuing And Discontinued Operation": 135134000.0,
        "Total Expenses": 278372000.0,
        "Rent Expense Supplemental": 11299000.0,
        "Diluted Average Shares": 54968000.0,
        "Basic Average Shares": 52170000.0,
        "Diluted EPS": 2.46,
        "Basic EPS": 2.59,
        "Diluted NI Availto Com Stockholders": 135134000.0,
        "Net Income Common Stockholders": 135134000.0,
        "Net Income": 135134000.0,
        "Net Income Including Noncontrolling Interests": 135134000.0,
        "Net Income Continuous Operations": 135134000.0,
        "Tax Provision": 50338000.0,
        "Pretax Income": 185472000.0,
        "Other Income Expense": NaN,
        "Special Income Charges": NaN,
        "Restructuring And Mergern Acquisition": NaN,
        "Operating Income": 185472000.0,
        "Operating Expense": -11141000.0,
        "Other Operating Expenses": -46271000.0,
        "Other Taxes": NaN,
        "Selling General And Administration": 35130000.0,
        "Selling And Marketing Expense": 7601000.0,
        "General And Administrative Expense": 27529000.0,
        "Other Gand A": 16230000.0,
        "Rent And Landing Fees": 11299000.0,
        "Salaries And Wages": NaN,
        "Gross Profit": 174331000.0,
        "Cost Of Revenue": 289513000.0,
        "Total Revenue": 463844000.0,
        "Operating Revenue": 460194000.0
    },
    "2022-06-30": {
        "Tax Effect Of Unusual Items": 0.0,
        "Tax Rate For Calcs": 0.272428,
        "Normalized EBITDA": 177526000.0,
        "Total Unusual Items": NaN,
        "Total Unusual Items Excluding Goodwill": NaN,
        "Net Income From Continuing Operation Net Minority Interest": 129163000.0,
        "Reconciled Depreciation": 11341000.0,
        "Reconciled Cost Of Revenue": 317301000.0,
        "EBITDA": 177526000.0,
        "EBIT": 177526000.0,
        "Normalized Income": 129163000.0,
        "Net Income From Continuing And Discontinued Operation": 129163000.0,
        "Total Expenses": 405116000.0,
        "Rent Expense Supplemental": 9371000.0,
        "Diluted Average Shares": 56642000.0,
        "Basic Average Shares": 54167000.0,
        "Diluted EPS": 2.28,
        "Basic EPS": 2.38,
        "Diluted NI Availto Com Stockholders": 129163000.0,
        "Net Income Common Stockholders": 129163000.0,
        "Net Income": 129163000.0,
        "Net Income Including Noncontrolling Interests": 129163000.0,
        "Net Income Continuous Operations": 129163000.0,
        "Tax Provision": 48363000.0,
        "Pretax Income": 177526000.0,
        "Other Income Expense": NaN,
        "Special Income Charges": NaN,
        "Restructuring And Mergern Acquisition": NaN,
        "Operating Income": 177526000.0,
        "Operating Expense": 87815000.0,
        "Other Operating Expenses": 44644000.0,
        "Other Taxes": NaN,
        "Selling General And Administration": 43171000.0,
        "Selling And Marketing Expense": 13007000.0,
        "General And Administrative Expense": 30164000.0,
        "Other Gand A": 20793000.0,
        "Rent And Landing Fees": 9371000.0,
        "Salaries And Wages": NaN,
        "Gross Profit": 265341000.0,
        "Cost Of Revenue": 317301000.0,
        "Total Revenue": 582642000.0,
        "Operating Revenue": 579379000.0
    },
    "2022-03-31": {
        "Diluted EPS": 2.94,
        "Total Revenue": 658,
        "Gross Profit": 583,
        "Operating Income": 261,
        "EBIT": 276,
        "Net Income": 174
    },
    "2021-12-31": {
        "Diluted EPS": 2.98,
        "Total Revenue": 694,
        "Gross Profit": 576,
        "Operating Income": 259,
        "EBIT": 275,
        "Net Income": 173
    },
    "2021-09-30": {
        "Diluted EPS": 3.8,
        "Total Revenue": 787,
        "Gross Profit": 678,
        "Operating Income": 360,
        "EBIT": 376,
        "Net Income": 249
    },
    "2021-06-30": {
        "Diluted EPS": 2.94,
        "Total Revenue": 742,
        "Gross Profit": 635,
        "Operating Income": 301,
        "EBIT": 318,
        "Net Income": 204
    },
    "2021-03-31": {
        "Diluted EPS": 5.15,
        "Total Revenue": 945,
        "Gross Profit": 838,
        "Operating Income": 526,
        "EBIT": 544,
        "Net Income": 377
    },
    "2020-12-31": {
        "Diluted EPS": 5.77,
        "Total Revenue": NaN,
        "Gross Profit": 886,
        "Operating Income": 627,
        "EBIT": 645,
        "Net Income": 453
    },
    "2020-09-30": {
        "Diluted EPS": 7.03,
        "Total Revenue": NaN,
        "Gross Profit": 995,
        "Operating Income": 745,
        "EBIT": 762,
        "Net Income": 535
    },
    "2020-06-30": {
        "Diluted EPS": 4.39,
        "Total Revenue": 822,
        "Gross Profit": 714,
        "Operating Income": 500,
        "EBIT": 512,
        "Net Income": 353
    },
    "2020-03-31": {
        "Diluted EPS": 3.73,
        "Total Revenue": 722,
        "Gross Profit": 634,
        "Operating Income": 433,
        "EBIT": 443,
        "Net Income": 306
    },
    "2019-12-31": {
        "Diluted EPS": 1.88,
        "Total Revenue": 490,
        "Gross Profit": 388,
        "Operating Income": 215,
        "EBIT": 225,
        "Net Income": 153
    },
    "2019-09-30": {
        "Diluted EPS": 1.51,
        "Total Revenue": 436,
        "Gross Profit": 354,
        "Operating Income": 182,
        "EBIT": 190,
        "Net Income": 121
    },
    "2019-06-30": {
        "Diluted EPS": 0.92,
        "Total Revenue": 303,
        "Gross Profit": 251,
        "Operating Income": 114,
        "EBIT": 0,
        "Net Income": 73
    },
    "2019-03-31": {
        "Diluted EPS": 0.58,
        "Total Revenue": 248,
        "Gross Profit": 203,
        "Operating Income": 74,
        "EBIT": 192,
        "Net Income": 46
    },
    "2018-12-31": {
        "Diluted EPS": 0.65,
        "Total Revenue": 251,
        "Gross Profit": 197,
        "Operating Income": 75,
        "EBIT": -87,
        "Net Income": 39
    },
    "2018-09-30": {
        "Diluted EPS": 0.57,
        "Total Revenue": 251,
        "Gross Profit": 203,
        "Operating Income": 77,
        "EBIT": 139,
        "Net Income": 14
    },
    "2018-06-30": {
        "Diluted EPS": 0.7,
        "Total Revenue": 244,
        "Gross Profit": 211,
        "Operating Income": 91,
        "EBIT": 133,
        "Net Income": 18
    },
    "2018-03-31": {
        "Diluted EPS": 0.67,
        "Total Revenue": 238,
        "Gross Profit": 210,
        "Operating Income": 85,
        "EBIT": 128,
        "Net Income": 17
    },
    "2017-12-31": {
        "Diluted EPS": 2.41,
        "Total Revenue": 299,
        "Gross Profit": 252,
        "Operating Income": 141,
        "EBIT": 193,
        "Net Income": 62
    },
    "2017-09-30": {
        "Diluted EPS": 0.71,
        "Total Revenue": 251,
        "Gross Profit": 220,
        "Operating Income": 106,
        "EBIT": 188,
        "Net Income": 17
    },
    "2017-06-30": {
        "Diluted EPS": 0.44,
        "Total Revenue": 202,
        "Gross Profit": 172,
        "Operating Income": 70,
        "EBIT": 164,
        "Net Income": 10
    },
    "2017-03-31": {
        "Diluted EPS": 0.47,
        "Total Revenue": 204,
        "Gross Profit": 173,
        "Operating Income": 71,
        "EBIT": 132,
        "Net Income": 11
    },
    "2016-12-31": {
        "Diluted EPS": 1.0,
        "Total Revenue": 289,
        "Gross Profit": 253,
        "Operating Income": 137,
        "EBIT": 174,
        "Net Income": 23
    },
    "2016-09-30": {
        "Diluted EPS": 1.06,
        "Total Revenue": 291,
        "Gross Profit": 263,
        "Operating Income": 152,
        "EBIT": 233,
        "Net Income": 24
    },
    "2016-06-30": {
        "Diluted EPS": 0.65,
        "Total Revenue": 208,
        "Gross Profit": 189,
        "Operating Income": 94,
        "EBIT": 192,
        "Net Income": 14
    },
    "2016-03-31": {
        "Diluted EPS": 0.23,
        "Total Revenue": 143,
        "Gross Profit": 118,
        "Operating Income": 39,
        "EBIT": 140,
        "Net Income": 5
    },
    "2015-12-31": {
        "Diluted EPS": 0.58,
        "Total Revenue": 187,
        "Gross Profit": 170,
        "Operating Income": 81,
        "EBIT": 119,
        "Net Income": 13
    },
    "2015-09-30": {
        "Diluted EPS": 0.58,
        "Total Revenue": 189,
        "Gross Profit": 168,
        "Operating Income": 84,
        "EBIT": 135,
        "Net Income": 13
    },
    "2015-06-30": {
        "Diluted EPS": 0.59,
        "Total Revenue": 196,
        "Gross Profit": 164,
        "Operating Income": 83,
        "EBIT": 108,
        "Net Income": 13
    },
    "2015-03-31": {
        "Diluted EPS": 0.42,
        "Total Revenue": 140,
        "Gross Profit": 126,
        "Operating Income": 60,
        "EBIT": 109,
        "Net Income": 9
    },
    "2014-12-31": {
        "Diluted EPS": 0.41,
        "Total Revenue": 142,
        "Gross Profit": 118,
        "Operating Income": 58,
        "EBIT": 68,
        "Net Income": 9
    },
    "2014-09-30": {
        "Diluted EPS": 0.49,
        "Total Revenue": 141,
        "Gross Profit": 124,
        "Operating Income": 68,
        "EBIT": 81,
        "Net Income": 10
    },
    "2014-06-30": {
        "Diluted EPS": 0.45,
        "Total Revenue": 130,
        "Gross Profit": 117,
        "Operating Income": 63,
        "EBIT": 75,
        "Net Income": 10
    },
    "2014-03-31": {
        "Diluted EPS": 0.38,
        "Total Revenue": 105,
        "Gross Profit": 101,
        "Operating Income": 53,
        "EBIT": 68,
        "Net Income": 8
    },
    "2013-12-31": {
        "Diluted EPS": 0.32,
        "Total Revenue": 90,
        "Gross Profit": 86,
        "Operating Income": 46,
        "EBIT": 61,
        "Net Income": -49
    },
    "2013-09-30": {
        "Diluted EPS": 0.28,
        "Total Revenue": 87,
        "Gross Profit": 82,
        "Operating Income": 41,
        "EBIT": 51,
        "Net Income": 5
    },
    "2013-06-30": {
        "Diluted EPS": 0.22,
        "Total Revenue": 107,
        "Gross Profit": 102,
        "Operating Income": 55,
        "EBIT": 60,
        "Net Income": 3
    },
    "2013-03-31": {
        "Diluted EPS": 0.0,
        "Total Revenue": 102,
        "Gross Profit": 98,
        "Operating Income": 59,
        "EBIT": 65,
        "Net Income": 55
    },
    "2012-12-31": {
        "Diluted EPS": 0.0,
        "Total Revenue": NaN,
        "Gross Profit": NaN,
        "Operating Income": NaN,
        "EBIT": NaN,
        "Net Income": NaN
    },
    "2012-09-30": {
        "Diluted EPS": 0.0,
        "Total Revenue": 76,
        "Gross Profit": 73,
        "Operating Income": 39,
        "EBIT": 44,
        "Net Income": 38
    },
    "2012-06-30": {
        "Diluted EPS": 0.14,
        "Total Revenue": 43,
        "Gross Profit": 40,
        "Operating Income": 12,
        "EBIT": 12,
        "Net Income": 10
    },
    "2011-12-31": {
        "Diluted EPS": 0.0,
        "Total Revenue": NaN,
        "Gross Profit": NaN,
        "Operating Income": NaN,
        "EBIT": NaN,
        "Net Income": NaN
    },
    "2010-12-31": {
        "Diluted EPS": 0.0,
        "Total Revenue": NaN,
        "Gross Profit": NaN,
        "Operating Income": NaN,
        "EBIT": NaN,
        "Net Income": NaN
    },
    "2023-09-30": {
        "Tax Effect Of Unusual Items": NaN,
        "Tax Rate For Calcs": NaN,
        "Normalized EBITDA": NaN,
        "Total Unusual Items": NaN,
        "Total Unusual Items Excluding Goodwill": NaN,
        "Net Income From Continuing Operation Net Minority Interest": NaN,
        "Reconciled Depreciation": NaN,
        "Reconciled Cost Of Revenue": NaN,
        "EBITDA": NaN,
        "EBIT": NaN,
        "Normalized Income": NaN,
        "Net Income From Continuing And Discontinued Operation": NaN,
        "Total Expenses": NaN,
        "Rent Expense Supplemental": NaN,
        "Diluted Average Shares": 52561000.0,
        "Basic Average Shares": 49902000.0,
        "Diluted EPS": 1.77,
        "Basic EPS": 1.86,
        "Diluted NI Availto Com Stockholders": NaN,
        "Net Income Common Stockholders": NaN,
        "Net Income": NaN,
        "Net Income Including Noncontrolling Interests": NaN,
        "Net Income Continuous Operations": NaN,
        "Tax Provision": NaN,
        "Pretax Income": NaN,
        "Other Income Expense": NaN,
        "Special Income Charges": NaN,
        "Restructuring And Mergern Acquisition": NaN,
        "Operating Income": NaN,
        "Operating Expense": NaN,
        "Other Operating Expenses": NaN,
        "Other Taxes": NaN,
        "Selling General And Administration": NaN,
        "Selling And Marketing Expense": NaN,
        "General And Administrative Expense": NaN,
        "Other Gand A": NaN,
        "Rent And Landing Fees": NaN,
        "Salaries And Wages": NaN,
        "Gross Profit": NaN,
        "Cost Of Revenue": NaN,
        "Total Revenue": NaN,
        "Operating Revenue": NaN
    },
    "2023-12-31": {
        "Tax Effect Of Unusual Items": -53571905.366034,
        "Tax Rate For Calcs": 0.320634,
        "Normalized EBITDA": 297517000.0,
        "Total Unusual Items": -167081000.0,
        "Total Unusual Items Excluding Goodwill": -167081000.0,
        "Net Income From Continuing Operation Net Minority Interest": -36842000.0,
        "Reconciled Depreciation": 17585000.0,
        "Reconciled Cost Of Revenue": 316969000.0,
        "EBITDA": 130436000.0,
        "EBIT": 112851000.0,
        "Normalized Income": 76667094.633966,
        "Net Income From Continuing And Discontinued Operation": -36842000.0,
        "Total Expenses": 419368000.0,
        "Rent Expense Supplemental": 8772000.0,
        "Diluted Average Shares": 49987000.0,
        "Basic Average Shares": 49987000.0,
        "Diluted EPS": -0.74,
        "Basic EPS": -0.74,
        "Diluted NI Availto Com Stockholders": -36842000.0,
        "Net Income Common Stockholders": -36842000.0,
        "Net Income": -36842000.0,
        "Net Income Including Noncontrolling Interests": -36842000.0,
        "Net Income Continuous Operations": -36842000.0,
        "Tax Provision": -17388000.0,
        "Pretax Income": -54230000.0,
        "Other Income Expense": -167081000.0,
        "Special Income Charges": -167081000.0,
        "Restructuring And Mergern Acquisition": 4311000.0,
        "Operating Income": 112851000.0,
        "Operating Expense": 102399000.0,
        "Other Operating Expenses": 39618000.0,
        "Other Taxes": 17790000.0,
        "Selling General And Administration": 44991000.0,
        "Selling And Marketing Expense": 4180000.0,
        "General And Administrative Expense": 40811000.0,
        "Other Gand A": 9684000.0,
        "Rent And Landing Fees": 8772000.0,
        "Salaries And Wages": 22355000.0,
        "Gross Profit": 215250000.0,
        "Cost Of Revenue": 316969000.0,
        "Total Revenue": 532219000.0,
        "Operating Revenue": 1132395000.0
    },
    "2024-03-31": {
        "Tax Effect Of Unusual Items": -66872.0,
        "Tax Rate For Calcs": 0.104,
        "Normalized EBITDA": 62769000.0,
        "Total Unusual Items": -643000.0,
        "Total Unusual Items Excluding Goodwill": -643000.0,
        "Net Income From Continuing Operation Net Minority Interest": 39308000.0,
        "Reconciled Depreciation": 17600000.0,
        "Reconciled Cost Of Revenue": 305225000.0,
        "EBITDA": 62126000.0,
        "EBIT": 44526000.0,
        "Normalized Income": 39884128.0,
        "Net Income From Continuing And Discontinued Operation": 39308000.0,
        "Total Expenses": 455478000.0,
        "Rent Expense Supplemental": 8676000.0,
        "Diluted Average Shares": 53100000.0,
        "Basic Average Shares": 50547000.0,
        "Diluted EPS": 0.74,
        "Basic EPS": 0.78,
        "Diluted NI Availto Com Stockholders": 39308000.0,
        "Net Income Common Stockholders": 39308000.0,
        "Net Income": 39308000.0,
        "Net Income Including Noncontrolling Interests": 39308000.0,
        "Net Income Continuous Operations": 39308000.0,
        "Tax Provision": 4575000.0,
        "Pretax Income": 43883000.0,
        "Other Income Expense": -643000.0,
        "Special Income Charges": -643000.0,
        "Restructuring And Mergern Acquisition": 643000.0,
        "Operating Income": 44526000.0,
        "Operating Expense": 150253000.0,
        "Other Operating Expenses": 75695000.0,
        "Other Taxes": 22201000.0,
        "Selling General And Administration": 52357000.0,
        "Selling And Marketing Expense": 3671000.0,
        "General And Administrative Expense": 48686000.0,
        "Other Gand A": 9262000.0,
        "Rent And Landing Fees": 8676000.0,
        "Salaries And Wages": 30748000.0,
        "Gross Profit": 194779000.0,
        "Cost Of Revenue": 305225000.0,
        "Total Revenue": 500004000.0,
        "Operating Revenue": 496387000.0
    },
    "2024-06-30": {
        "Tax Effect Of Unusual Items": -4520.836135,
        "Tax Rate For Calcs": 0.265932,
        "Normalized EBITDA": 151575000.0,
        "Total Unusual Items": -17000.0,
        "Total Unusual Items Excluding Goodwill": -17000.0,
        "Net Income From Continuing Operation Net Minority Interest": 98258000.0,
        "Reconciled Depreciation": 17687000.0,
        "Reconciled Cost Of Revenue": 363425000.0,
        "EBITDA": 151558000.0,
        "EBIT": 133871000.0,
        "Normalized Income": 98270479.163865,
        "Net Income From Continuing And Discontinued Operation": 98258000.0,
        "Total Expenses": 581482000.0,
        "Rent Expense Supplemental": 7893000.0,
        "Diluted Average Shares": 53204000.0,
        "Basic Average Shares": 50955000.0,
        "Diluted EPS": 1.85,
        "Basic EPS": 1.93,
        "Diluted NI Availto Com Stockholders": 98258000.0,
        "Net Income Common Stockholders": 98258000.0,
        "Net Income": 98258000.0,
        "Net Income Including Noncontrolling Interests": 98258000.0,
        "Net Income Continuous Operations": 98258000.0,
        "Tax Provision": 35596000.0,
        "Pretax Income": 133854000.0,
        "Other Income Expense": -17000.0,
        "Special Income Charges": -17000.0,
        "Restructuring And Mergern Acquisition": 17000.0,
        "Operating Income": 133871000.0,
        "Operating Expense": 218057000.0,
        "Other Operating Expenses": 145740000.0,
        "Other Taxes": 18852000.0,
        "Selling General And Administration": 53465000.0,
        "Selling And Marketing Expense": 5445000.0,
        "General And Administrative Expense": 48020000.0,
        "Other Gand A": 9404000.0,
        "Rent And Landing Fees": 7893000.0,
        "Salaries And Wages": 30723000.0,
        "Gross Profit": 351928000.0,
        "Cost Of Revenue": 363425000.0,
        "Total Revenue": 715353000.0,
        "Operating Revenue": 699622000.0
    },
    "2024-09-30": {
        "Tax Effect Of Unusual Items": -46197.0,
        "Tax Rate For Calcs": 0.261,
        "Normalized EBITDA": 111413000.0,
        "Total Unusual Items": -177000.0,
        "Total Unusual Items Excluding Goodwill": -177000.0,
        "Net Income From Continuing Operation Net Minority Interest": 69368000.0,
        "Reconciled Depreciation": 17134000.0,
        "Reconciled Cost Of Revenue": 390369000.0,
        "EBITDA": 111236000.0,
        "EBIT": 94102000.0,
        "Normalized Income": 69498803.0,
        "Net Income From Continuing And Discontinued Operation": 69368000.0,
        "Total Expenses": 535261000.0,
        "Rent Expense Supplemental": 8156000.0,
        "Diluted Average Shares": 53495000.0,
        "Basic Average Shares": 51180000.0,
        "Diluted EPS": 1.3,
        "Basic EPS": 1.36,
        "Diluted NI Availto Com Stockholders": 69368000.0,
        "Net Income Common Stockholders": 69368000.0,
        "Net Income": 69368000.0,
        "Net Income Including Noncontrolling Interests": 69368000.0,
        "Net Income Continuous Operations": 69368000.0,
        "Tax Provision": 24557000.0,
        "Pretax Income": 93925000.0,
        "Other Income Expense": -177000.0,
        "Special Income Charges": -177000.0,
        "Restructuring And Mergern Acquisition": 177000.0,
        "Operating Income": 94102000.0,
        "Operating Expense": 144892000.0,
        "Other Operating Expenses": 49849000.0,
        "Other Taxes": 18726000.0,
        "Selling General And Administration": 76317000.0,
        "Selling And Marketing Expense": 5088000.0,
        "General And Administrative Expense": 71229000.0,
        "Other Gand A": 9339000.0,
        "Rent And Landing Fees": 8156000.0,
        "Salaries And Wages": 53734000.0,
        "Gross Profit": 238994000.0,
        "Cost Of Revenue": 390369000.0,
        "Total Revenue": 629363000.0,
        "Operating Revenue": 625925000.0
    },
    "2024-12-31": {
        "Tax Effect Of Unusual Items": -316119.631428,
        "Tax Rate For Calcs": 0.192287,
        "Normalized EBITDA": 149891000.0,
        "Total Unusual Items": -1644000.0,
        "Total Unusual Items Excluding Goodwill": -1644000.0,
        "Net Income From Continuing Operation Net Minority Interest": 104489000.0,
        "Reconciled Depreciation": 17239000.0,
        "Reconciled Cost Of Revenue": 417200000.0,
        "EBITDA": 148247000.0,
        "EBIT": 131008000.0,
        "Normalized Income": 105816880.368572,
        "Net Income From Continuing And Discontinued Operation": 104489000.0,
        "Total Expenses": 567308000.0,
        "Rent Expense Supplemental": 8173000.0,
        "Diluted Average Shares": 53576000.0,
        "Basic Average Shares": 51274000.0,
        "Diluted EPS": 1.95,
        "Basic EPS": 2.04,
        "Diluted NI Availto Com Stockholders": 104489000.0,
        "Net Income Common Stockholders": 104489000.0,
        "Net Income": 104489000.0,
        "Net Income Including Noncontrolling Interests": 104489000.0,
        "Net Income Continuous Operations": 104489000.0,
        "Tax Provision": 24875000.0,
        "Pretax Income": 129364000.0,
        "Other Income Expense": -1644000.0,
        "Special Income Charges": -1644000.0,
        "Restructuring And Mergern Acquisition": 53000.0,
        "Operating Income": 131008000.0,
        "Operating Expense": 150108000.0,
        "Other Operating Expenses": 54101000.0,
        "Other Taxes": 21102000.0,
        "Selling General And Administration": 74905000.0,
        "Selling And Marketing Expense": 7765000.0,
        "General And Administrative Expense": 67140000.0,
        "Other Gand A": 9987000.0,
        "Rent And Landing Fees": 8173000.0,
        "Salaries And Wages": 48980000.0,
        "Gross Profit": 281116000.0,
        "Cost Of Revenue": 417200000.0,
        "Total Revenue": 698316000.0,
        "Operating Revenue": 1127576000.0
    },
    "2025-03-31": {
        "Tax Effect Of Unusual Items": -87100.0,
        "Tax Rate For Calcs": 0.268,
        "Normalized EBITDA": 122147000.0,
        "Total Unusual Items": -325000.0,
        "Total Unusual Items Excluding Goodwill": -325000.0,
        "Net Income From Continuing Operation Net Minority Interest": 76280000.0,
        "Reconciled Depreciation": 17301000.0,
        "Reconciled Cost Of Revenue": 382701000.0,
        "EBITDA": 121822000.0,
        "EBIT": 104521000.0,
        "Normalized Income": 76517900.0,
        "Net Income From Continuing And Discontinued Operation": 76280000.0,
        "Total Expenses": 965235000.0,
        "Rent Expense Supplemental": 8382000.0,
        "Diluted Average Shares": 53624000.0,
        "Basic Average Shares": 51506000.0,
        "Diluted EPS": 1.42,
        "Basic EPS": 1.48,
        "Diluted NI Availto Com Stockholders": 76280000.0,
        "Net Income Common Stockholders": 76280000.0,
        "Net Income": 76280000.0,
        "Net Income Including Noncontrolling Interests": 76280000.0,
        "Net Income Continuous Operations": 76280000.0,
        "Tax Provision": 27916000.0,
        "Pretax Income": 104196000.0,
        "Other Income Expense": -325000.0,
        "Special Income Charges": -325000.0,
        "Restructuring And Mergern Acquisition": 325000.0,
        "Operating Income": 104521000.0,
        "Operating Expense": 582534000.0,
        "Other Operating Expenses": 482668000.0,
        "Other Taxes": 23860000.0,
        "Selling General And Administration": 76006000.0,
        "Selling And Marketing Expense": 9432000.0,
        "General And Administrative Expense": 66574000.0,
        "Other Gand A": 9037000.0,
        "Rent And Landing Fees": 8382000.0,
        "Salaries And Wages": 49155000.0,
        "Gross Profit": 687055000.0,
        "Cost Of Revenue": 382701000.0,
        "Total Revenue": 1069756000.0,
        "Operating Revenue": 1064838000.0
    },
    "2025-06-30": {
        "Tax Effect Of Unusual Items": -88200.0,
        "Tax Rate For Calcs": 0.21,
        "Normalized EBITDA": 95644000.0,
        "Total Unusual Items": -420000.0,
        "Total Unusual Items Excluding Goodwill": -420000.0,
        "Net Income From Continuing Operation Net Minority Interest": 136463000.0,
        "Reconciled Depreciation": 18362000.0,
        "Reconciled Cost Of Revenue": 448145000.0,
        "EBITDA": 95224000.0,
        "EBIT": 76862000.0,
        "Normalized Income": 136794800.0,
        "Net Income From Continuing And Discontinued Operation": 136463000.0,
        "Total Expenses": 854720000.0,
        "Rent Expense Supplemental": 8379000.0,
        "Diluted Average Shares": 53635000.0,
        "Basic Average Shares": 51667000.0,
        "Diluted EPS": 2.54,
        "Basic EPS": 2.64,
        "Diluted NI Availto Com Stockholders": 136463000.0,
        "Net Income Common Stockholders": 136463000.0,
        "Net Income": 136463000.0,
        "Net Income Including Noncontrolling Interests": 136463000.0,
        "Net Income Continuous Operations": 136463000.0,
        "Tax Provision": -60021000.0,
        "Pretax Income": 76442000.0,
        "Other Income Expense": -420000.0,
        "Special Income Charges": -420000.0,
        "Restructuring And Mergern Acquisition": 420000.0,
        "Operating Income": 76862000.0,
        "Operating Expense": 406575000.0,
        "Other Operating Expenses": 301752000.0,
        "Other Taxes": 22078000.0,
        "Selling General And Administration": 82745000.0,
        "Selling And Marketing Expense": 12389000.0,
        "General And Administrative Expense": 70356000.0,
        "Other Gand A": 8380000.0,
        "Rent And Landing Fees": 8379000.0,
        "Salaries And Wages": 53597000.0,
        "Gross Profit": 483437000.0,
        "Cost Of Revenue": 448145000.0,
        "Total Revenue": 931582000.0,
        "Operating Revenue": 927066000.0
    },
    "2025-09-30": {
        "Tax Effect Of Unusual Items": -45472.0,
        "Tax Rate For Calcs": 0.232,
        "Normalized EBITDA": 253241000.0,
        "Total Unusual Items": -196000.0,
        "Total Unusual Items Excluding Goodwill": -196000.0,
        "Net Income From Continuing Operation Net Minority Interest": 181503000.0,
        "Reconciled Depreciation": 16475000.0,
        "Reconciled Cost Of Revenue": 469756000.0,
        "EBITDA": 253045000.0,
        "EBIT": 236570000.0,
        "Normalized Income": 181653528.0,
        "Net Income From Continuing And Discontinued Operation": 181503000.0,
        "Total Expenses": 646243000.0,
        "Rent Expense Supplemental": 8604000.0,
        "Diluted Average Shares": 53874000.0,
        "Basic Average Shares": 51725000.0,
        "Diluted EPS": 3.37,
        "Basic EPS": 3.51,
        "Diluted NI Availto Com Stockholders": 181503000.0,
        "Net Income Common Stockholders": 181503000.0,
        "Net Income": 181503000.0,
        "Net Income Including Noncontrolling Interests": 181503000.0,
        "Net Income Continuous Operations": 181503000.0,
        "Tax Provision": 54871000.0,
        "Pretax Income": 236374000.0,
        "Other Income Expense": -196000.0,
        "Special Income Charges": -196000.0,
        "Restructuring And Mergern Acquisition": 196000.0,
        "Operating Income": 236570000.0,
        "Operating Expense": 176487000.0,
        "Other Operating Expenses": 59948000.0,
        "Other Taxes": 22680000.0,
        "Selling General And Administration": 93859000.0,
        "Selling And Marketing Expense": 14016000.0,
        "General And Administrative Expense": 79843000.0,
        "Other Gand A": 10145000.0,
        "Rent And Landing Fees": 8604000.0,
        "Salaries And Wages": 61094000.0,
        "Gross Profit": 413057000.0,
        "Cost Of Revenue": 469756000.0,
        "Total Revenue": 882813000.0,
        "Operating Revenue": 878235000.0
    }
}