{
    "2023-03-31": {
        "Tax Effect Of Unusual Items": NaN,
        "Tax Rate For Calcs": NaN,
        "Normalized EBITDA": NaN,
        "Net Income From Continuing Operation Net Minority Interest": NaN,
        "Reconciled Depreciation": NaN,
        "Reconciled Cost Of Revenue": NaN,
        "EBITDA": NaN,
        "EBIT": NaN,
        "Net Interest Income": NaN,
        "Interest Income": 822000.0,
        "Normalized Income": NaN,
        "Net Income From Continuing And Discontinued Operation": NaN,
        "Total Expenses": NaN,
        "Total Operating Income As Reported": NaN,
        "Diluted Average Shares": NaN,
        "Basic Average Shares": NaN,
        "Diluted EPS": NaN,
        "Basic EPS": NaN,
        "Diluted NI Availto Com Stockholders": NaN,
        "Net Income Common Stockholders": NaN,
        "Net Income": NaN,
        "Net Income Including Noncontrolling Interests": NaN,
        "Net Income Continuous Operations": NaN,
        "Tax Provision": NaN,
        "Pretax Income": NaN,
        "Other Income Expense": NaN,
        "Other Non Operating Income Expenses": NaN,
        "Net Non Operating Interest Income Expense": NaN,
        "Interest Income Non Operating": 822000.0,
        "Operating Income": NaN,
        "Operating Expense": NaN,
        "Selling General And Administration": NaN,
        "Selling And Marketing Expense": NaN,
        "General And Administrative Expense": NaN,
        "Other Gand A": NaN,
        "Gross Profit": NaN,
        "Cost Of Revenue": NaN,
        "Total Revenue": NaN,
        "Operating Revenue": NaN
    },
    "2022-12-31": {
        "Tax Effect Of Unusual Items": 0.0,
        "Tax Rate For Calcs": 0.17701,
        "Normalized EBITDA": 3752000.0,
        "Net Income From Continuing Operation Net Minority Interest": 3408000.0,
        "Reconciled Depreciation": 446000.0,
        "Reconciled Cost Of Revenue": 169827000.0,
        "EBITDA": 3752000.0,
        "EBIT": 3306000.0,
        "Net Interest Income": 560000.0,
        "Interest Income": NaN,
        "Normalized Income": 3408000.0,
        "Net Income From Continuing And Discontinued Operation": 3408000.0,
        "Total Expenses": 211015000.0,
        "Total Operating Income As Reported": 3306000.0,
        "Diluted Average Shares": 100059687.0,
        "Basic Average Shares": 93056297.0,
        "Diluted EPS": 0.03,
        "Basic EPS": 0.04,
        "Diluted NI Availto Com Stockholders": 3408000.0,
        "Net Income Common Stockholders": 3408000.0,
        "Net Income": 3408000.0,
        "Net Income Including Noncontrolling Interests": 3408000.0,
        "Net Income Continuous Operations": 3408000.0,
        "Tax Provision": 733000.0,
        "Pretax Income": 4141000.0,
        "Other Income Expense": 275000.0,
        "Other Non Operating Income Expenses": 275000.0,
        "Net Non Operating Interest Income Expense": 560000.0,
        "Interest Income Non Operating": NaN,
        "Operating Income": 3306000.0,
        "Operating Expense": 41188000.0,
        "Selling General And Administration": 41188000.0,
        "Selling And Marketing Expense": 12980000.0,
        "General And Administrative Expense": 28208000.0,
        "Other Gand A": 28208000.0,
        "Gross Profit": 44494000.0,
        "Cost Of Revenue": 169827000.0,
        "Total Revenue": 214321000.0,
        "Operating Revenue": 214321000.0
    },
    "2022-09-30": {
        "Tax Effect Of Unusual Items": NaN,
        "Tax Rate For Calcs": NaN,
        "Normalized EBITDA": NaN,
        "Net Income From Continuing Operation Net Minority Interest": NaN,
        "Reconciled Depreciation": NaN,
        "Reconciled Cost Of Revenue": NaN,
        "EBITDA": NaN,
        "EBIT": NaN,
        "Net Interest Income": NaN,
        "Interest Income": 202000.0,
        "Normalized Income": NaN,
        "Net Income From Continuing And Discontinued Operation": NaN,
        "Total Expenses": NaN,
        "Total Operating Income As Reported": NaN,
        "Diluted Average Shares": NaN,
        "Basic Average Shares": NaN,
        "Diluted EPS": NaN,
        "Basic EPS": NaN,
        "Diluted NI Availto Com Stockholders": NaN,
        "Net Income Common Stockholders": NaN,
        "Net Income": NaN,
        "Net Income Including Noncontrolling Interests": NaN,
        "Net Income Continuous Operations": NaN,
        "Tax Provision": NaN,
        "Pretax Income": NaN,
        "Other Income Expense": NaN,
        "Other Non Operating Income Expenses": NaN,
        "Net Non Operating Interest Income Expense": NaN,
        "Interest Income Non Operating": 202000.0,
        "Operating Income": NaN,
        "Operating Expense": NaN,
        "Selling General And Administration": NaN,
        "Selling And Marketing Expense": NaN,
        "General And Administrative Expense": NaN,
        "Other Gand A": NaN,
        "Gross Profit": NaN,
        "Cost Of Revenue": NaN,
        "Total Revenue": NaN,
        "Operating Revenue": NaN
    },
    "2022-06-30": {
        "Tax Effect Of Unusual Items": 0.0,
        "Tax Rate For Calcs": 0.015163,
        "Normalized EBITDA": 9224000.0,
        "Net Income From Continuing Operation Net Minority Interest": 8768000.0,
        "Reconciled Depreciation": 386000.0,
        "Reconciled Cost Of Revenue": 151117000.0,
        "EBITDA": 9224000.0,
        "EBIT": 8838000.0,
        "Net Interest Income": 40000.0,
        "Interest Income": NaN,
        "Normalized Income": 8768000.0,
        "Net Income From Continuing And Discontinued Operation": 8768000.0,
        "Total Expenses": 186166000.0,
        "Total Operating Income As Reported": 8838000.0,
        "Diluted Average Shares": 99672769.0,
        "Basic Average Shares": 91964978.0,
        "Diluted EPS": 0.09,
        "Basic EPS": 0.1,
        "Diluted NI Availto Com Stockholders": 8768000.0,
        "Net Income Common Stockholders": 8768000.0,
        "Net Income": 8768000.0,
        "Net Income Including Noncontrolling Interests": 8768000.0,
        "Net Income Continuous Operations": 8768000.0,
        "Tax Provision": 135000.0,
        "Pretax Income": 8903000.0,
        "Other Income Expense": 25000.0,
        "Other Non Operating Income Expenses": 25000.0,
        "Net Non Operating Interest Income Expense": 40000.0,
        "Total Other Finance Cost": -40000.0,
        "Interest Income Non Operating": NaN,
        "Operating Income": 8838000.0,
        "Operating Expense": 35049000.0,
        "Selling General And Administration": 35049000.0,
        "Selling And Marketing Expense": 11496000.0,
        "General And Administrative Expense": 23553000.0,
        "Other Gand A": 23553000.0,
        "Gross Profit": 43887000.0,
        "Cost Of Revenue": 151117000.0,
        "Total Revenue": 195004000.0,
        "Operating Revenue": 195004000.0
    },
    "2022-03-31": {
        "Diluted EPS": 0.05,
        "Total Revenue": 172,
        "Gross Profit": 33,
        "Operating Income": 0,
        "EBIT": 0,
        "Net Income": 5
    },
    "2021-12-31": {
        "Diluted EPS": 0.15,
        "Total Revenue": 128,
        "Gross Profit": 25,
        "Operating Income": 0,
        "EBIT": 0,
        "Net Income": 15
    },
    "2021-09-30": {
        "Diluted EPS": 0.17,
        "Total Revenue": 122,
        "Gross Profit": 28,
        "Operating Income": 9,
        "EBIT": 9,
        "Net Income": 17
    },
    "2021-06-30": {
        "Diluted EPS": 0.19,
        "Total Revenue": 129,
        "Gross Profit": 30,
        "Operating Income": 12,
        "EBIT": 12,
        "Net Income": 19
    },
    "2021-03-31": {
        "Diluted EPS": 0.15,
        "Total Revenue": 122,
        "Gross Profit": 29,
        "Operating Income": 12,
        "EBIT": 12,
        "Net Income": 15
    },
    "2020-12-31": {
        "Diluted EPS": 0.39,
        "Total Revenue": 100,
        "Gross Profit": 21,
        "Operating Income": 1,
        "EBIT": 2,
        "Net Income": 39
    },
    "2020-09-30": {
        "Diluted EPS": 0.05,
        "Total Revenue": 99,
        "Gross Profit": 21,
        "Operating Income": 5,
        "EBIT": 5,
        "Net Income": 5
    },
    "2020-06-30": {
        "Diluted EPS": -0.01,
        "Total Revenue": 65,
        "Gross Profit": 12,
        "Operating Income": -1,
        "EBIT": -1,
        "Net Income": -1
    },
    "2020-03-31": {
        "Diluted EPS": 0.04,
        "Total Revenue": 81,
        "Gross Profit": 17,
        "Operating Income": 3,
        "EBIT": 4,
        "Net Income": 4
    },
    "2019-12-31": {
        "Diluted EPS": 0.39,
        "Total Revenue": 65,
        "Gross Profit": 12,
        "Operating Income": 1,
        "EBIT": 2,
        "Net Income": -2
    },
    "2019-09-30": {
        "Diluted EPS": -1.1,
        "Total Revenue": 61,
        "Gross Profit": 12,
        "Operating Income": 3,
        "EBIT": 4,
        "Net Income": -8
    },
    "2019-06-30": {
        "Diluted EPS": 0.29,
        "Total Revenue": 56,
        "Gross Profit": 11,
        "Operating Income": 2,
        "EBIT": 3,
        "Net Income": 2
    },
    "2019-03-31": {
        "Diluted EPS": 0.01,
        "Total Revenue": 47,
        "Gross Profit": 10,
        "Operating Income": 3,
        "EBIT": 4,
        "Net Income": 0
    },
    "2018-12-31": {
        "Diluted EPS": 0.0,
        "Total Revenue": NaN,
        "Gross Profit": NaN,
        "Operating Income": NaN,
        "EBIT": NaN,
        "Net Income": NaN
    },
    "2018-09-30": {
        "Diluted EPS": -0.2,
        "Total Revenue": 28,
        "Gross Profit": 5,
        "Operating Income": -1,
        "EBIT": 0,
        "Net Income": -1
    },
    "2018-06-30": {
        "Diluted EPS": 0.0,
        "Total Revenue": NaN,
        "Gross Profit": NaN,
        "Operating Income": NaN,
        "EBIT": NaN,
        "Net Income": NaN
    },
    "2017-12-31": {
        "Diluted EPS": 0.0,
        "Total Revenue": NaN,
        "Gross Profit": NaN,
        "Operating Income": NaN,
        "EBIT": NaN,
        "Net Income": NaN
    },
    "2023-06-30": {
        "Tax Effect Of Unusual Items": NaN,
        "Tax Rate For Calcs": NaN,
        "Normalized EBITDA": NaN,
        "Net Income From Continuing Operation Net Minority Interest": NaN,
        "Reconciled Depreciation": NaN,
        "Reconciled Cost Of Revenue": NaN,
        "EBITDA": NaN,
        "EBIT": NaN,
        "Net Interest Income": NaN,
        "Interest Income": NaN,
        "Normalized Income": NaN,
        "Net Income From Continuing And Discontinued Operation": NaN,
        "Total Expenses": NaN,
        "Total Operating Income As Reported": NaN,
        "Diluted Average Shares": NaN,
        "Basic Average Shares": NaN,
        "Diluted EPS": NaN,
        "Basic EPS": NaN,
        "Diluted NI Availto Com Stockholders": NaN,
        "Net Income Common Stockholders": NaN,
        "Net Income": NaN,
        "Net Income Including Noncontrolling Interests": NaN,
        "Net Income Continuous Operations": NaN,
        "Tax Provision": NaN,
        "Pretax Income": NaN,
        "Other Income Expense": 1277000.0,
        "Other Non Operating Income Expenses": 1277000.0,
        "Net Non Operating Interest Income Expense": NaN,
        "Interest Income Non Operating": NaN,
        "Operating Income": NaN,
        "Operating Expense": NaN,
        "Selling General And Administration": NaN,
        "Selling And Marketing Expense": NaN,
        "General And Administrative Expense": NaN,
        "Other Gand A": NaN,
        "Gross Profit": NaN,
        "Cost Of Revenue": NaN,
        "Total Revenue": NaN,
        "Operating Revenue": NaN
    },
    "2023-09-30": {
        "Tax Effect Of Unusual Items": NaN,
        "Tax Rate For Calcs": NaN,
        "Normalized EBITDA": NaN,
        "Net Income From Continuing Operation Net Minority Interest": NaN,
        "Reconciled Depreciation": NaN,
        "Reconciled Cost Of Revenue": NaN,
        "EBITDA": NaN,
        "EBIT": NaN,
        "Net Interest Income": NaN,
        "Interest Income": 2742000.0,
        "Normalized Income": NaN,
        "Net Income From Continuing And Discontinued Operation": NaN,
        "Total Expenses": NaN,
        "Total Operating Income As Reported": NaN,
        "Diluted Average Shares": 100879576.0,
        "Basic Average Shares": 95502250.0,
        "Diluted EPS": 0.16,
        "Basic EPS": 0.17,
        "Diluted NI Availto Com Stockholders": NaN,
        "Net Income Common Stockholders": NaN,
        "Net Income": NaN,
        "Net Income Including Noncontrolling Interests": NaN,
        "Net Income Continuous Operations": NaN,
        "Tax Provision": NaN,
        "Pretax Income": NaN,
        "Other Income Expense": 1708000.0,
        "Other Non Operating Income Expenses": 1708000.0,
        "Net Non Operating Interest Income Expense": NaN,
        "Interest Income Non Operating": 2742000.0,
        "Operating Income": NaN,
        "Operating Expense": NaN,
        "Selling General And Administration": NaN,
        "Selling And Marketing Expense": NaN,
        "General And Administrative Expense": NaN,
        "Other Gand A": NaN,
        "Gross Profit": NaN,
        "Cost Of Revenue": NaN,
        "Total Revenue": NaN,
        "Operating Revenue": NaN
    },
    "2023-12-31": {
        "Tax Effect Of Unusual Items": 0.0,
        "Tax Rate For Calcs": 0.171689,
        "Normalized EBITDA": 14434000.0,
        "Net Income From Continuing Operation Net Minority Interest": 13470000.0,
        "Reconciled Depreciation": 634000.0,
        "Reconciled Cost Of Revenue": 213046000.0,
        "EBITDA": 14434000.0,
        "EBIT": 13800000.0,
        "Net Interest Income": 742000.0,
        "Interest Income": NaN,
        "Normalized Income": 13470000.0,
        "Net Income From Continuing And Discontinued Operation": 13470000.0,
        "Total Expenses": 256140000.0,
        "Total Operating Income As Reported": 13800000.0,
        "Diluted Average Shares": 100748054.0,
        "Basic Average Shares": 95980425.0,
        "Diluted EPS": 0.13,
        "Basic EPS": 0.14,
        "Diluted NI Availto Com Stockholders": 13470000.0,
        "Net Income Common Stockholders": 13470000.0,
        "Net Income": 13470000.0,
        "Net Income Including Noncontrolling Interests": 13470000.0,
        "Net Income Continuous Operations": 13470000.0,
        "Tax Provision": 2792000.0,
        "Pretax Income": 16262000.0,
        "Other Income Expense": 1720000.0,
        "Other Non Operating Income Expenses": 1720000.0,
        "Net Non Operating Interest Income Expense": 742000.0,
        "Interest Income Non Operating": NaN,
        "Operating Income": 13800000.0,
        "Operating Expense": 43094000.0,
        "Selling General And Administration": 43094000.0,
        "Selling And Marketing Expense": 14911000.0,
        "General And Administrative Expense": 28183000.0,
        "Other Gand A": 28183000.0,
        "Gross Profit": 56894000.0,
        "Cost Of Revenue": 213046000.0,
        "Total Revenue": 269940000.0,
        "Operating Revenue": 269940000.0
    },
    "2024-03-31": {
        "Tax Effect Of Unusual Items": 0.0,
        "Tax Rate For Calcs": 0.249478,
        "Normalized EBITDA": 19239000.0,
        "Net Income From Continuing Operation Net Minority Interest": 16898000.0,
        "Reconciled Depreciation": 716000.0,
        "Reconciled Cost Of Revenue": 215672000.0,
        "EBITDA": 19239000.0,
        "EBIT": 18523000.0,
        "Net Interest Income": 632000.0,
        "Interest Income": 632000.0,
        "Normalized Income": 16898000.0,
        "Net Income From Continuing And Discontinued Operation": 16898000.0,
        "Total Expenses": 259555000.0,
        "Total Operating Income As Reported": 18523000.0,
        "Diluted Average Shares": 101052933.0,
        "Basic Average Shares": 96484657.0,
        "Diluted EPS": 0.17,
        "Basic EPS": 0.18,
        "Diluted NI Availto Com Stockholders": 16898000.0,
        "Net Income Common Stockholders": 16898000.0,
        "Net Income": 16898000.0,
        "Net Income Including Noncontrolling Interests": 16898000.0,
        "Net Income Continuous Operations": 16898000.0,
        "Tax Provision": 5617000.0,
        "Pretax Income": 22515000.0,
        "Other Income Expense": 3360000.0,
        "Other Non Operating Income Expenses": 3360000.0,
        "Net Non Operating Interest Income Expense": 632000.0,
        "Interest Income Non Operating": 632000.0,
        "Operating Income": 18523000.0,
        "Operating Expense": 43883000.0,
        "Selling General And Administration": 43883000.0,
        "Selling And Marketing Expense": 15454000.0,
        "General And Administrative Expense": 28429000.0,
        "Other Gand A": 28429000.0,
        "Gross Profit": 62406000.0,
        "Cost Of Revenue": 215672000.0,
        "Total Revenue": 278078000.0,
        "Operating Revenue": 278078000.0
    },
    "2024-06-30": {
        "Tax Effect Of Unusual Items": 0.0,
        "Tax Rate For Calcs": 0.342362,
        "Normalized EBITDA": 21441000.0,
        "Net Income From Continuing Operation Net Minority Interest": 16485000.0,
        "Reconciled Depreciation": 754000.0,
        "Reconciled Cost Of Revenue": 235806000.0,
        "EBITDA": 21441000.0,
        "EBIT": 20687000.0,
        "Net Interest Income": 816000.0,
        "Interest Income": 816000.0,
        "Normalized Income": 16485000.0,
        "Net Income From Continuing And Discontinued Operation": 16485000.0,
        "Total Expenses": 283400000.0,
        "Total Operating Income As Reported": 20687000.0,
        "Diluted Average Shares": 97839576.0,
        "Basic Average Shares": 93868409.0,
        "Diluted EPS": 0.17,
        "Basic EPS": 0.18,
        "Diluted NI Availto Com Stockholders": 16485000.0,
        "Net Income Common Stockholders": 16485000.0,
        "Net Income": 16485000.0,
        "Net Income Including Noncontrolling Interests": 16485000.0,
        "Net Income Continuous Operations": 16485000.0,
        "Tax Provision": 8582000.0,
        "Pretax Income": 25067000.0,
        "Other Income Expense": 3564000.0,
        "Other Non Operating Income Expenses": 3564000.0,
        "Net Non Operating Interest Income Expense": 816000.0,
        "Interest Income Non Operating": 816000.0,
        "Operating Income": 20687000.0,
        "Operating Expense": 47594000.0,
        "Selling General And Administration": 47594000.0,
        "Selling And Marketing Expense": 16421000.0,
        "General And Administrative Expense": 31173000.0,
        "Other Gand A": 31173000.0,
        "Gross Profit": 68281000.0,
        "Cost Of Revenue": 235806000.0,
        "Total Revenue": 304087000.0,
        "Operating Revenue": 304087000.0
    },
    "2024-09-30": {
        "Tax Effect Of Unusual Items": 0.0,
        "Tax Rate For Calcs": 0.21,
        "Normalized EBITDA": 13295000.0,
        "Net Income From Continuing Operation Net Minority Interest": 10421000.0,
        "Reconciled Depreciation": 837000.0,
        "Reconciled Cost Of Revenue": 227381000.0,
        "EBITDA": 13295000.0,
        "EBIT": 12458000.0,
        "Net Interest Income": 5504000.0,
        "Interest Income": 5504000.0,
        "Normalized Income": 10421000.0,
        "Net Income From Continuing And Discontinued Operation": 10421000.0,
        "Total Expenses": 274167000.0,
        "Total Operating Income As Reported": 12458000.0,
        "Diluted Average Shares": 93821812.0,
        "Basic Average Shares": 90067675.0,
        "Diluted EPS": 0.11,
        "Basic EPS": 0.12,
        "Diluted NI Availto Com Stockholders": 10421000.0,
        "Net Income Common Stockholders": 10421000.0,
        "Net Income": 10421000.0,
        "Net Income Including Noncontrolling Interests": 10421000.0,
        "Net Income Continuous Operations": 10421000.0,
        "Tax Provision": 7541000.0,
        "Pretax Income": 17962000.0,
        "Other Income Expense": NaN,
        "Other Non Operating Income Expenses": NaN,
        "Net Non Operating Interest Income Expense": 5504000.0,
        "Interest Income Non Operating": 5504000.0,
        "Operating Income": 12458000.0,
        "Operating Expense": 46786000.0,
        "Selling General And Administration": 46786000.0,
        "Selling And Marketing Expense": 16457000.0,
        "General And Administrative Expense": 30329000.0,
        "Other Gand A": 30329000.0,
        "Gross Profit": 59244000.0,
        "Cost Of Revenue": 227381000.0,
        "Total Revenue": 286625000.0,
        "Operating Revenue": 286625000.0
    },
    "2024-12-31": {
        "Tax Effect Of Unusual Items": 0.0,
        "Tax Rate For Calcs": 0.4,
        "Normalized EBITDA": 16655000.0,
        "Net Income From Continuing Operation Net Minority Interest": 10532000.0,
        "Reconciled Depreciation": 868000.0,
        "Reconciled Cost Of Revenue": 234999000.0,
        "EBITDA": 16655000.0,
        "EBIT": 15787000.0,
        "Net Interest Income": 1871000.0,
        "Interest Income": 1871000.0,
        "Normalized Income": 10532000.0,
        "Net Income From Continuing And Discontinued Operation": 10532000.0,
        "Total Expenses": 282644000.0,
        "Total Operating Income As Reported": 15787000.0,
        "Diluted Average Shares": NaN,
        "Basic Average Shares": NaN,
        "Diluted EPS": NaN,
        "Basic EPS": NaN,
        "Diluted NI Availto Com Stockholders": 10532000.0,
        "Net Income Common Stockholders": 10532000.0,
        "Net Income": 10532000.0,
        "Net Income Including Noncontrolling Interests": 10532000.0,
        "Net Income Continuous Operations": 10532000.0,
        "Tax Provision": 7126000.0,
        "Pretax Income": 17658000.0,
        "Other Income Expense": NaN,
        "Other Non Operating Income Expenses": NaN,
        "Net Non Operating Interest Income Expense": 1871000.0,
        "Interest Income Non Operating": 1871000.0,
        "Operating Income": 15787000.0,
        "Operating Expense": 47645000.0,
        "Selling General And Administration": 47645000.0,
        "Selling And Marketing Expense": 15616000.0,
        "General And Administrative Expense": 32029000.0,
        "Other Gand A": 32029000.0,
        "Gross Profit": 63432000.0,
        "Cost Of Revenue": 234999000.0,
        "Total Revenue": 298431000.0,
        "Operating Revenue": 298431000.0
    }
}