{
    "2023-03-31": {
        "Tax Effect Of Unusual Items": NaN,
        "Tax Rate For Calcs": NaN,
        "Normalized EBITDA": NaN,
        "Total Unusual Items": NaN,
        "Total Unusual Items Excluding Goodwill": NaN,
        "Net Income From Continuing Operation Net Minority Interest": NaN,
        "Reconciled Depreciation": NaN,
        "EBITDA": NaN,
        "EBIT": NaN,
        "Net Interest Income": NaN,
        "Interest Expense": NaN,
        "Normalized Income": NaN,
        "Net Income From Continuing And Discontinued Operation": NaN,
        "Total Expenses": NaN,
        "Rent Expense Supplemental": 27000.0,
        "Diluted Average Shares": NaN,
        "Basic Average Shares": NaN,
        "Diluted EPS": NaN,
        "Basic EPS": NaN,
        "Diluted NI Availto Com Stockholders": NaN,
        "Net Income Common Stockholders": NaN,
        "Net Income": NaN,
        "Net Income Including Noncontrolling Interests": NaN,
        "Net Income Continuous Operations": NaN,
        "Tax Provision": NaN,
        "Pretax Income": NaN,
        "Other Income Expense": NaN,
        "Other Non Operating Income Expenses": NaN,
        "Special Income Charges": NaN,
        "Gain On Sale Of Ppe": NaN,
        "Write Off": NaN,
        "Impairment Of Capital Assets": NaN,
        "Restructuring And Mergern Acquisition": 0.0,
        "Gain On Sale Of Security": NaN,
        "Net Non Operating Interest Income Expense": NaN,
        "Interest Expense Non Operating": NaN,
        "Operating Income": NaN,
        "Operating Expense": NaN,
        "Other Operating Expenses": NaN,
        "Depreciation Amortization Depletion Income Statement": NaN,
        "Depreciation And Amortization In Income Statement": NaN,
        "Selling General And Administration": NaN,
        "Selling And Marketing Expense": NaN,
        "General And Administrative Expense": NaN,
        "Other Gand A": NaN,
        "Rent And Landing Fees": 27000.0,
        "Salaries And Wages": NaN,
        "Total Revenue": NaN,
        "Operating Revenue": NaN
    },
    "2022-12-31": {
        "Tax Effect Of Unusual Items": NaN,
        "Tax Rate For Calcs": NaN,
        "Normalized EBITDA": NaN,
        "Total Unusual Items": NaN,
        "Total Unusual Items Excluding Goodwill": NaN,
        "Net Income From Continuing Operation Net Minority Interest": NaN,
        "Reconciled Depreciation": NaN,
        "EBITDA": NaN,
        "EBIT": NaN,
        "Net Interest Income": NaN,
        "Interest Expense": NaN,
        "Normalized Income": NaN,
        "Net Income From Continuing And Discontinued Operation": NaN,
        "Total Expenses": NaN,
        "Rent Expense Supplemental": 19000.0,
        "Diluted Average Shares": NaN,
        "Basic Average Shares": NaN,
        "Diluted EPS": NaN,
        "Basic EPS": NaN,
        "Diluted NI Availto Com Stockholders": NaN,
        "Net Income Common Stockholders": NaN,
        "Net Income": NaN,
        "Net Income Including Noncontrolling Interests": NaN,
        "Net Income Continuous Operations": NaN,
        "Tax Provision": NaN,
        "Pretax Income": NaN,
        "Other Income Expense": NaN,
        "Other Non Operating Income Expenses": NaN,
        "Special Income Charges": NaN,
        "Gain On Sale Of Ppe": NaN,
        "Write Off": NaN,
        "Impairment Of Capital Assets": 0.0,
        "Restructuring And Mergern Acquisition": 0.0,
        "Gain On Sale Of Security": NaN,
        "Net Non Operating Interest Income Expense": NaN,
        "Interest Expense Non Operating": NaN,
        "Operating Income": NaN,
        "Operating Expense": NaN,
        "Other Operating Expenses": NaN,
        "Depreciation Amortization Depletion Income Statement": NaN,
        "Depreciation And Amortization In Income Statement": NaN,
        "Selling General And Administration": NaN,
        "Selling And Marketing Expense": NaN,
        "General And Administrative Expense": NaN,
        "Other Gand A": NaN,
        "Rent And Landing Fees": 19000.0,
        "Salaries And Wages": NaN,
        "Total Revenue": NaN,
        "Operating Revenue": NaN
    },
    "2022-09-30": {
        "Tax Effect Of Unusual Items": NaN,
        "Tax Rate For Calcs": NaN,
        "Normalized EBITDA": NaN,
        "Total Unusual Items": NaN,
        "Total Unusual Items Excluding Goodwill": NaN,
        "Net Income From Continuing Operation Net Minority Interest": NaN,
        "Reconciled Depreciation": NaN,
        "EBITDA": NaN,
        "EBIT": NaN,
        "Net Interest Income": NaN,
        "Interest Expense": NaN,
        "Normalized Income": NaN,
        "Net Income From Continuing And Discontinued Operation": NaN,
        "Total Expenses": NaN,
        "Rent Expense Supplemental": NaN,
        "Diluted Average Shares": NaN,
        "Basic Average Shares": NaN,
        "Diluted EPS": NaN,
        "Basic EPS": NaN,
        "Diluted NI Availto Com Stockholders": NaN,
        "Net Income Common Stockholders": NaN,
        "Net Income": NaN,
        "Net Income Including Noncontrolling Interests": NaN,
        "Net Income Continuous Operations": NaN,
        "Tax Provision": NaN,
        "Pretax Income": NaN,
        "Other Income Expense": NaN,
        "Other Non Operating Income Expenses": NaN,
        "Special Income Charges": NaN,
        "Gain On Sale Of Ppe": NaN,
        "Write Off": NaN,
        "Impairment Of Capital Assets": 0.0,
        "Restructuring And Mergern Acquisition": 0.0,
        "Gain On Sale Of Security": NaN,
        "Net Non Operating Interest Income Expense": NaN,
        "Interest Expense Non Operating": NaN,
        "Operating Income": NaN,
        "Operating Expense": NaN,
        "Other Operating Expenses": NaN,
        "Depreciation Amortization Depletion Income Statement": NaN,
        "Depreciation And Amortization In Income Statement": NaN,
        "Selling General And Administration": NaN,
        "Selling And Marketing Expense": NaN,
        "General And Administrative Expense": NaN,
        "Other Gand A": NaN,
        "Rent And Landing Fees": NaN,
        "Salaries And Wages": NaN,
        "Total Revenue": NaN,
        "Operating Revenue": NaN
    },
    "2022-06-30": {
        "Tax Effect Of Unusual Items": 5327600.0,
        "Tax Rate For Calcs": 0.4,
        "Normalized EBITDA": -2325000.0,
        "Total Unusual Items": 13319000.0,
        "Total Unusual Items Excluding Goodwill": 13319000.0,
        "Net Income From Continuing Operation Net Minority Interest": 3821000.0,
        "Reconciled Depreciation": 5920000.0,
        "EBITDA": 10994000.0,
        "EBIT": 5074000.0,
        "Net Interest Income": -1284000.0,
        "Interest Expense": 1284000.0,
        "Normalized Income": -4170400.0,
        "Net Income From Continuing And Discontinued Operation": 3821000.0,
        "Total Expenses": 39556000.0,
        "Rent Expense Supplemental": 58000.0,
        "Diluted Average Shares": 165049456.0,
        "Basic Average Shares": 161287206.0,
        "Diluted EPS": 0.02,
        "Basic EPS": 0.02,
        "Diluted NI Availto Com Stockholders": 3821000.0,
        "Net Income Common Stockholders": 3821000.0,
        "Net Income": 3821000.0,
        "Net Income Including Noncontrolling Interests": 3821000.0,
        "Net Income Continuous Operations": 3821000.0,
        "Tax Provision": -31000.0,
        "Pretax Income": 3790000.0,
        "Other Income Expense": 11599000.0,
        "Other Non Operating Income Expenses": -1720000.0,
        "Special Income Charges": 1548000.0,
        "Gain On Sale Of Ppe": -77000.0,
        "Other Special Charges": -188000.0,
        "Write Off": 438000.0,
        "Impairment Of Capital Assets": 0.0,
        "Restructuring And Mergern Acquisition": -1875000.0,
        "Gain On Sale Of Security": 11771000.0,
        "Net Non Operating Interest Income Expense": -1284000.0,
        "Interest Expense Non Operating": 1284000.0,
        "Operating Income": -6525000.0,
        "Operating Expense": 39556000.0,
        "Other Operating Expenses": 3867000.0,
        "Depreciation Amortization Depletion Income Statement": 5920000.0,
        "Depreciation And Amortization In Income Statement": 5920000.0,
        "Selling General And Administration": 33636000.0,
        "Selling And Marketing Expense": 8974000.0,
        "General And Administrative Expense": 24662000.0,
        "Other Gand A": 6180000.0,
        "Rent And Landing Fees": 58000.0,
        "Salaries And Wages": 18424000.0,
        "Total Revenue": 33031000.0,
        "Operating Revenue": 33031000.0
    },
    "2022-03-31": {
        "Diluted EPS": -0.9,
        "Total Revenue": 29,
        "Gross Profit": 29,
        "Operating Income": -13,
        "EBIT": -8,
        "Net Income": -120
    },
    "2021-12-31": {
        "Diluted EPS": -74.91,
        "Total Revenue": 29,
        "Gross Profit": 29,
        "Operating Income": -17,
        "EBIT": -16,
        "Net Income": 20
    },
    "2021-09-30": {
        "Diluted EPS": -0.08,
        "Total Revenue": 24,
        "Gross Profit": 24,
        "Operating Income": -6,
        "EBIT": -2,
        "Net Income": -10
    },
    "2021-06-30": {
        "Diluted EPS": -2.48,
        "Total Revenue": 23,
        "Gross Profit": 23,
        "Operating Income": -7,
        "EBIT": -7,
        "Net Income": -140
    },
    "2021-03-31": {
        "Diluted EPS": -1.38,
        "Total Revenue": NaN,
        "Gross Profit": NaN,
        "Operating Income": 0,
        "EBIT": 0,
        "Net Income": -10
    },
    "2020-12-31": {
        "Diluted EPS": 0.0,
        "Total Revenue": NaN,
        "Gross Profit": NaN,
        "Operating Income": NaN,
        "EBIT": NaN,
        "Net Income": NaN
    },
    "2020-09-30": {
        "Diluted EPS": 0.0,
        "Total Revenue": NaN,
        "Gross Profit": NaN,
        "Operating Income": NaN,
        "EBIT": NaN,
        "Net Income": NaN
    },
    "2019-12-31": {
        "Diluted EPS": 0.0,
        "Total Revenue": NaN,
        "Gross Profit": NaN,
        "Operating Income": NaN,
        "EBIT": NaN,
        "Net Income": NaN
    },
    "2023-06-30": {
        "Tax Effect Of Unusual Items": -1230290.0,
        "Tax Rate For Calcs": 0.17,
        "Normalized EBITDA": 6941000.0,
        "Total Unusual Items": -7237000.0,
        "Total Unusual Items Excluding Goodwill": -7237000.0,
        "Net Income From Continuing Operation Net Minority Interest": -6476000.0,
        "Reconciled Depreciation": 5800000.0,
        "EBITDA": -296000.0,
        "EBIT": -6096000.0,
        "Net Interest Income": -116000.0,
        "Interest Expense": 116000.0,
        "Normalized Income": -469290.0,
        "Net Income From Continuing And Discontinued Operation": -6476000.0,
        "Total Expenses": 36627000.0,
        "Rent Expense Supplemental": NaN,
        "Diluted Average Shares": 161900000.0,
        "Basic Average Shares": 161900000.0,
        "Diluted EPS": -0.04,
        "Basic EPS": -0.04,
        "Diluted NI Availto Com Stockholders": -6476000.0,
        "Net Income Common Stockholders": -6476000.0,
        "Net Income": -6476000.0,
        "Net Income Including Noncontrolling Interests": -6476000.0,
        "Net Income Continuous Operations": -6476000.0,
        "Tax Provision": 264000.0,
        "Pretax Income": -6212000.0,
        "Other Income Expense": -6349000.0,
        "Other Non Operating Income Expenses": 888000.0,
        "Special Income Charges": -6435000.0,
        "Gain On Sale Of Ppe": 2000.0,
        "Write Off": 716000.0,
        "Impairment Of Capital Assets": 5719000.0,
        "Restructuring And Mergern Acquisition": NaN,
        "Gain On Sale Of Security": -802000.0,
        "Net Non Operating Interest Income Expense": -116000.0,
        "Interest Expense Non Operating": 116000.0,
        "Operating Income": 253000.0,
        "Operating Expense": 36627000.0,
        "Other Operating Expenses": 2945000.0,
        "Depreciation Amortization Depletion Income Statement": 5800000.0,
        "Depreciation And Amortization In Income Statement": 5800000.0,
        "Selling General And Administration": 27882000.0,
        "Selling And Marketing Expense": 5445000.0,
        "General And Administrative Expense": 22437000.0,
        "Other Gand A": 2060000.0,
        "Rent And Landing Fees": NaN,
        "Salaries And Wages": 20377000.0,
        "Total Revenue": 36880000.0,
        "Operating Revenue": 36880000.0
    },
    "2023-09-30": {
        "Tax Effect Of Unusual Items": -617806.185567,
        "Tax Rate For Calcs": 0.356701,
        "Normalized EBITDA": 8408000.0,
        "Total Unusual Items": -1732000.0,
        "Total Unusual Items Excluding Goodwill": -1732000.0,
        "Net Income From Continuing Operation Net Minority Interest": 312000.0,
        "Reconciled Depreciation": 6037000.0,
        "EBITDA": 6676000.0,
        "EBIT": 603000.0,
        "Net Interest Income": -118000.0,
        "Interest Expense": 118000.0,
        "Normalized Income": 1426193.814433,
        "Net Income From Continuing And Discontinued Operation": 312000.0,
        "Total Expenses": 38337000.0,
        "Rent Expense Supplemental": NaN,
        "Diluted Average Shares": 162913831.0,
        "Basic Average Shares": 162913831.0,
        "Diluted EPS": 0.001915,
        "Basic EPS": 0.001915,
        "Diluted NI Availto Com Stockholders": 312000.0,
        "Net Income Common Stockholders": 312000.0,
        "Net Income": 312000.0,
        "Net Income Including Noncontrolling Interests": 312000.0,
        "Net Income Continuous Operations": 312000.0,
        "Tax Provision": 173000.0,
        "Pretax Income": 485000.0,
        "Other Income Expense": -181000.0,
        "Other Non Operating Income Expenses": 1551000.0,
        "Special Income Charges": 335000.0,
        "Gain On Sale Of Ppe": NaN,
        "Write Off": -158000.0,
        "Impairment Of Capital Assets": -177000.0,
        "Restructuring And Mergern Acquisition": 0.0,
        "Gain On Sale Of Security": -2067000.0,
        "Net Non Operating Interest Income Expense": -118000.0,
        "Interest Expense Non Operating": 118000.0,
        "Operating Income": 784000.0,
        "Operating Expense": 38337000.0,
        "Other Operating Expenses": 6384000.0,
        "Depreciation Amortization Depletion Income Statement": 6073000.0,
        "Depreciation And Amortization In Income Statement": 6073000.0,
        "Selling General And Administration": 25880000.0,
        "Selling And Marketing Expense": 6217000.0,
        "General And Administrative Expense": 19663000.0,
        "Other Gand A": 1767000.0,
        "Rent And Landing Fees": NaN,
        "Salaries And Wages": 17896000.0,
        "Total Revenue": 39121000.0,
        "Operating Revenue": 39121000.0
    },
    "2023-12-31": {
        "Tax Effect Of Unusual Items": 433160.0,
        "Tax Rate For Calcs": 0.17,
        "Normalized EBITDA": 8358000.0,
        "Total Unusual Items": 2548000.0,
        "Total Unusual Items Excluding Goodwill": 2548000.0,
        "Net Income From Continuing Operation Net Minority Interest": 1100000.0,
        "Reconciled Depreciation": 6188000.0,
        "EBITDA": 10906000.0,
        "EBIT": 4718000.0,
        "Net Interest Income": 7686000.0,
        "Interest Expense": 180000.0,
        "Normalized Income": -1014840.0,
        "Net Income From Continuing And Discontinued Operation": 1100000.0,
        "Total Expenses": 38220000.0,
        "Rent Expense Supplemental": NaN,
        "Diluted Average Shares": 163931445.0,
        "Basic Average Shares": 163931445.0,
        "Diluted EPS": 0.01,
        "Basic EPS": 0.01,
        "Diluted NI Availto Com Stockholders": 1100000.0,
        "Net Income Common Stockholders": 1100000.0,
        "Net Income": 1100000.0,
        "Net Income Including Noncontrolling Interests": 1100000.0,
        "Net Income Continuous Operations": 1100000.0,
        "Tax Provision": 3438000.0,
        "Pretax Income": 4538000.0,
        "Other Income Expense": -6434000.0,
        "Other Non Operating Income Expenses": -8982000.0,
        "Special Income Charges": 1108000.0,
        "Gain On Sale Of Ppe": NaN,
        "Write Off": -642000.0,
        "Impairment Of Capital Assets": -6000.0,
        "Restructuring And Mergern Acquisition": 0.0,
        "Gain On Sale Of Security": 1440000.0,
        "Net Non Operating Interest Income Expense": 7686000.0,
        "Interest Expense Non Operating": 180000.0,
        "Operating Income": 3286000.0,
        "Operating Expense": 38220000.0,
        "Other Operating Expenses": 6138000.0,
        "Depreciation Amortization Depletion Income Statement": 6188000.0,
        "Depreciation And Amortization In Income Statement": 6188000.0,
        "Selling General And Administration": 25894000.0,
        "Selling And Marketing Expense": 9651000.0,
        "General And Administrative Expense": 16243000.0,
        "Other Gand A": 1289000.0,
        "Rent And Landing Fees": NaN,
        "Salaries And Wages": 14954000.0,
        "Total Revenue": 41506000.0,
        "Operating Revenue": 41506000.0
    },
    "2024-03-31": {
        "Tax Effect Of Unusual Items": -195330.0,
        "Tax Rate For Calcs": 0.17,
        "Normalized EBITDA": 1744000.0,
        "Total Unusual Items": -1149000.0,
        "Total Unusual Items Excluding Goodwill": -1149000.0,
        "Net Income From Continuing Operation Net Minority Interest": -6292000.0,
        "Reconciled Depreciation": 6456000.0,
        "EBITDA": 595000.0,
        "EBIT": -5861000.0,
        "Net Interest Income": -122000.0,
        "Interest Expense": 122000.0,
        "Normalized Income": -5338330.0,
        "Net Income From Continuing And Discontinued Operation": -6292000.0,
        "Total Expenses": 41940000.0,
        "Rent Expense Supplemental": NaN,
        "Diluted Average Shares": 157300000.0,
        "Basic Average Shares": 157300000.0,
        "Diluted EPS": -0.04,
        "Basic EPS": -0.04,
        "Diluted NI Availto Com Stockholders": -6292000.0,
        "Net Income Common Stockholders": -6292000.0,
        "Net Income": -6292000.0,
        "Net Income Including Noncontrolling Interests": -6292000.0,
        "Net Income Continuous Operations": -6292000.0,
        "Tax Provision": 309000.0,
        "Pretax Income": -5983000.0,
        "Other Income Expense": -436000.0,
        "Other Non Operating Income Expenses": 713000.0,
        "Special Income Charges": -128000.0,
        "Gain On Sale Of Ppe": NaN,
        "Write Off": 128000.0,
        "Impairment Of Capital Assets": NaN,
        "Restructuring And Mergern Acquisition": NaN,
        "Gain On Sale Of Security": -1021000.0,
        "Net Non Operating Interest Income Expense": -122000.0,
        "Interest Expense Non Operating": 122000.0,
        "Operating Income": -5425000.0,
        "Operating Expense": 41940000.0,
        "Other Operating Expenses": 4840000.0,
        "Depreciation Amortization Depletion Income Statement": 6456000.0,
        "Depreciation And Amortization In Income Statement": 6456000.0,
        "Selling General And Administration": 30644000.0,
        "Selling And Marketing Expense": 5418000.0,
        "General And Administrative Expense": 25226000.0,
        "Other Gand A": 2141000.0,
        "Rent And Landing Fees": NaN,
        "Salaries And Wages": 23085000.0,
        "Total Revenue": 36515000.0,
        "Operating Revenue": 36515000.0
    },
    "2024-06-30": {
        "Tax Effect Of Unusual Items": -212330.0,
        "Tax Rate For Calcs": 0.17,
        "Normalized EBITDA": -6914000.0,
        "Total Unusual Items": -1249000.0,
        "Total Unusual Items Excluding Goodwill": -1249000.0,
        "Net Income From Continuing Operation Net Minority Interest": -16125000.0,
        "Reconciled Depreciation": 6898000.0,
        "EBITDA": -8163000.0,
        "EBIT": -15061000.0,
        "Net Interest Income": -116000.0,
        "Interest Expense": 116000.0,
        "Normalized Income": -15088330.0,
        "Net Income From Continuing And Discontinued Operation": -16125000.0,
        "Total Expenses": 42355000.0,
        "Rent Expense Supplemental": NaN,
        "Diluted Average Shares": 161250000.0,
        "Basic Average Shares": 161250000.0,
        "Diluted EPS": -0.1,
        "Basic EPS": -0.1,
        "Diluted NI Availto Com Stockholders": -16125000.0,
        "Net Income Common Stockholders": -16125000.0,
        "Net Income": -16125000.0,
        "Net Income Including Noncontrolling Interests": -16125000.0,
        "Net Income Continuous Operations": -16125000.0,
        "Tax Provision": 948000.0,
        "Pretax Income": -15177000.0,
        "Other Income Expense": -13384000.0,
        "Other Non Operating Income Expenses": -12135000.0,
        "Special Income Charges": 306000.0,
        "Gain On Sale Of Ppe": NaN,
        "Write Off": -306000.0,
        "Impairment Of Capital Assets": 0.0,
        "Restructuring And Mergern Acquisition": NaN,
        "Gain On Sale Of Security": -1555000.0,
        "Net Non Operating Interest Income Expense": -116000.0,
        "Interest Expense Non Operating": 116000.0,
        "Operating Income": -1677000.0,
        "Operating Expense": 42355000.0,
        "Other Operating Expenses": 3068000.0,
        "Depreciation Amortization Depletion Income Statement": 6898000.0,
        "Depreciation And Amortization In Income Statement": 6898000.0,
        "Selling General And Administration": 32389000.0,
        "Selling And Marketing Expense": 6340000.0,
        "General And Administrative Expense": 26049000.0,
        "Other Gand A": 5717000.0,
        "Rent And Landing Fees": NaN,
        "Salaries And Wages": 20332000.0,
        "Total Revenue": 40678000.0,
        "Operating Revenue": 40678000.0
    }
}