{
    "2023-03-31": {
        "Tax Effect Of Unusual Items": NaN,
        "Tax Rate For Calcs": NaN,
        "Normalized EBITDA": NaN,
        "Total Unusual Items": NaN,
        "Total Unusual Items Excluding Goodwill": NaN,
        "Net Income From Continuing Operation Net Minority Interest": NaN,
        "Reconciled Depreciation": NaN,
        "Reconciled Cost Of Revenue": NaN,
        "EBITDA": NaN,
        "EBIT": NaN,
        "Net Interest Income": NaN,
        "Interest Expense": NaN,
        "Interest Income": NaN,
        "Normalized Income": NaN,
        "Net Income From Continuing And Discontinued Operation": NaN,
        "Total Expenses": NaN,
        "Total Operating Income As Reported": NaN,
        "Diluted Average Shares": 64252632.0,
        "Basic Average Shares": 64252632.0,
        "Diluted EPS": -0.19,
        "Basic EPS": -0.19,
        "Diluted NI Availto Com Stockholders": NaN,
        "Net Income Common Stockholders": NaN,
        "Net Income": NaN,
        "Net Income Including Noncontrolling Interests": NaN,
        "Net Income Continuous Operations": NaN,
        "Tax Provision": NaN,
        "Pretax Income": NaN,
        "Other Income Expense": NaN,
        "Earnings From Equity Interest": NaN,
        "Gain On Sale Of Security": NaN,
        "Net Non Operating Interest Income Expense": NaN,
        "Interest Expense Non Operating": NaN,
        "Interest Income Non Operating": NaN,
        "Operating Income": NaN,
        "Operating Expense": NaN,
        "Other Operating Expenses": NaN,
        "Research And Development": NaN,
        "Selling General And Administration": NaN,
        "Selling And Marketing Expense": NaN,
        "General And Administrative Expense": NaN,
        "Other Gand A": NaN,
        "Gross Profit": NaN,
        "Cost Of Revenue": NaN,
        "Total Revenue": NaN,
        "Operating Revenue": NaN
    },
    "2022-12-31": {
        "Tax Effect Of Unusual Items": 0.0,
        "Tax Rate For Calcs": 0.190908,
        "Normalized EBITDA": -9730000.0,
        "Net Income From Continuing Operation Net Minority Interest": -14630000.0,
        "Reconciled Depreciation": 6972000.0,
        "Reconciled Cost Of Revenue": 6274000.0,
        "EBITDA": -9730000.0,
        "EBIT": -16702000.0,
        "Net Interest Income": -6297000.0,
        "Interest Expense": 1380000.0,
        "Interest Income": -9212000.0,
        "Normalized Income": -14630000.0,
        "Net Income From Continuing And Discontinued Operation": -14630000.0,
        "Total Expenses": 72665000.0,
        "Total Operating Income As Reported": -10177000.0,
        "Diluted Average Shares": NaN,
        "Basic Average Shares": NaN,
        "Diluted EPS": NaN,
        "Basic EPS": NaN,
        "Diluted NI Availto Com Stockholders": -14630000.0,
        "Net Income Common Stockholders": -14630000.0,
        "Net Income": -14630000.0,
        "Net Income Including Noncontrolling Interests": -14630000.0,
        "Net Income Continuous Operations": -14630000.0,
        "Tax Provision": -3452000.0,
        "Pretax Income": -18082000.0,
        "Other Income Expense": 6258000.0,
        "Earnings From Equity Interest": -423000.0,
        "Net Non Operating Interest Income Expense": -6297000.0,
        "Interest Expense Non Operating": 1380000.0,
        "Interest Income Non Operating": -9212000.0,
        "Operating Income": -18043000.0,
        "Operating Expense": 66391000.0,
        "Other Operating Expenses": 22359000.0,
        "Research And Development": 10892000.0,
        "Selling General And Administration": 30123000.0,
        "Selling And Marketing Expense": 28984000.0,
        "General And Administrative Expense": 1139000.0,
        "Other Gand A": -13729000.0,
        "Gross Profit": 48348000.0,
        "Cost Of Revenue": 6274000.0,
        "Total Revenue": 54621000.0,
        "Operating Revenue": 54621000.0
    },
    "2022-09-30": {
        "Tax Effect Of Unusual Items": 0.0,
        "Tax Rate For Calcs": 0.019183,
        "Normalized EBITDA": 12481000.0,
        "Net Income From Continuing Operation Net Minority Interest": 9101000.0,
        "Reconciled Depreciation": 1953000.0,
        "Reconciled Cost Of Revenue": 2382000.0,
        "EBITDA": 12481000.0,
        "EBIT": 10528000.0,
        "Net Interest Income": 8099000.0,
        "Interest Expense": 1249000.0,
        "Interest Income": 9297000.0,
        "Normalized Income": 9101000.0,
        "Net Income From Continuing And Discontinued Operation": 9101000.0,
        "Total Expenses": 46473000.0,
        "Total Operating Income As Reported": 7764000.0,
        "Diluted Average Shares": 68640600.0,
        "Basic Average Shares": 66436167.0,
        "Diluted EPS": 0.13,
        "Basic EPS": 0.14,
        "Diluted NI Availto Com Stockholders": 9101000.0,
        "Net Income Common Stockholders": 9101000.0,
        "Net Income": 9101000.0,
        "Net Income Including Noncontrolling Interests": 9101000.0,
        "Net Income Continuous Operations": 9101000.0,
        "Tax Provision": 178000.0,
        "Pretax Income": 9279000.0,
        "Other Income Expense": -6584000.0,
        "Earnings From Equity Interest": -110000.0,
        "Net Non Operating Interest Income Expense": 8099000.0,
        "Interest Expense Non Operating": 1249000.0,
        "Interest Income Non Operating": 9297000.0,
        "Operating Income": 7764000.0,
        "Operating Expense": 44091000.0,
        "Other Operating Expenses": -647000.0,
        "Research And Development": 12343000.0,
        "Selling General And Administration": 32395000.0,
        "Selling And Marketing Expense": 20370000.0,
        "General And Administrative Expense": 12025000.0,
        "Other Gand A": 12025000.0,
        "Gross Profit": 51855000.0,
        "Cost Of Revenue": 2382000.0,
        "Total Revenue": 54238000.0,
        "Operating Revenue": 54238000.0
    },
    "2022-06-30": {
        "Tax Effect Of Unusual Items": 0.0,
        "Tax Rate For Calcs": 0.195071,
        "Normalized EBITDA": 22980000.0,
        "Net Income From Continuing Operation Net Minority Interest": 15742000.0,
        "Reconciled Depreciation": 2073000.0,
        "Reconciled Cost Of Revenue": 4029000.0,
        "EBITDA": 22980000.0,
        "EBIT": 20907000.0,
        "Net Interest Income": -4629000.0,
        "Interest Expense": 1350000.0,
        "Interest Income": -3228000.0,
        "Normalized Income": 15742000.0,
        "Net Income From Continuing And Discontinued Operation": 15742000.0,
        "Total Expenses": 32325000.0,
        "Total Operating Income As Reported": 17821000.0,
        "Diluted Average Shares": 74419400.0,
        "Basic Average Shares": 61813600.0,
        "Diluted EPS": 0.22,
        "Basic EPS": 0.24,
        "Diluted NI Availto Com Stockholders": 15742000.0,
        "Net Income Common Stockholders": 15742000.0,
        "Net Income": 15742000.0,
        "Net Income Including Noncontrolling Interests": 15742000.0,
        "Net Income Continuous Operations": 15742000.0,
        "Tax Provision": 3815000.0,
        "Pretax Income": 19557000.0,
        "Other Income Expense": 6365000.0,
        "Earnings From Equity Interest": -109000.0,
        "Net Non Operating Interest Income Expense": -4629000.0,
        "Interest Expense Non Operating": 1350000.0,
        "Interest Income Non Operating": -3228000.0,
        "Operating Income": 17821000.0,
        "Operating Expense": 28296000.0,
        "Other Operating Expenses": -14082000.0,
        "Research And Development": 14433000.0,
        "Selling General And Administration": 27945000.0,
        "Selling And Marketing Expense": 19252000.0,
        "General And Administrative Expense": 8693000.0,
        "Other Gand A": 8693000.0,
        "Gross Profit": 46117000.0,
        "Cost Of Revenue": 4029000.0,
        "Total Revenue": 50146000.0,
        "Operating Revenue": 50146000.0
    },
    "2022-03-31": {
        "Diluted EPS": 0.05,
        "Total Revenue": 47,
        "Gross Profit": 42,
        "Operating Income": 3,
        "EBIT": 5,
        "Net Income": 3
    },
    "2021-03-31": {
        "Diluted EPS": 0.13,
        "Total Revenue": 44,
        "Gross Profit": 39,
        "Operating Income": 6,
        "EBIT": 8,
        "Net Income": 9
    },
    "2020-12-31": {
        "Diluted EPS": 0.0,
        "Total Revenue": NaN,
        "Gross Profit": NaN,
        "Operating Income": NaN,
        "EBIT": NaN,
        "Net Income": NaN
    },
    "2020-09-30": {
        "Diluted EPS": 0.0,
        "Total Revenue": NaN,
        "Gross Profit": NaN,
        "Operating Income": NaN,
        "EBIT": NaN,
        "Net Income": NaN
    },
    "2020-03-31": {
        "Diluted EPS": 0.13,
        "Total Revenue": 54,
        "Gross Profit": 49,
        "Operating Income": 21,
        "EBIT": 23,
        "Net Income": 9
    },
    "2019-12-31": {
        "Diluted EPS": 0.0,
        "Total Revenue": NaN,
        "Gross Profit": NaN,
        "Operating Income": NaN,
        "EBIT": NaN,
        "Net Income": NaN
    },
    "2023-06-30": {
        "Tax Effect Of Unusual Items": 0.0,
        "Tax Rate For Calcs": 0.258,
        "Normalized EBITDA": 6722000.0,
        "Net Income From Continuing Operation Net Minority Interest": 1319000.0,
        "Reconciled Depreciation": 3162000.0,
        "Reconciled Cost Of Revenue": 5724000.0,
        "EBITDA": 6722000.0,
        "EBIT": 3560000.0,
        "Net Interest Income": 488000.0,
        "Interest Expense": 174000.0,
        "Interest Income": 676000.0,
        "Normalized Income": 1319000.0,
        "Net Income From Continuing And Discontinued Operation": 1319000.0,
        "Total Expenses": 49598000.0,
        "Total Operating Income As Reported": 5299000.0,
        "Diluted Average Shares": NaN,
        "Basic Average Shares": NaN,
        "Diluted EPS": NaN,
        "Basic EPS": NaN,
        "Diluted NI Availto Com Stockholders": 1319000.0,
        "Net Income Common Stockholders": 1319000.0,
        "Net Income": 1319000.0,
        "Net Income Including Noncontrolling Interests": 1319000.0,
        "Net Income Continuous Operations": 1319000.0,
        "Tax Provision": 2067000.0,
        "Pretax Income": 3386000.0,
        "Other Income Expense": -2401000.0,
        "Earnings From Equity Interest": -130000.0,
        "Net Non Operating Interest Income Expense": 488000.0,
        "Interest Expense Non Operating": 174000.0,
        "Interest Income Non Operating": 676000.0,
        "Operating Income": 5299000.0,
        "Operating Expense": 43874000.0,
        "Other Operating Expenses": -21928000.0,
        "Research And Development": 20914000.0,
        "Selling General And Administration": 44888000.0,
        "Selling And Marketing Expense": 33906000.0,
        "General And Administrative Expense": 10982000.0,
        "Other Gand A": 10982000.0,
        "Gross Profit": 49173000.0,
        "Cost Of Revenue": 5724000.0,
        "Total Revenue": 54897000.0,
        "Operating Revenue": 54897000.0
    },
    "2023-09-30": {
        "Tax Effect Of Unusual Items": NaN,
        "Tax Rate For Calcs": NaN,
        "Normalized EBITDA": NaN,
        "Total Unusual Items": NaN,
        "Total Unusual Items Excluding Goodwill": NaN,
        "Net Income From Continuing Operation Net Minority Interest": NaN,
        "Reconciled Depreciation": NaN,
        "Reconciled Cost Of Revenue": NaN,
        "EBITDA": NaN,
        "EBIT": NaN,
        "Net Interest Income": NaN,
        "Interest Expense": NaN,
        "Interest Income": NaN,
        "Normalized Income": NaN,
        "Net Income From Continuing And Discontinued Operation": NaN,
        "Total Expenses": NaN,
        "Total Operating Income As Reported": NaN,
        "Diluted Average Shares": 69280000.0,
        "Basic Average Shares": 69280000.0,
        "Diluted EPS": 0.05,
        "Basic EPS": 0.05,
        "Diluted NI Availto Com Stockholders": NaN,
        "Net Income Common Stockholders": NaN,
        "Net Income": NaN,
        "Minority Interests": NaN,
        "Net Income Including Noncontrolling Interests": NaN,
        "Net Income Continuous Operations": NaN,
        "Tax Provision": NaN,
        "Pretax Income": NaN,
        "Other Income Expense": NaN,
        "Other Non Operating Income Expenses": NaN,
        "Earnings From Equity Interest": NaN,
        "Gain On Sale Of Security": NaN,
        "Net Non Operating Interest Income Expense": NaN,
        "Interest Expense Non Operating": NaN,
        "Interest Income Non Operating": NaN,
        "Operating Income": NaN,
        "Operating Expense": NaN,
        "Other Operating Expenses": -304000.0,
        "Research And Development": NaN,
        "Selling General And Administration": NaN,
        "Selling And Marketing Expense": NaN,
        "General And Administrative Expense": NaN,
        "Other Gand A": NaN,
        "Gross Profit": NaN,
        "Cost Of Revenue": NaN,
        "Total Revenue": NaN,
        "Operating Revenue": NaN
    },
    "2023-12-31": {
        "Tax Effect Of Unusual Items": NaN,
        "Tax Rate For Calcs": NaN,
        "Normalized EBITDA": NaN,
        "Total Unusual Items": NaN,
        "Total Unusual Items Excluding Goodwill": NaN,
        "Net Income From Continuing Operation Net Minority Interest": NaN,
        "Reconciled Depreciation": NaN,
        "Reconciled Cost Of Revenue": NaN,
        "EBITDA": NaN,
        "EBIT": NaN,
        "Net Interest Income": NaN,
        "Interest Expense": NaN,
        "Interest Income": NaN,
        "Normalized Income": NaN,
        "Net Income From Continuing And Discontinued Operation": NaN,
        "Total Expenses": NaN,
        "Total Operating Income As Reported": NaN,
        "Diluted Average Shares": NaN,
        "Basic Average Shares": NaN,
        "Diluted EPS": NaN,
        "Basic EPS": NaN,
        "Diluted NI Availto Com Stockholders": NaN,
        "Net Income Common Stockholders": NaN,
        "Net Income": NaN,
        "Minority Interests": NaN,
        "Net Income Including Noncontrolling Interests": NaN,
        "Net Income Continuous Operations": NaN,
        "Tax Provision": NaN,
        "Pretax Income": NaN,
        "Other Income Expense": NaN,
        "Other Non Operating Income Expenses": NaN,
        "Earnings From Equity Interest": NaN,
        "Gain On Sale Of Security": NaN,
        "Net Non Operating Interest Income Expense": NaN,
        "Interest Expense Non Operating": NaN,
        "Interest Income Non Operating": NaN,
        "Operating Income": NaN,
        "Operating Expense": NaN,
        "Other Operating Expenses": 99633000.0,
        "Research And Development": NaN,
        "Selling General And Administration": NaN,
        "Selling And Marketing Expense": NaN,
        "General And Administrative Expense": NaN,
        "Other Gand A": NaN,
        "Gross Profit": NaN,
        "Cost Of Revenue": NaN,
        "Total Revenue": NaN,
        "Operating Revenue": NaN
    },
    "2024-03-31": {
        "Tax Effect Of Unusual Items": NaN,
        "Tax Rate For Calcs": NaN,
        "Normalized EBITDA": NaN,
        "Total Unusual Items": NaN,
        "Total Unusual Items Excluding Goodwill": NaN,
        "Net Income From Continuing Operation Net Minority Interest": NaN,
        "Reconciled Depreciation": NaN,
        "Reconciled Cost Of Revenue": NaN,
        "EBITDA": NaN,
        "EBIT": NaN,
        "Net Interest Income": NaN,
        "Interest Expense": NaN,
        "Interest Income": NaN,
        "Normalized Income": NaN,
        "Net Income From Continuing And Discontinued Operation": NaN,
        "Total Expenses": NaN,
        "Total Operating Income As Reported": NaN,
        "Diluted Average Shares": 65515789.0,
        "Basic Average Shares": 65515789.0,
        "Diluted EPS": -0.19,
        "Basic EPS": -0.19,
        "Diluted NI Availto Com Stockholders": NaN,
        "Net Income Common Stockholders": NaN,
        "Net Income": NaN,
        "Minority Interests": 0.0,
        "Net Income Including Noncontrolling Interests": NaN,
        "Net Income Continuous Operations": NaN,
        "Tax Provision": NaN,
        "Pretax Income": NaN,
        "Other Income Expense": NaN,
        "Other Non Operating Income Expenses": NaN,
        "Earnings From Equity Interest": NaN,
        "Gain On Sale Of Security": NaN,
        "Net Non Operating Interest Income Expense": NaN,
        "Interest Expense Non Operating": NaN,
        "Interest Income Non Operating": NaN,
        "Operating Income": NaN,
        "Operating Expense": NaN,
        "Other Operating Expenses": -345000.0,
        "Research And Development": NaN,
        "Selling General And Administration": NaN,
        "Selling And Marketing Expense": NaN,
        "General And Administrative Expense": NaN,
        "Other Gand A": NaN,
        "Gross Profit": NaN,
        "Cost Of Revenue": NaN,
        "Total Revenue": NaN,
        "Operating Revenue": NaN
    },
    "2024-06-30": {
        "Tax Effect Of Unusual Items": NaN,
        "Tax Rate For Calcs": NaN,
        "Normalized EBITDA": NaN,
        "Total Unusual Items": NaN,
        "Total Unusual Items Excluding Goodwill": NaN,
        "Net Income From Continuing Operation Net Minority Interest": NaN,
        "Reconciled Depreciation": NaN,
        "Reconciled Cost Of Revenue": NaN,
        "EBITDA": NaN,
        "EBIT": NaN,
        "Net Interest Income": NaN,
        "Interest Expense": NaN,
        "Interest Income": NaN,
        "Normalized Income": NaN,
        "Net Income From Continuing And Discontinued Operation": NaN,
        "Total Expenses": NaN,
        "Total Operating Income As Reported": NaN,
        "Diluted Average Shares": NaN,
        "Basic Average Shares": NaN,
        "Diluted EPS": NaN,
        "Basic EPS": NaN,
        "Diluted NI Availto Com Stockholders": NaN,
        "Net Income Common Stockholders": NaN,
        "Net Income": NaN,
        "Minority Interests": NaN,
        "Net Income Including Noncontrolling Interests": NaN,
        "Net Income Continuous Operations": NaN,
        "Tax Provision": NaN,
        "Pretax Income": NaN,
        "Other Income Expense": NaN,
        "Other Non Operating Income Expenses": NaN,
        "Earnings From Equity Interest": NaN,
        "Gain On Sale Of Security": NaN,
        "Net Non Operating Interest Income Expense": NaN,
        "Interest Expense Non Operating": NaN,
        "Interest Income Non Operating": NaN,
        "Operating Income": NaN,
        "Operating Expense": NaN,
        "Other Operating Expenses": -912000.0,
        "Research And Development": NaN,
        "Selling General And Administration": NaN,
        "Selling And Marketing Expense": NaN,
        "General And Administrative Expense": NaN,
        "Other Gand A": NaN,
        "Gross Profit": NaN,
        "Cost Of Revenue": NaN,
        "Total Revenue": NaN,
        "Operating Revenue": NaN
    },
    "2024-09-30": {
        "Tax Effect Of Unusual Items": 5418.0,
        "Tax Rate For Calcs": 0.258,
        "Normalized EBITDA": 7234000.0,
        "Total Unusual Items": 21000.0,
        "Total Unusual Items Excluding Goodwill": 21000.0,
        "Net Income From Continuing Operation Net Minority Interest": -1034000.0,
        "Reconciled Depreciation": 2743000.0,
        "Reconciled Cost Of Revenue": 6819000.0,
        "EBITDA": 7255000.0,
        "EBIT": 4512000.0,
        "Net Interest Income": -2173000.0,
        "Interest Expense": 2998000.0,
        "Interest Income": 825000.0,
        "Normalized Income": -1049582.0,
        "Net Income From Continuing And Discontinued Operation": -1034000.0,
        "Total Expenses": 71518000.0,
        "Total Operating Income As Reported": 4108000.0,
        "Diluted Average Shares": 51700000.0,
        "Basic Average Shares": 51700000.0,
        "Diluted EPS": -0.02,
        "Basic EPS": -0.02,
        "Diluted NI Availto Com Stockholders": -1034000.0,
        "Net Income Common Stockholders": -1034000.0,
        "Net Income": -1034000.0,
        "Minority Interests": NaN,
        "Net Income Including Noncontrolling Interests": -1034000.0,
        "Net Income Continuous Operations": -1034000.0,
        "Tax Provision": 2548000.0,
        "Pretax Income": 1514000.0,
        "Other Income Expense": 356000.0,
        "Other Non Operating Income Expenses": 777000.0,
        "Earnings From Equity Interest": -442000.0,
        "Gain On Sale Of Security": 21000.0,
        "Net Non Operating Interest Income Expense": -2173000.0,
        "Interest Expense Non Operating": 2998000.0,
        "Interest Income Non Operating": 825000.0,
        "Operating Income": 3331000.0,
        "Operating Expense": 64699000.0,
        "Other Operating Expenses": -777000.0,
        "Research And Development": 20721000.0,
        "Selling General And Administration": 43978000.0,
        "Selling And Marketing Expense": 28686000.0,
        "General And Administrative Expense": 15292000.0,
        "Other Gand A": 15292000.0,
        "Gross Profit": 68030000.0,
        "Cost Of Revenue": 6819000.0,
        "Total Revenue": 74849000.0,
        "Operating Revenue": 74849000.0
    },
    "2024-12-31": {
        "Tax Effect Of Unusual Items": -828438.0,
        "Tax Rate For Calcs": 0.258,
        "Normalized EBITDA": 18837000.0,
        "Total Unusual Items": -3211000.0,
        "Total Unusual Items Excluding Goodwill": -3211000.0,
        "Net Income From Continuing Operation Net Minority Interest": 2859000.0,
        "Reconciled Depreciation": 7699000.0,
        "Reconciled Cost Of Revenue": 12213000.0,
        "EBITDA": 15626000.0,
        "EBIT": 7927000.0,
        "Net Interest Income": -1358000.0,
        "Interest Expense": 1249000.0,
        "Interest Income": 1098000.0,
        "Normalized Income": 5241562.0,
        "Net Income From Continuing And Discontinued Operation": 2859000.0,
        "Total Expenses": 78978000.0,
        "Total Operating Income As Reported": 6704000.0,
        "Diluted Average Shares": NaN,
        "Basic Average Shares": NaN,
        "Diluted EPS": NaN,
        "Basic EPS": NaN,
        "Diluted NI Availto Com Stockholders": 2859000.0,
        "Net Income Common Stockholders": 2859000.0,
        "Net Income": 2859000.0,
        "Minority Interests": NaN,
        "Net Income Including Noncontrolling Interests": 2859000.0,
        "Net Income Continuous Operations": 2859000.0,
        "Tax Provision": 3819000.0,
        "Pretax Income": 6678000.0,
        "Other Income Expense": -5658000.0,
        "Other Non Operating Income Expenses": -1963000.0,
        "Earnings From Equity Interest": -484000.0,
        "Gain On Sale Of Security": 1816000.0,
        "Net Non Operating Interest Income Expense": -1358000.0,
        "Interest Expense Non Operating": 1249000.0,
        "Interest Income Non Operating": 1098000.0,
        "Operating Income": 13694000.0,
        "Operating Expense": 66765000.0,
        "Other Operating Expenses": NaN,
        "Research And Development": 22308000.0,
        "Selling General And Administration": -38646000.0,
        "Selling And Marketing Expense": -84728000.0,
        "General And Administrative Expense": 46082000.0,
        "Other Gand A": -28235000.0,
        "Gross Profit": 80459000.0,
        "Cost Of Revenue": 12213000.0,
        "Total Revenue": 92672000.0,
        "Operating Revenue": 92672000.0
    },
    "2025-03-31": {
        "Tax Effect Of Unusual Items": 0.0,
        "Tax Rate For Calcs": 0.258,
        "Normalized EBITDA": -4108000.0,
        "Total Unusual Items": NaN,
        "Total Unusual Items Excluding Goodwill": NaN,
        "Net Income From Continuing Operation Net Minority Interest": -14719000.0,
        "Reconciled Depreciation": 2582000.0,
        "Reconciled Cost Of Revenue": 8323000.0,
        "EBITDA": -4108000.0,
        "EBIT": -6690000.0,
        "Net Interest Income": -4494000.0,
        "Interest Expense": 5098000.0,
        "Interest Income": 604000.0,
        "Normalized Income": -14719000.0,
        "Net Income From Continuing And Discontinued Operation": -14719000.0,
        "Total Expenses": 86521000.0,
        "Total Operating Income As Reported": -7044000.0,
        "Diluted Average Shares": 66904545.0,
        "Basic Average Shares": 66904545.0,
        "Diluted EPS": -0.22,
        "Basic EPS": -0.22,
        "Diluted NI Availto Com Stockholders": -14719000.0,
        "Net Income Common Stockholders": -14719000.0,
        "Net Income": -14719000.0,
        "Minority Interests": 169000.0,
        "Net Income Including Noncontrolling Interests": -14888000.0,
        "Net Income Continuous Operations": -14888000.0,
        "Tax Provision": 3100000.0,
        "Pretax Income": -11788000.0,
        "Other Income Expense": 133000.0,
        "Other Non Operating Income Expenses": 383000.0,
        "Earnings From Equity Interest": -250000.0,
        "Gain On Sale Of Security": NaN,
        "Net Non Operating Interest Income Expense": -4494000.0,
        "Interest Expense Non Operating": 5098000.0,
        "Interest Income Non Operating": 604000.0,
        "Operating Income": -7427000.0,
        "Operating Expense": 78198000.0,
        "Other Operating Expenses": NaN,
        "Research And Development": 21142000.0,
        "Selling General And Administration": 57056000.0,
        "Selling And Marketing Expense": 34570000.0,
        "General And Administrative Expense": 22486000.0,
        "Other Gand A": 22486000.0,
        "Gross Profit": 70771000.0,
        "Cost Of Revenue": 8323000.0,
        "Total Revenue": 79094000.0,
        "Operating Revenue": 79094000.0
    },
    "2025-06-30": {
        "Tax Effect Of Unusual Items": 0.0,
        "Tax Rate For Calcs": 0.357254,
        "Normalized EBITDA": 9785000.0,
        "Total Unusual Items": NaN,
        "Total Unusual Items Excluding Goodwill": NaN,
        "Net Income From Continuing Operation Net Minority Interest": 4694000.0,
        "Reconciled Depreciation": 2702000.0,
        "Reconciled Cost Of Revenue": 8972000.0,
        "EBITDA": 9785000.0,
        "EBIT": 7083000.0,
        "Net Interest Income": 519000.0,
        "Interest Expense": 4000.0,
        "Interest Income": 659000.0,
        "Normalized Income": 4694000.0,
        "Net Income From Continuing And Discontinued Operation": 4694000.0,
        "Total Expenses": 84221000.0,
        "Total Operating Income As Reported": 10849000.0,
        "Diluted Average Shares": NaN,
        "Basic Average Shares": NaN,
        "Diluted EPS": NaN,
        "Basic EPS": NaN,
        "Diluted NI Availto Com Stockholders": 4694000.0,
        "Net Income Common Stockholders": 4694000.0,
        "Net Income": 4694000.0,
        "Minority Interests": 144000.0,
        "Net Income Including Noncontrolling Interests": 4550000.0,
        "Net Income Continuous Operations": 4550000.0,
        "Tax Provision": 2529000.0,
        "Pretax Income": 7079000.0,
        "Other Income Expense": -2442000.0,
        "Other Non Operating Income Expenses": 1849000.0,
        "Earnings From Equity Interest": 258000.0,
        "Gain On Sale Of Security": NaN,
        "Net Non Operating Interest Income Expense": 519000.0,
        "Interest Expense Non Operating": 4000.0,
        "Interest Income Non Operating": 659000.0,
        "Operating Income": 9000000.0,
        "Operating Expense": 75249000.0,
        "Other Operating Expenses": NaN,
        "Research And Development": 23695000.0,
        "Selling General And Administration": 51554000.0,
        "Selling And Marketing Expense": 31049000.0,
        "General And Administrative Expense": 20505000.0,
        "Other Gand A": 20505000.0,
        "Gross Profit": 84249000.0,
        "Cost Of Revenue": 8972000.0,
        "Total Revenue": 93221000.0,
        "Operating Revenue": 93221000.0
    },
    "2025-09-30": {
        "Tax Effect Of Unusual Items": 0.0,
        "Tax Rate For Calcs": 0.258,
        "Normalized EBITDA": 23430000.0,
        "Total Unusual Items": NaN,
        "Total Unusual Items Excluding Goodwill": NaN,
        "Net Income From Continuing Operation Net Minority Interest": 7548000.0,
        "Reconciled Depreciation": 2726000.0,
        "Reconciled Cost Of Revenue": 7071000.0,
        "EBITDA": 23430000.0,
        "EBIT": 20704000.0,
        "Net Interest Income": -7325000.0,
        "Interest Expense": 7946000.0,
        "Interest Income": 485000.0,
        "Normalized Income": 7548000.0,
        "Net Income From Continuing And Discontinued Operation": 7548000.0,
        "Total Expenses": 81536000.0,
        "Total Operating Income As Reported": 15823000.0,
        "Diluted Average Shares": NaN,
        "Basic Average Shares": NaN,
        "Diluted EPS": NaN,
        "Basic EPS": NaN,
        "Diluted NI Availto Com Stockholders": 7548000.0,
        "Net Income Common Stockholders": 7548000.0,
        "Net Income": 7548000.0,
        "Minority Interests": 0.0,
        "Net Income Including Noncontrolling Interests": 7548000.0,
        "Net Income Continuous Operations": 7548000.0,
        "Tax Provision": 5209000.0,
        "Pretax Income": 12758000.0,
        "Other Income Expense": 4333000.0,
        "Other Non Operating Income Expenses": 71000.0,
        "Earnings From Equity Interest": -287000.0,
        "Gain On Sale Of Security": NaN,
        "Net Non Operating Interest Income Expense": -7325000.0,
        "Interest Expense Non Operating": 7946000.0,
        "Interest Income Non Operating": 485000.0,
        "Operating Income": 15751000.0,
        "Operating Expense": 74465000.0,
        "Other Operating Expenses": NaN,
        "Research And Development": 23384000.0,
        "Selling General And Administration": 51081000.0,
        "Selling And Marketing Expense": 34127000.0,
        "General And Administrative Expense": 16954000.0,
        "Other Gand A": 16954000.0,
        "Gross Profit": 90216000.0,
        "Cost Of Revenue": 7071000.0,
        "Total Revenue": 97287000.0,
        "Operating Revenue": 97287000.0
    }
}