{
    "2024-09-30": {
        "Tax Effect Of Unusual Items": 0.0,
        "Tax Rate For Calcs": 0.21,
        "Normalized EBITDA": -41000.0,
        "Total Unusual Items": NaN,
        "Total Unusual Items Excluding Goodwill": NaN,
        "Net Income From Continuing Operation Net Minority Interest": -2384000.0,
        "Reconciled Depreciation": 2015000.0,
        "EBITDA": -41000.0,
        "EBIT": -2056000.0,
        "Net Interest Income": -220000.0,
        "Interest Expense": 313000.0,
        "Interest Income": 93000.0,
        "Normalized Income": -2384000.0,
        "Net Income From Continuing And Discontinued Operation": -2384000.0,
        "Total Expenses": 33668000.0,
        "Total Operating Income As Reported": -2149000.0,
        "Diluted Average Shares": 77748000.0,
        "Basic Average Shares": 77748000.0,
        "Diluted EPS": -0.03,
        "Basic EPS": -0.03,
        "Diluted NI Availto Com Stockholders": -2384000.0,
        "Net Income Common Stockholders": -2384000.0,
        "Net Income": -2384000.0,
        "Net Income Including Noncontrolling Interests": -2384000.0,
        "Net Income Continuous Operations": -2384000.0,
        "Tax Provision": 15000.0,
        "Pretax Income": -2369000.0,
        "Other Income Expense": NaN,
        "Special Income Charges": NaN,
        "Gain On Sale Of Ppe": NaN,
        "Net Non Operating Interest Income Expense": -220000.0,
        "Interest Expense Non Operating": 313000.0,
        "Interest Income Non Operating": 93000.0,
        "Operating Income": -2149000.0,
        "Operating Expense": 33668000.0,
        "Other Operating Expenses": 7702000.0,
        "Selling General And Administration": 25966000.0,
        "General And Administrative Expense": 25966000.0,
        "Salaries And Wages": 25966000.0,
        "Total Revenue": 31519000.0,
        "Operating Revenue": 31519000.0
    },
    "2024-06-30": {
        "Tax Effect Of Unusual Items": 0.0,
        "Tax Rate For Calcs": 0.21,
        "Normalized EBITDA": -645000.0,
        "Total Unusual Items": NaN,
        "Total Unusual Items Excluding Goodwill": NaN,
        "Net Income From Continuing Operation Net Minority Interest": -2996000.0,
        "Reconciled Depreciation": 2035000.0,
        "EBITDA": -645000.0,
        "EBIT": -2680000.0,
        "Net Interest Income": -239000.0,
        "Interest Expense": 300000.0,
        "Interest Income": 61000.0,
        "Normalized Income": -2996000.0,
        "Net Income From Continuing And Discontinued Operation": -2996000.0,
        "Total Expenses": 32103000.0,
        "Total Operating Income As Reported": -2741000.0,
        "Diluted Average Shares": 76975000.0,
        "Basic Average Shares": 76975000.0,
        "Diluted EPS": -0.04,
        "Basic EPS": -0.04,
        "Diluted NI Availto Com Stockholders": -2996000.0,
        "Net Income Common Stockholders": -2996000.0,
        "Net Income": -2996000.0,
        "Net Income Including Noncontrolling Interests": -2996000.0,
        "Net Income Continuous Operations": -2996000.0,
        "Tax Provision": 16000.0,
        "Pretax Income": -2980000.0,
        "Other Income Expense": NaN,
        "Special Income Charges": NaN,
        "Gain On Sale Of Ppe": NaN,
        "Net Non Operating Interest Income Expense": -239000.0,
        "Interest Expense Non Operating": 300000.0,
        "Interest Income Non Operating": 61000.0,
        "Operating Income": -2741000.0,
        "Operating Expense": 32103000.0,
        "Other Operating Expenses": 7569000.0,
        "Selling General And Administration": 24534000.0,
        "General And Administrative Expense": 24534000.0,
        "Salaries And Wages": 24534000.0,
        "Total Revenue": 29362000.0,
        "Operating Revenue": 29362000.0
    },
    "2024-03-31": {
        "Tax Effect Of Unusual Items": 0.0,
        "Tax Rate For Calcs": 0.21,
        "Normalized EBITDA": -2309000.0,
        "Total Unusual Items": NaN,
        "Total Unusual Items Excluding Goodwill": NaN,
        "Net Income From Continuing Operation Net Minority Interest": -4017000.0,
        "Reconciled Depreciation": 1506000.0,
        "EBITDA": -2309000.0,
        "EBIT": -3815000.0,
        "Net Interest Income": -80000.0,
        "Interest Expense": 186000.0,
        "Interest Income": 106000.0,
        "Normalized Income": -4017000.0,
        "Net Income From Continuing And Discontinued Operation": -4017000.0,
        "Total Expenses": 31255000.0,
        "Total Operating Income As Reported": -3921000.0,
        "Diluted Average Shares": 76920000.0,
        "Basic Average Shares": 76920000.0,
        "Diluted EPS": -0.05,
        "Basic EPS": -0.05,
        "Diluted NI Availto Com Stockholders": -4017000.0,
        "Net Income Common Stockholders": -4017000.0,
        "Net Income": -4017000.0,
        "Net Income Including Noncontrolling Interests": -4017000.0,
        "Net Income Continuous Operations": -4017000.0,
        "Tax Provision": 16000.0,
        "Pretax Income": -4001000.0,
        "Other Income Expense": NaN,
        "Special Income Charges": NaN,
        "Gain On Sale Of Ppe": NaN,
        "Net Non Operating Interest Income Expense": -80000.0,
        "Interest Expense Non Operating": 186000.0,
        "Interest Income Non Operating": 106000.0,
        "Operating Income": -3921000.0,
        "Operating Expense": 31255000.0,
        "Other Operating Expenses": 8034000.0,
        "Selling General And Administration": 23221000.0,
        "General And Administrative Expense": 23221000.0,
        "Salaries And Wages": 23221000.0,
        "Total Revenue": 27334000.0,
        "Operating Revenue": 27334000.0
    },
    "2023-12-31": {
        "Tax Effect Of Unusual Items": NaN,
        "Tax Rate For Calcs": NaN,
        "Normalized EBITDA": NaN,
        "Total Unusual Items": 3000.0,
        "Total Unusual Items Excluding Goodwill": 3000.0,
        "Net Income From Continuing Operation Net Minority Interest": NaN,
        "Reconciled Depreciation": NaN,
        "EBITDA": NaN,
        "EBIT": NaN,
        "Net Interest Income": NaN,
        "Interest Expense": NaN,
        "Interest Income": NaN,
        "Normalized Income": NaN,
        "Net Income From Continuing And Discontinued Operation": NaN,
        "Total Expenses": NaN,
        "Total Operating Income As Reported": NaN,
        "Diluted Average Shares": NaN,
        "Basic Average Shares": NaN,
        "Diluted EPS": NaN,
        "Basic EPS": NaN,
        "Diluted NI Availto Com Stockholders": NaN,
        "Net Income Common Stockholders": NaN,
        "Net Income": NaN,
        "Net Income Including Noncontrolling Interests": NaN,
        "Net Income Continuous Operations": NaN,
        "Tax Provision": NaN,
        "Pretax Income": NaN,
        "Other Income Expense": 0.0,
        "Special Income Charges": 3000.0,
        "Gain On Sale Of Ppe": 3000.0,
        "Net Non Operating Interest Income Expense": NaN,
        "Interest Expense Non Operating": NaN,
        "Interest Income Non Operating": NaN,
        "Operating Income": NaN,
        "Operating Expense": NaN,
        "Other Operating Expenses": NaN,
        "Selling General And Administration": NaN,
        "General And Administrative Expense": NaN,
        "Salaries And Wages": NaN,
        "Total Revenue": NaN,
        "Operating Revenue": NaN
    },
    "2023-09-30": {
        "Tax Effect Of Unusual Items": NaN,
        "Tax Rate For Calcs": NaN,
        "Normalized EBITDA": NaN,
        "Total Unusual Items": 0.0,
        "Total Unusual Items Excluding Goodwill": 0.0,
        "Net Income From Continuing Operation Net Minority Interest": NaN,
        "Reconciled Depreciation": NaN,
        "EBITDA": NaN,
        "EBIT": NaN,
        "Net Interest Income": NaN,
        "Interest Expense": NaN,
        "Interest Income": NaN,
        "Normalized Income": NaN,
        "Net Income From Continuing And Discontinued Operation": NaN,
        "Total Expenses": NaN,
        "Total Operating Income As Reported": NaN,
        "Diluted Average Shares": NaN,
        "Basic Average Shares": NaN,
        "Diluted EPS": NaN,
        "Basic EPS": NaN,
        "Diluted NI Availto Com Stockholders": NaN,
        "Net Income Common Stockholders": NaN,
        "Net Income": NaN,
        "Net Income Including Noncontrolling Interests": NaN,
        "Net Income Continuous Operations": NaN,
        "Tax Provision": NaN,
        "Pretax Income": NaN,
        "Other Income Expense": NaN,
        "Special Income Charges": 0.0,
        "Gain On Sale Of Ppe": 0.0,
        "Net Non Operating Interest Income Expense": NaN,
        "Interest Expense Non Operating": NaN,
        "Interest Income Non Operating": NaN,
        "Operating Income": NaN,
        "Operating Expense": NaN,
        "Other Operating Expenses": NaN,
        "Selling General And Administration": NaN,
        "General And Administrative Expense": NaN,
        "Salaries And Wages": NaN,
        "Total Revenue": NaN,
        "Operating Revenue": NaN
    },
    "2023-03-31": {
        "Tax Effect Of Unusual Items": NaN,
        "Tax Rate For Calcs": NaN,
        "Normalized EBITDA": NaN,
        "Total Unusual Items": NaN,
        "Total Unusual Items Excluding Goodwill": NaN,
        "Net Income From Continuing Operation Net Minority Interest": NaN,
        "Reconciled Depreciation": NaN,
        "EBITDA": NaN,
        "EBIT": NaN,
        "Net Interest Income": NaN,
        "Interest Expense": NaN,
        "Interest Income": NaN,
        "Normalized Income": NaN,
        "Net Income From Continuing And Discontinued Operation": NaN,
        "Total Expenses": NaN,
        "Total Operating Income As Reported": NaN,
        "Diluted Average Shares": NaN,
        "Basic Average Shares": NaN,
        "Diluted EPS": NaN,
        "Basic EPS": NaN,
        "Diluted NI Availto Com Stockholders": NaN,
        "Net Income Common Stockholders": NaN,
        "Net Income": NaN,
        "Net Income Including Noncontrolling Interests": NaN,
        "Net Income Continuous Operations": NaN,
        "Tax Provision": NaN,
        "Pretax Income": NaN,
        "Other Income Expense": 3000.0,
        "Other Non Operating Income Expenses": 3000.0,
        "Special Income Charges": NaN,
        "Gain On Sale Of Ppe": NaN,
        "Net Non Operating Interest Income Expense": NaN,
        "Interest Expense Non Operating": NaN,
        "Interest Income Non Operating": NaN,
        "Operating Income": NaN,
        "Operating Expense": NaN,
        "Other Operating Expenses": NaN,
        "Selling General And Administration": NaN,
        "General And Administrative Expense": NaN,
        "Salaries And Wages": NaN,
        "Total Revenue": NaN,
        "Operating Revenue": NaN
    },
    "2024-12-31": {
        "Tax Effect Of Unusual Items": 0.0,
        "Tax Rate For Calcs": 0.21,
        "Normalized EBITDA": 785000.0,
        "Total Unusual Items": NaN,
        "Total Unusual Items Excluding Goodwill": NaN,
        "Net Income From Continuing Operation Net Minority Interest": -498000.0,
        "Reconciled Depreciation": 1375000.0,
        "EBITDA": 785000.0,
        "EBIT": -590000.0,
        "Net Interest Income": -207000.0,
        "Interest Expense": 306000.0,
        "Interest Income": 99000.0,
        "Normalized Income": -498000.0,
        "Net Income From Continuing And Discontinued Operation": -498000.0,
        "Total Expenses": 35455000.0,
        "Total Operating Income As Reported": -689000.0,
        "Diluted Average Shares": 78300000.0,
        "Basic Average Shares": 78300000.0,
        "Diluted EPS": -0.01,
        "Basic EPS": -0.01,
        "Diluted NI Availto Com Stockholders": -498000.0,
        "Net Income Common Stockholders": -498000.0,
        "Net Income": -498000.0,
        "Net Income Including Noncontrolling Interests": -498000.0,
        "Net Income Continuous Operations": -498000.0,
        "Tax Provision": -398000.0,
        "Pretax Income": -896000.0,
        "Other Income Expense": NaN,
        "Special Income Charges": NaN,
        "Gain On Sale Of Ppe": NaN,
        "Net Non Operating Interest Income Expense": -207000.0,
        "Interest Expense Non Operating": 306000.0,
        "Interest Income Non Operating": 99000.0,
        "Operating Income": -689000.0,
        "Operating Expense": 35455000.0,
        "Other Operating Expenses": 8745000.0,
        "Selling General And Administration": 26710000.0,
        "General And Administrative Expense": 26710000.0,
        "Salaries And Wages": 26710000.0,
        "Total Revenue": 34766000.0,
        "Operating Revenue": 34766000.0
    },
    "2025-03-31": {
        "Tax Effect Of Unusual Items": 0.0,
        "Tax Rate For Calcs": 0.21,
        "Normalized EBITDA": 1846000.0,
        "Total Unusual Items": NaN,
        "Total Unusual Items Excluding Goodwill": NaN,
        "Net Income From Continuing Operation Net Minority Interest": -81000.0,
        "Reconciled Depreciation": 1598000.0,
        "EBITDA": 1846000.0,
        "EBIT": 248000.0,
        "Net Interest Income": -191000.0,
        "Interest Expense": 289000.0,
        "Interest Income": 98000.0,
        "Normalized Income": -81000.0,
        "Net Income From Continuing And Discontinued Operation": -81000.0,
        "Total Expenses": 33119000.0,
        "Total Operating Income As Reported": 150000.0,
        "Diluted Average Shares": 78309000.0,
        "Basic Average Shares": 78309000.0,
        "Diluted EPS": 0.0,
        "Basic EPS": 0.0,
        "Diluted NI Availto Com Stockholders": -81000.0,
        "Net Income Common Stockholders": -81000.0,
        "Net Income": -81000.0,
        "Net Income Including Noncontrolling Interests": -81000.0,
        "Net Income Continuous Operations": -81000.0,
        "Tax Provision": 40000.0,
        "Pretax Income": -41000.0,
        "Other Income Expense": NaN,
        "Special Income Charges": NaN,
        "Gain On Sale Of Ppe": NaN,
        "Net Non Operating Interest Income Expense": -191000.0,
        "Interest Expense Non Operating": 289000.0,
        "Interest Income Non Operating": 98000.0,
        "Operating Income": 150000.0,
        "Operating Expense": 33119000.0,
        "Other Operating Expenses": 7761000.0,
        "Selling General And Administration": 25358000.0,
        "General And Administrative Expense": 25358000.0,
        "Salaries And Wages": 25358000.0,
        "Total Revenue": 33269000.0,
        "Operating Revenue": 33269000.0
    }
}