{
    "2023-04-30": {
        "Tax Effect Of Unusual Items": NaN,
        "Tax Rate For Calcs": NaN,
        "Normalized EBITDA": NaN,
        "Net Income From Continuing Operation Net Minority Interest": NaN,
        "Reconciled Depreciation": NaN,
        "Reconciled Cost Of Revenue": NaN,
        "EBITDA": NaN,
        "EBIT": NaN,
        "Net Interest Income": NaN,
        "Interest Expense": NaN,
        "Interest Income": NaN,
        "Normalized Income": NaN,
        "Net Income From Continuing And Discontinued Operation": NaN,
        "Total Expenses": NaN,
        "Total Operating Income As Reported": NaN,
        "Diluted Average Shares": 53347709.0,
        "Basic Average Shares": 53347709.0,
        "Diluted EPS": -0.7,
        "Basic EPS": -0.7,
        "Diluted NI Availto Com Stockholders": NaN,
        "Net Income Common Stockholders": NaN,
        "Net Income": NaN,
        "Net Income Including Noncontrolling Interests": NaN,
        "Net Income Continuous Operations": NaN,
        "Tax Provision": NaN,
        "Pretax Income": NaN,
        "Other Income Expense": NaN,
        "Other Non Operating Income Expenses": NaN,
        "Net Non Operating Interest Income Expense": NaN,
        "Interest Expense Non Operating": NaN,
        "Interest Income Non Operating": NaN,
        "Operating Income": NaN,
        "Operating Expense": NaN,
        "Depreciation Amortization Depletion Income Statement": NaN,
        "Depreciation And Amortization In Income Statement": NaN,
        "Amortization": NaN,
        "Amortization Of Intangibles Income Statement": NaN,
        "Depreciation Income Statement": NaN,
        "Research And Development": NaN,
        "Selling General And Administration": NaN,
        "Selling And Marketing Expense": NaN,
        "General And Administrative Expense": NaN,
        "Other Gand A": NaN,
        "Gross Profit": NaN,
        "Cost Of Revenue": NaN,
        "Total Revenue": NaN,
        "Operating Revenue": NaN
    },
    "2023-01-31": {
        "Tax Effect Of Unusual Items": NaN,
        "Tax Rate For Calcs": NaN,
        "Normalized EBITDA": NaN,
        "Net Income From Continuing Operation Net Minority Interest": NaN,
        "Reconciled Depreciation": NaN,
        "Reconciled Cost Of Revenue": NaN,
        "EBITDA": NaN,
        "EBIT": NaN,
        "Net Interest Income": NaN,
        "Interest Expense": NaN,
        "Interest Income": NaN,
        "Normalized Income": NaN,
        "Net Income From Continuing And Discontinued Operation": NaN,
        "Total Expenses": NaN,
        "Total Operating Income As Reported": NaN,
        "Diluted Average Shares": 52873139.0,
        "Basic Average Shares": 52873139.0,
        "Diluted EPS": -0.72,
        "Basic EPS": -0.72,
        "Diluted NI Availto Com Stockholders": NaN,
        "Net Income Common Stockholders": NaN,
        "Net Income": NaN,
        "Net Income Including Noncontrolling Interests": NaN,
        "Net Income Continuous Operations": NaN,
        "Tax Provision": NaN,
        "Pretax Income": NaN,
        "Other Income Expense": NaN,
        "Other Non Operating Income Expenses": NaN,
        "Net Non Operating Interest Income Expense": NaN,
        "Interest Expense Non Operating": NaN,
        "Interest Income Non Operating": NaN,
        "Operating Income": NaN,
        "Operating Expense": NaN,
        "Depreciation Amortization Depletion Income Statement": NaN,
        "Depreciation And Amortization In Income Statement": NaN,
        "Amortization": NaN,
        "Amortization Of Intangibles Income Statement": NaN,
        "Depreciation Income Statement": NaN,
        "Research And Development": NaN,
        "Selling General And Administration": NaN,
        "Selling And Marketing Expense": NaN,
        "General And Administrative Expense": NaN,
        "Other Gand A": NaN,
        "Gross Profit": NaN,
        "Cost Of Revenue": NaN,
        "Total Revenue": NaN,
        "Operating Revenue": NaN
    },
    "2022-10-31": {
        "Tax Effect Of Unusual Items": NaN,
        "Tax Rate For Calcs": NaN,
        "Normalized EBITDA": NaN,
        "Net Income From Continuing Operation Net Minority Interest": NaN,
        "Reconciled Depreciation": NaN,
        "Reconciled Cost Of Revenue": NaN,
        "EBITDA": NaN,
        "EBIT": NaN,
        "Net Interest Income": NaN,
        "Interest Expense": NaN,
        "Interest Income": NaN,
        "Normalized Income": NaN,
        "Net Income From Continuing And Discontinued Operation": NaN,
        "Total Expenses": NaN,
        "Total Operating Income As Reported": NaN,
        "Diluted Average Shares": 52606400.0,
        "Basic Average Shares": 52606400.0,
        "Diluted EPS": -0.76,
        "Basic EPS": -0.76,
        "Diluted NI Availto Com Stockholders": NaN,
        "Net Income Common Stockholders": NaN,
        "Net Income": NaN,
        "Net Income Including Noncontrolling Interests": NaN,
        "Net Income Continuous Operations": NaN,
        "Tax Provision": NaN,
        "Pretax Income": NaN,
        "Other Income Expense": NaN,
        "Other Non Operating Income Expenses": NaN,
        "Net Non Operating Interest Income Expense": NaN,
        "Interest Expense Non Operating": NaN,
        "Interest Income Non Operating": NaN,
        "Operating Income": NaN,
        "Operating Expense": NaN,
        "Depreciation Amortization Depletion Income Statement": NaN,
        "Depreciation And Amortization In Income Statement": NaN,
        "Amortization": NaN,
        "Amortization Of Intangibles Income Statement": NaN,
        "Depreciation Income Statement": NaN,
        "Research And Development": NaN,
        "Selling General And Administration": NaN,
        "Selling And Marketing Expense": NaN,
        "General And Administrative Expense": NaN,
        "Other Gand A": NaN,
        "Gross Profit": NaN,
        "Cost Of Revenue": NaN,
        "Total Revenue": NaN,
        "Operating Revenue": NaN
    },
    "2022-07-31": {
        "Tax Effect Of Unusual Items": 0.0,
        "Tax Rate For Calcs": 0.4,
        "Normalized EBITDA": -40516000.0,
        "Net Income From Continuing Operation Net Minority Interest": -46716000.0,
        "Reconciled Depreciation": 5819000.0,
        "Reconciled Cost Of Revenue": 27427000.0,
        "EBITDA": -40516000.0,
        "EBIT": -46335000.0,
        "Net Interest Income": -206000.0,
        "Interest Expense": 292000.0,
        "Interest Income": 86000.0,
        "Normalized Income": -46716000.0,
        "Net Income From Continuing And Discontinued Operation": -46716000.0,
        "Total Expenses": 114202000.0,
        "Total Operating Income As Reported": -46335000.0,
        "Diluted Average Shares": 52325209.0,
        "Basic Average Shares": 52325209.0,
        "Diluted EPS": -0.89,
        "Basic EPS": -0.89,
        "Diluted NI Availto Com Stockholders": -46716000.0,
        "Net Income Common Stockholders": -46716000.0,
        "Net Income": -46716000.0,
        "Net Income Including Noncontrolling Interests": -46716000.0,
        "Net Income Continuous Operations": -46716000.0,
        "Tax Provision": 213000.0,
        "Pretax Income": -46503000.0,
        "Other Income Expense": 38000.0,
        "Other Non Operating Income Expenses": 38000.0,
        "Net Non Operating Interest Income Expense": -206000.0,
        "Total Other Finance Cost": 206000.0,
        "Interest Expense Non Operating": 292000.0,
        "Interest Income Non Operating": 86000.0,
        "Operating Income": -46335000.0,
        "Operating Expense": 86775000.0,
        "Depreciation Amortization Depletion Income Statement": 5819000.0,
        "Depreciation And Amortization In Income Statement": 5819000.0,
        "Amortization": 1599000.0,
        "Amortization Of Intangibles Income Statement": 1599000.0,
        "Depreciation Income Statement": 4220000.0,
        "Research And Development": 22542000.0,
        "Selling General And Administration": 58414000.0,
        "Selling And Marketing Expense": 38341000.0,
        "General And Administrative Expense": 20073000.0,
        "Other Gand A": 20073000.0,
        "Gross Profit": 40440000.0,
        "Cost Of Revenue": 27427000.0,
        "Total Revenue": 67867000.0,
        "Operating Revenue": 67867000.0
    },
    "2022-04-30": {
        "Diluted EPS": -0.99,
        "Total Revenue": 63,
        "Gross Profit": 37,
        "Operating Income": -51,
        "EBIT": -44,
        "Net Income": -51
    },
    "2022-01-31": {
        "Diluted EPS": -0.94,
        "Total Revenue": 58,
        "Gross Profit": 36,
        "Operating Income": -47,
        "EBIT": -40,
        "Net Income": -46
    },
    "2021-10-31": {
        "Diluted EPS": -0.71,
        "Total Revenue": 56,
        "Gross Profit": 35,
        "Operating Income": -36,
        "EBIT": -30,
        "Net Income": -36
    },
    "2021-07-31": {
        "Diluted EPS": -0.48,
        "Total Revenue": 51,
        "Gross Profit": 31,
        "Operating Income": -24,
        "EBIT": -18,
        "Net Income": -24
    },
    "2021-04-30": {
        "Diluted EPS": -0.24,
        "Total Revenue": 48,
        "Gross Profit": 30,
        "Operating Income": -11,
        "EBIT": -5,
        "Net Income": -11
    },
    "2021-01-31": {
        "Diluted EPS": -0.19,
        "Total Revenue": 42,
        "Gross Profit": 27,
        "Operating Income": -8,
        "EBIT": -4,
        "Net Income": -8
    },
    "2020-10-31": {
        "Diluted EPS": -0.17,
        "Total Revenue": 38,
        "Gross Profit": 24,
        "Operating Income": -6,
        "EBIT": -2,
        "Net Income": -7
    },
    "2020-07-31": {
        "Diluted EPS": -0.17,
        "Total Revenue": 35,
        "Gross Profit": 23,
        "Operating Income": -6,
        "EBIT": -1,
        "Net Income": -6
    },
    "2020-04-30": {
        "Diluted EPS": -0.16,
        "Total Revenue": 33,
        "Gross Profit": 22,
        "Operating Income": -5,
        "EBIT": -1,
        "Net Income": -6
    },
    "2020-01-31": {
        "Diluted EPS": 13.22,
        "Total Revenue": 33,
        "Gross Profit": 22,
        "Operating Income": -5,
        "EBIT": 0,
        "Net Income": -4
    },
    "2019-10-31": {
        "Diluted EPS": -0.07,
        "Total Revenue": 33,
        "Gross Profit": 22,
        "Operating Income": -2,
        "EBIT": 2,
        "Net Income": -2
    },
    "2019-07-31": {
        "Diluted EPS": -10.42,
        "Total Revenue": 31,
        "Gross Profit": 20,
        "Operating Income": -4,
        "EBIT": 0,
        "Net Income": -71
    },
    "2019-04-30": {
        "Diluted EPS": -7.23,
        "Total Revenue": 28,
        "Gross Profit": 17,
        "Operating Income": -4,
        "EBIT": 0,
        "Net Income": -15
    },
    "2019-01-31": {
        "Diluted EPS": 0.0,
        "Total Revenue": NaN,
        "Gross Profit": NaN,
        "Operating Income": NaN,
        "EBIT": NaN,
        "Net Income": NaN
    },
    "2018-10-31": {
        "Diluted EPS": -7.02,
        "Total Revenue": 25,
        "Gross Profit": 16,
        "Operating Income": -3,
        "EBIT": 1,
        "Net Income": -13
    },
    "2018-07-31": {
        "Diluted EPS": -6.66,
        "Total Revenue": 25,
        "Gross Profit": 16,
        "Operating Income": -1,
        "EBIT": -1,
        "Net Income": -12
    },
    "2018-01-31": {
        "Diluted EPS": 0.0,
        "Total Revenue": NaN,
        "Gross Profit": NaN,
        "Operating Income": NaN,
        "EBIT": NaN,
        "Net Income": NaN
    },
    "2023-07-31": {
        "Tax Effect Of Unusual Items": 0.0,
        "Tax Rate For Calcs": 0.21,
        "Normalized EBITDA": -28918000.0,
        "Net Income From Continuing Operation Net Minority Interest": -36767000.0,
        "Reconciled Depreciation": 6781000.0,
        "Reconciled Cost Of Revenue": 30301000.0,
        "EBITDA": -28918000.0,
        "EBIT": -35699000.0,
        "Net Interest Income": 786000.0,
        "Interest Expense": 420000.0,
        "Interest Income": 1206000.0,
        "Normalized Income": -36767000.0,
        "Net Income From Continuing And Discontinued Operation": -36767000.0,
        "Total Expenses": 122785000.0,
        "Total Operating Income As Reported": -36955000.0,
        "Diluted Average Shares": 53794060.0,
        "Basic Average Shares": 53794060.0,
        "Diluted EPS": -0.68,
        "Basic EPS": -0.68,
        "Diluted NI Availto Com Stockholders": -36767000.0,
        "Net Income Common Stockholders": -36767000.0,
        "Net Income": -36767000.0,
        "Net Income Including Noncontrolling Interests": -36767000.0,
        "Net Income Continuous Operations": -36767000.0,
        "Tax Provision": 648000.0,
        "Pretax Income": -36119000.0,
        "Other Income Expense": 50000.0,
        "Other Non Operating Income Expenses": 50000.0,
        "Net Non Operating Interest Income Expense": 786000.0,
        "Interest Expense Non Operating": 420000.0,
        "Interest Income Non Operating": 1206000.0,
        "Operating Income": -36955000.0,
        "Operating Expense": 92484000.0,
        "Depreciation Amortization Depletion Income Statement": 6781000.0,
        "Depreciation And Amortization In Income Statement": 6781000.0,
        "Amortization": 2537000.0,
        "Amortization Of Intangibles Income Statement": 2537000.0,
        "Depreciation Income Statement": 4244000.0,
        "Research And Development": 27471000.0,
        "Selling General And Administration": 58232000.0,
        "Selling And Marketing Expense": 37244000.0,
        "General And Administrative Expense": 20988000.0,
        "Other Gand A": 20988000.0,
        "Gross Profit": 55529000.0,
        "Cost Of Revenue": 30301000.0,
        "Total Revenue": 85830000.0,
        "Operating Revenue": 85830000.0
    },
    "2023-10-31": {
        "Tax Effect Of Unusual Items": NaN,
        "Tax Rate For Calcs": NaN,
        "Normalized EBITDA": NaN,
        "Net Income From Continuing Operation Net Minority Interest": NaN,
        "Reconciled Depreciation": NaN,
        "Reconciled Cost Of Revenue": NaN,
        "EBITDA": NaN,
        "EBIT": NaN,
        "Net Interest Income": NaN,
        "Interest Expense": NaN,
        "Interest Income": NaN,
        "Normalized Income": NaN,
        "Net Income From Continuing And Discontinued Operation": NaN,
        "Total Expenses": NaN,
        "Total Operating Income As Reported": NaN,
        "Diluted Average Shares": 55251074.0,
        "Basic Average Shares": 55251074.0,
        "Diluted EPS": -0.58,
        "Basic EPS": -0.58,
        "Diluted NI Availto Com Stockholders": NaN,
        "Net Income Common Stockholders": NaN,
        "Net Income": NaN,
        "Net Income Including Noncontrolling Interests": NaN,
        "Net Income Continuous Operations": NaN,
        "Tax Provision": NaN,
        "Pretax Income": NaN,
        "Other Income Expense": NaN,
        "Other Non Operating Income Expenses": NaN,
        "Net Non Operating Interest Income Expense": NaN,
        "Interest Expense Non Operating": NaN,
        "Interest Income Non Operating": NaN,
        "Operating Income": NaN,
        "Operating Expense": NaN,
        "Depreciation Amortization Depletion Income Statement": NaN,
        "Depreciation And Amortization In Income Statement": NaN,
        "Amortization": NaN,
        "Amortization Of Intangibles Income Statement": NaN,
        "Depreciation Income Statement": NaN,
        "Research And Development": NaN,
        "Selling General And Administration": NaN,
        "Selling And Marketing Expense": NaN,
        "General And Administrative Expense": NaN,
        "Other Gand A": NaN,
        "Gross Profit": NaN,
        "Cost Of Revenue": NaN,
        "Total Revenue": NaN,
        "Operating Revenue": NaN
    },
    "2024-01-31": {
        "Tax Effect Of Unusual Items": NaN,
        "Tax Rate For Calcs": NaN,
        "Normalized EBITDA": NaN,
        "Net Income From Continuing Operation Net Minority Interest": NaN,
        "Reconciled Depreciation": NaN,
        "Reconciled Cost Of Revenue": NaN,
        "EBITDA": NaN,
        "EBIT": NaN,
        "Net Interest Income": NaN,
        "Interest Expense": NaN,
        "Interest Income": NaN,
        "Normalized Income": NaN,
        "Net Income From Continuing And Discontinued Operation": NaN,
        "Total Expenses": NaN,
        "Total Operating Income As Reported": NaN,
        "Diluted Average Shares": 54555555.0,
        "Basic Average Shares": 54555555.0,
        "Diluted EPS": -0.56,
        "Basic EPS": -0.56,
        "Diluted NI Availto Com Stockholders": NaN,
        "Net Income Common Stockholders": NaN,
        "Net Income": NaN,
        "Net Income Including Noncontrolling Interests": NaN,
        "Net Income Continuous Operations": NaN,
        "Tax Provision": NaN,
        "Pretax Income": NaN,
        "Other Income Expense": NaN,
        "Other Non Operating Income Expenses": NaN,
        "Net Non Operating Interest Income Expense": NaN,
        "Interest Expense Non Operating": NaN,
        "Interest Income Non Operating": NaN,
        "Operating Income": NaN,
        "Operating Expense": NaN,
        "Depreciation Amortization Depletion Income Statement": NaN,
        "Depreciation And Amortization In Income Statement": NaN,
        "Amortization": NaN,
        "Amortization Of Intangibles Income Statement": NaN,
        "Depreciation Income Statement": NaN,
        "Research And Development": NaN,
        "Selling General And Administration": NaN,
        "Selling And Marketing Expense": NaN,
        "General And Administrative Expense": NaN,
        "Other Gand A": NaN,
        "Gross Profit": NaN,
        "Cost Of Revenue": NaN,
        "Total Revenue": NaN,
        "Operating Revenue": NaN
    },
    "2024-04-30": {
        "Tax Effect Of Unusual Items": 0.0,
        "Tax Rate For Calcs": 0.21,
        "Normalized EBITDA": -11986000.0,
        "Net Income From Continuing Operation Net Minority Interest": -19722000.0,
        "Reconciled Depreciation": 6673000.0,
        "Reconciled Cost Of Revenue": 34020000.0,
        "EBITDA": -11986000.0,
        "EBIT": -18659000.0,
        "Net Interest Income": 239000.0,
        "Interest Expense": 553000.0,
        "Interest Income": 792000.0,
        "Normalized Income": -19722000.0,
        "Net Income From Continuing And Discontinued Operation": -19722000.0,
        "Total Expenses": 120637000.0,
        "Total Operating Income As Reported": -19420000.0,
        "Diluted Average Shares": 56666311.0,
        "Basic Average Shares": 56666311.0,
        "Diluted EPS": -0.35,
        "Basic EPS": -0.35,
        "Diluted NI Availto Com Stockholders": -19722000.0,
        "Net Income Common Stockholders": -19722000.0,
        "Net Income": -19722000.0,
        "Net Income Including Noncontrolling Interests": -19722000.0,
        "Net Income Continuous Operations": -19722000.0,
        "Tax Provision": 510000.0,
        "Pretax Income": -19212000.0,
        "Other Income Expense": -31000.0,
        "Other Non Operating Income Expenses": -31000.0,
        "Net Non Operating Interest Income Expense": 239000.0,
        "Interest Expense Non Operating": 553000.0,
        "Interest Income Non Operating": 792000.0,
        "Operating Income": -19420000.0,
        "Operating Expense": 86617000.0,
        "Depreciation Amortization Depletion Income Statement": 6673000.0,
        "Depreciation And Amortization In Income Statement": 6673000.0,
        "Amortization": 3149000.0,
        "Amortization Of Intangibles Income Statement": 3149000.0,
        "Depreciation Income Statement": 3524000.0,
        "Research And Development": 28881000.0,
        "Selling General And Administration": 51063000.0,
        "Selling And Marketing Expense": 32011000.0,
        "General And Administrative Expense": 19052000.0,
        "Other Gand A": 19052000.0,
        "Gross Profit": 67197000.0,
        "Cost Of Revenue": 34020000.0,
        "Total Revenue": 101217000.0,
        "Operating Revenue": 101217000.0
    },
    "2024-07-31": {
        "Tax Effect Of Unusual Items": 0.0,
        "Tax Rate For Calcs": 0.21,
        "Normalized EBITDA": -9351000.0,
        "Net Income From Continuing Operation Net Minority Interest": -18012000.0,
        "Reconciled Depreciation": 7303000.0,
        "Reconciled Cost Of Revenue": 32811000.0,
        "EBITDA": -9351000.0,
        "EBIT": -16654000.0,
        "Net Interest Income": 46000.0,
        "Interest Expense": 608000.0,
        "Interest Income": 654000.0,
        "Normalized Income": -18012000.0,
        "Net Income From Continuing And Discontinued Operation": -18012000.0,
        "Total Expenses": 119337000.0,
        "Total Operating Income As Reported": -17222000.0,
        "Diluted Average Shares": 57502959.0,
        "Basic Average Shares": 57502959.0,
        "Diluted EPS": -0.31,
        "Basic EPS": -0.31,
        "Diluted NI Availto Com Stockholders": -18012000.0,
        "Net Income Common Stockholders": -18012000.0,
        "Net Income": -18012000.0,
        "Net Income Including Noncontrolling Interests": -18012000.0,
        "Net Income Continuous Operations": -18012000.0,
        "Tax Provision": 750000.0,
        "Pretax Income": -17262000.0,
        "Other Income Expense": -86000.0,
        "Other Non Operating Income Expenses": -86000.0,
        "Net Non Operating Interest Income Expense": 46000.0,
        "Interest Expense Non Operating": 608000.0,
        "Interest Income Non Operating": 654000.0,
        "Operating Income": -17222000.0,
        "Operating Expense": 86526000.0,
        "Depreciation Amortization Depletion Income Statement": 7303000.0,
        "Depreciation And Amortization In Income Statement": 7303000.0,
        "Amortization": 3382000.0,
        "Amortization Of Intangibles Income Statement": 3382000.0,
        "Depreciation Income Statement": 3921000.0,
        "Research And Development": 29542000.0,
        "Selling General And Administration": 49681000.0,
        "Selling And Marketing Expense": 30184000.0,
        "General And Administrative Expense": 19497000.0,
        "Other Gand A": 19497000.0,
        "Gross Profit": 69304000.0,
        "Cost Of Revenue": 32811000.0,
        "Total Revenue": 102115000.0,
        "Operating Revenue": 102115000.0
    },
    "2024-10-31": {
        "Tax Effect Of Unusual Items": 0.0,
        "Tax Rate For Calcs": 0.21,
        "Normalized EBITDA": -6274000.0,
        "Net Income From Continuing Operation Net Minority Interest": -14403000.0,
        "Reconciled Depreciation": 7087000.0,
        "Reconciled Cost Of Revenue": 34537000.0,
        "EBITDA": -6274000.0,
        "EBIT": -13361000.0,
        "Net Interest Income": 26000.0,
        "Interest Expense": 600000.0,
        "Interest Income": 626000.0,
        "Normalized Income": -14403000.0,
        "Net Income From Continuing And Discontinued Operation": -14403000.0,
        "Total Expenses": 120643000.0,
        "Total Operating Income As Reported": -13843000.0,
        "Diluted Average Shares": 57891591.0,
        "Basic Average Shares": 57891591.0,
        "Diluted EPS": -0.25,
        "Basic EPS": -0.25,
        "Diluted NI Availto Com Stockholders": -14403000.0,
        "Net Income Common Stockholders": -14403000.0,
        "Net Income": -14403000.0,
        "Net Income Including Noncontrolling Interests": -14403000.0,
        "Net Income Continuous Operations": -14403000.0,
        "Tax Provision": 442000.0,
        "Pretax Income": -13961000.0,
        "Other Income Expense": -144000.0,
        "Other Non Operating Income Expenses": -144000.0,
        "Net Non Operating Interest Income Expense": 26000.0,
        "Interest Expense Non Operating": 600000.0,
        "Interest Income Non Operating": 626000.0,
        "Operating Income": -13843000.0,
        "Operating Expense": 86106000.0,
        "Depreciation Amortization Depletion Income Statement": 7087000.0,
        "Depreciation And Amortization In Income Statement": 7087000.0,
        "Amortization": 3521000.0,
        "Amortization Of Intangibles Income Statement": 3521000.0,
        "Depreciation Income Statement": 3566000.0,
        "Research And Development": 29315000.0,
        "Selling General And Administration": 49704000.0,
        "Selling And Marketing Expense": 30071000.0,
        "General And Administrative Expense": 19633000.0,
        "Other Gand A": 19633000.0,
        "Gross Profit": 72263000.0,
        "Cost Of Revenue": 34537000.0,
        "Total Revenue": 106800000.0,
        "Operating Revenue": 106800000.0
    },
    "2025-01-31": {
        "Tax Effect Of Unusual Items": 0.0,
        "Tax Rate For Calcs": 0.21,
        "Normalized EBITDA": 2033000.0,
        "Net Income From Continuing Operation Net Minority Interest": -6390000.0,
        "Reconciled Depreciation": 6823000.0,
        "Reconciled Cost Of Revenue": 33566000.0,
        "EBITDA": 2033000.0,
        "EBIT": -4790000.0,
        "Net Interest Income": 19000.0,
        "Interest Expense": 586000.0,
        "Interest Income": 605000.0,
        "Normalized Income": -6390000.0,
        "Net Income From Continuing And Discontinued Operation": -6390000.0,
        "Total Expenses": 117293000.0,
        "Total Operating Income As Reported": -7612000.0,
        "Diluted Average Shares": NaN,
        "Basic Average Shares": NaN,
        "Diluted EPS": NaN,
        "Basic EPS": NaN,
        "Diluted NI Availto Com Stockholders": -6390000.0,
        "Net Income Common Stockholders": -6390000.0,
        "Net Income": -6390000.0,
        "Net Income Including Noncontrolling Interests": -6390000.0,
        "Net Income Continuous Operations": -6390000.0,
        "Tax Provision": 1014000.0,
        "Pretax Income": -5376000.0,
        "Other Income Expense": 2217000.0,
        "Other Non Operating Income Expenses": 2217000.0,
        "Net Non Operating Interest Income Expense": 19000.0,
        "Interest Expense Non Operating": 586000.0,
        "Interest Income Non Operating": 605000.0,
        "Operating Income": -7612000.0,
        "Operating Expense": 83727000.0,
        "Depreciation Amortization Depletion Income Statement": 6823000.0,
        "Depreciation And Amortization In Income Statement": 6823000.0,
        "Amortization": 3651000.0,
        "Amortization Of Intangibles Income Statement": 3651000.0,
        "Depreciation Income Statement": 3172000.0,
        "Research And Development": 29626000.0,
        "Selling General And Administration": 47278000.0,
        "Selling And Marketing Expense": 28863000.0,
        "General And Administrative Expense": 18415000.0,
        "Other Gand A": 18415000.0,
        "Gross Profit": 76115000.0,
        "Cost Of Revenue": 33566000.0,
        "Total Revenue": 109681000.0,
        "Operating Revenue": 109681000.0
    },
    "2025-04-30": {
        "Tax Effect Of Unusual Items": 0.0,
        "Tax Rate For Calcs": 0.21,
        "Normalized EBITDA": 4134000.0,
        "Net Income From Continuing Operation Net Minority Interest": -3914000.0,
        "Reconciled Depreciation": 6878000.0,
        "Reconciled Cost Of Revenue": 38065000.0,
        "EBITDA": 4134000.0,
        "EBIT": -2744000.0,
        "Net Interest Income": -230000.0,
        "Interest Expense": 435000.0,
        "Interest Income": 205000.0,
        "Normalized Income": -3914000.0,
        "Net Income From Continuing And Discontinued Operation": -3914000.0,
        "Total Expenses": 119223000.0,
        "Total Operating Income As Reported": -3287000.0,
        "Diluted Average Shares": 58920782.0,
        "Basic Average Shares": 58920782.0,
        "Diluted EPS": -0.07,
        "Basic EPS": -0.07,
        "Diluted NI Availto Com Stockholders": -3914000.0,
        "Net Income Common Stockholders": -3914000.0,
        "Net Income": -3914000.0,
        "Net Income Including Noncontrolling Interests": -3914000.0,
        "Net Income Continuous Operations": -3914000.0,
        "Tax Provision": 735000.0,
        "Pretax Income": -3179000.0,
        "Other Income Expense": 338000.0,
        "Other Non Operating Income Expenses": 338000.0,
        "Net Non Operating Interest Income Expense": -230000.0,
        "Interest Expense Non Operating": 435000.0,
        "Interest Income Non Operating": 205000.0,
        "Operating Income": -3287000.0,
        "Operating Expense": 81158000.0,
        "Depreciation Amortization Depletion Income Statement": 6878000.0,
        "Depreciation And Amortization In Income Statement": 6878000.0,
        "Amortization": 3892000.0,
        "Amortization Of Intangibles Income Statement": 3892000.0,
        "Depreciation Income Statement": 2986000.0,
        "Research And Development": 31829000.0,
        "Selling General And Administration": 42451000.0,
        "Selling And Marketing Expense": 26043000.0,
        "General And Administrative Expense": 16408000.0,
        "Other Gand A": 16408000.0,
        "Gross Profit": 77871000.0,
        "Cost Of Revenue": 38065000.0,
        "Total Revenue": 115936000.0,
        "Operating Revenue": 115936000.0
    }
}