{
    "2023-03-31": {
        "Tax Effect Of Unusual Items": NaN,
        "Tax Rate For Calcs": NaN,
        "Normalized EBITDA": NaN,
        "Total Unusual Items": NaN,
        "Total Unusual Items Excluding Goodwill": NaN,
        "Net Income From Continuing Operation Net Minority Interest": NaN,
        "Reconciled Depreciation": NaN,
        "Reconciled Cost Of Revenue": NaN,
        "EBITDA": NaN,
        "EBIT": NaN,
        "Net Interest Income": NaN,
        "Interest Expense": NaN,
        "Normalized Income": NaN,
        "Net Income From Continuing And Discontinued Operation": NaN,
        "Total Expenses": NaN,
        "Diluted Average Shares": 35935791.0,
        "Basic Average Shares": 35935791.0,
        "Diluted EPS": 0.27,
        "Basic EPS": 0.27,
        "Diluted NI Availto Com Stockholders": NaN,
        "Net Income Common Stockholders": NaN,
        "Net Income": NaN,
        "Net Income Including Noncontrolling Interests": NaN,
        "Net Income Continuous Operations": NaN,
        "Tax Provision": NaN,
        "Pretax Income": NaN,
        "Other Income Expense": NaN,
        "Special Income Charges": NaN,
        "Gain On Sale Of Ppe": NaN,
        "Impairment Of Capital Assets": NaN,
        "Net Non Operating Interest Income Expense": NaN,
        "Interest Expense Non Operating": NaN,
        "Operating Income": NaN,
        "Operating Expense": NaN,
        "Selling General And Administration": NaN,
        "General And Administrative Expense": NaN,
        "Other Gand A": NaN,
        "Gross Profit": NaN,
        "Cost Of Revenue": NaN,
        "Total Revenue": NaN,
        "Operating Revenue": NaN
    },
    "2022-12-31": {
        "Tax Effect Of Unusual Items": NaN,
        "Tax Rate For Calcs": NaN,
        "Normalized EBITDA": NaN,
        "Total Unusual Items": NaN,
        "Total Unusual Items Excluding Goodwill": NaN,
        "Net Income From Continuing Operation Net Minority Interest": NaN,
        "Reconciled Depreciation": NaN,
        "Reconciled Cost Of Revenue": NaN,
        "EBITDA": NaN,
        "EBIT": NaN,
        "Net Interest Income": NaN,
        "Interest Expense": NaN,
        "Normalized Income": NaN,
        "Net Income From Continuing And Discontinued Operation": NaN,
        "Total Expenses": NaN,
        "Diluted Average Shares": 36489353.0,
        "Basic Average Shares": 35679740.0,
        "Diluted EPS": 0.09,
        "Basic EPS": 0.09,
        "Diluted NI Availto Com Stockholders": NaN,
        "Net Income Common Stockholders": NaN,
        "Net Income": NaN,
        "Net Income Including Noncontrolling Interests": NaN,
        "Net Income Continuous Operations": NaN,
        "Tax Provision": NaN,
        "Pretax Income": NaN,
        "Other Income Expense": NaN,
        "Special Income Charges": NaN,
        "Gain On Sale Of Ppe": NaN,
        "Impairment Of Capital Assets": NaN,
        "Net Non Operating Interest Income Expense": NaN,
        "Interest Expense Non Operating": NaN,
        "Operating Income": NaN,
        "Operating Expense": NaN,
        "Selling General And Administration": NaN,
        "General And Administrative Expense": NaN,
        "Other Gand A": NaN,
        "Gross Profit": NaN,
        "Cost Of Revenue": NaN,
        "Total Revenue": NaN,
        "Operating Revenue": NaN
    },
    "2022-09-30": {
        "Tax Effect Of Unusual Items": 733443.293773,
        "Tax Rate For Calcs": 0.209759,
        "Normalized EBITDA": 8564591.0,
        "Total Unusual Items": 3496593.0,
        "Total Unusual Items Excluding Goodwill": 3496593.0,
        "Net Income From Continuing Operation Net Minority Interest": 9158468.0,
        "Reconciled Depreciation": 1550410.0,
        "Reconciled Cost Of Revenue": 5199020.0,
        "EBITDA": 12061184.0,
        "EBIT": 12061184.0,
        "Net Interest Income": -471716.0,
        "Interest Expense": 471716.0,
        "Normalized Income": 6395318.293773,
        "Net Income From Continuing And Discontinued Operation": 9158468.0,
        "Total Expenses": 8982179.0,
        "Diluted Average Shares": 35916878.0,
        "Basic Average Shares": 35573813.0,
        "Diluted EPS": 0.26,
        "Basic EPS": 0.26,
        "Diluted NI Availto Com Stockholders": 9158468.0,
        "Net Income Common Stockholders": 9158468.0,
        "Net Income": 9158468.0,
        "Net Income Including Noncontrolling Interests": 9158468.0,
        "Net Income Continuous Operations": 9158468.0,
        "Tax Provision": 2431000.0,
        "Pretax Income": 11589468.0,
        "Other Income Expense": 3496593.0,
        "Special Income Charges": 3496593.0,
        "Gain On Sale Of Ppe": 3499296.0,
        "Impairment Of Capital Assets": 2703.0,
        "Net Non Operating Interest Income Expense": -471716.0,
        "Interest Expense Non Operating": 471716.0,
        "Operating Income": 8564591.0,
        "Operating Expense": 3783159.0,
        "Selling General And Administration": 3783159.0,
        "General And Administrative Expense": 3783159.0,
        "Other Gand A": 3783159.0,
        "Gross Profit": 12347750.0,
        "Cost Of Revenue": 5199020.0,
        "Total Revenue": 17546770.0,
        "Operating Revenue": 21845384.0
    },
    "2022-06-30": {
        "Tax Effect Of Unusual Items": 63699.621851,
        "Tax Rate For Calcs": 0.102039,
        "Normalized EBITDA": 11249917.0,
        "Total Unusual Items": 624270.0,
        "Total Unusual Items Excluding Goodwill": 624270.0,
        "Net Income From Continuing Operation Net Minority Interest": 8589010.0,
        "Reconciled Depreciation": 2022832.0,
        "Reconciled Cost Of Revenue": 5278972.0,
        "EBITDA": 11874187.0,
        "EBIT": 9851355.0,
        "Net Interest Income": -286345.0,
        "Interest Expense": 286345.0,
        "Normalized Income": 8028439.621851,
        "Net Income From Continuing And Discontinued Operation": 8589010.0,
        "Total Expenses": 8156586.0,
        "Diluted Average Shares": 34851214.0,
        "Basic Average Shares": 34652155.0,
        "Diluted EPS": 0.25,
        "Basic EPS": 0.25,
        "Diluted NI Availto Com Stockholders": 8589010.0,
        "Net Income Common Stockholders": 8589010.0,
        "Net Income": 8589010.0,
        "Net Income Including Noncontrolling Interests": 8589010.0,
        "Net Income Continuous Operations": 8589010.0,
        "Tax Provision": 976000.0,
        "Pretax Income": 9565010.0,
        "Other Income Expense": 624270.0,
        "Special Income Charges": 624270.0,
        "Gain On Sale Of Ppe": 630547.0,
        "Impairment Of Capital Assets": 6277.0,
        "Net Non Operating Interest Income Expense": -286345.0,
        "Interest Expense Non Operating": 286345.0,
        "Operating Income": 9227085.0,
        "Operating Expense": 2877614.0,
        "Selling General And Administration": 2877614.0,
        "General And Administrative Expense": 2877614.0,
        "Other Gand A": 2877614.0,
        "Gross Profit": 12104699.0,
        "Cost Of Revenue": 5278972.0,
        "Total Revenue": 17383671.0,
        "Operating Revenue": 19770897.0
    },
    "2022-03-31": {
        "Diluted EPS": -0.12,
        "Total Revenue": 2,
        "Gross Profit": 0,
        "Operating Income": -4,
        "EBIT": -2,
        "Net Income": -4
    },
    "2021-12-31": {
        "Diluted EPS": 0.2,
        "Total Revenue": 17,
        "Gross Profit": 15,
        "Operating Income": 17,
        "EBIT": 17,
        "Net Income": 7
    },
    "2021-09-30": {
        "Diluted EPS": 0.0,
        "Total Revenue": NaN,
        "Gross Profit": NaN,
        "Operating Income": NaN,
        "EBIT": NaN,
        "Net Income": NaN
    },
    "2021-06-30": {
        "Diluted EPS": -0.05,
        "Total Revenue": 6,
        "Gross Profit": 4,
        "Operating Income": -2,
        "EBIT": 0,
        "Net Income": -1
    },
    "2021-03-31": {
        "Diluted EPS": -0.02,
        "Total Revenue": 6,
        "Gross Profit": 5,
        "Operating Income": -1,
        "EBIT": 4,
        "Net Income": -1
    },
    "2020-12-31": {
        "Diluted EPS": -0.03,
        "Total Revenue": 6,
        "Gross Profit": 5,
        "Operating Income": 6,
        "EBIT": 6,
        "Net Income": -1
    },
    "2020-09-30": {
        "Diluted EPS": 0.0,
        "Total Revenue": NaN,
        "Gross Profit": NaN,
        "Operating Income": NaN,
        "EBIT": NaN,
        "Net Income": NaN
    },
    "2020-06-30": {
        "Diluted EPS": -0.21,
        "Total Revenue": 3,
        "Gross Profit": 1,
        "Operating Income": -4,
        "EBIT": -2,
        "Net Income": -4
    },
    "2020-03-31": {
        "Diluted EPS": -1.24,
        "Total Revenue": 11,
        "Gross Profit": 9,
        "Operating Income": -27,
        "EBIT": -21,
        "Net Income": -20
    },
    "2019-12-31": {
        "Diluted EPS": 0.11,
        "Total Revenue": 11,
        "Gross Profit": 9,
        "Operating Income": 11,
        "EBIT": 11,
        "Net Income": 2
    },
    "2019-09-30": {
        "Diluted EPS": 0.0,
        "Total Revenue": NaN,
        "Gross Profit": NaN,
        "Operating Income": NaN,
        "EBIT": NaN,
        "Net Income": NaN
    },
    "2019-06-30": {
        "Diluted EPS": 0.28,
        "Total Revenue": 16,
        "Gross Profit": 14,
        "Operating Income": 6,
        "EBIT": 11,
        "Net Income": 5
    },
    "2019-03-31": {
        "Diluted EPS": -0.11,
        "Total Revenue": 8,
        "Gross Profit": 6,
        "Operating Income": -2,
        "EBIT": 6,
        "Net Income": -2
    },
    "2018-12-31": {
        "Diluted EPS": 0.75,
        "Total Revenue": 26,
        "Gross Profit": 23,
        "Operating Income": 26,
        "EBIT": 27,
        "Net Income": 13
    },
    "2018-09-30": {
        "Diluted EPS": 0.0,
        "Total Revenue": NaN,
        "Gross Profit": NaN,
        "Operating Income": NaN,
        "EBIT": NaN,
        "Net Income": NaN
    },
    "2018-06-30": {
        "Diluted EPS": -0.05,
        "Total Revenue": 10,
        "Gross Profit": 6,
        "Operating Income": -1,
        "EBIT": 4,
        "Net Income": -1
    },
    "2018-03-31": {
        "Diluted EPS": 0.06,
        "Total Revenue": 11,
        "Gross Profit": 8,
        "Operating Income": 1,
        "EBIT": 11,
        "Net Income": 1
    },
    "2017-12-31": {
        "Diluted EPS": 0.81,
        "Total Revenue": 12,
        "Gross Profit": 8,
        "Operating Income": 12,
        "EBIT": 13,
        "Net Income": 14
    },
    "2017-09-30": {
        "Diluted EPS": 0.0,
        "Total Revenue": NaN,
        "Gross Profit": NaN,
        "Operating Income": NaN,
        "EBIT": NaN,
        "Net Income": NaN
    },
    "2017-06-30": {
        "Diluted EPS": 0.07,
        "Total Revenue": 12,
        "Gross Profit": 9,
        "Operating Income": 2,
        "EBIT": 7,
        "Net Income": 1
    },
    "2017-03-31": {
        "Diluted EPS": 0.21,
        "Total Revenue": 14,
        "Gross Profit": 10,
        "Operating Income": 4,
        "EBIT": 14,
        "Net Income": 3
    },
    "2016-12-31": {
        "Diluted EPS": -0.13,
        "Total Revenue": 7,
        "Gross Profit": 4,
        "Operating Income": 7,
        "EBIT": 7,
        "Net Income": -2
    },
    "2016-09-30": {
        "Diluted EPS": 0.0,
        "Total Revenue": NaN,
        "Gross Profit": NaN,
        "Operating Income": NaN,
        "EBIT": NaN,
        "Net Income": NaN
    },
    "2016-06-30": {
        "Diluted EPS": -0.05,
        "Total Revenue": 10,
        "Gross Profit": 6,
        "Operating Income": -2,
        "EBIT": 5,
        "Net Income": -1
    },
    "2016-03-31": {
        "Diluted EPS": -0.44,
        "Total Revenue": 8,
        "Gross Profit": 4,
        "Operating Income": -12,
        "EBIT": 1,
        "Net Income": -7
    },
    "2015-12-31": {
        "Diluted EPS": -0.17,
        "Total Revenue": 11,
        "Gross Profit": 8,
        "Operating Income": 11,
        "EBIT": 12,
        "Net Income": -3
    },
    "2015-09-30": {
        "Diluted EPS": 0.0,
        "Total Revenue": NaN,
        "Gross Profit": NaN,
        "Operating Income": NaN,
        "EBIT": NaN,
        "Net Income": NaN
    },
    "2015-06-30": {
        "Diluted EPS": -0.04,
        "Total Revenue": 12,
        "Gross Profit": 7,
        "Operating Income": 0,
        "EBIT": 6,
        "Net Income": -1
    },
    "2015-03-31": {
        "Diluted EPS": 0.04,
        "Total Revenue": 15,
        "Gross Profit": 10,
        "Operating Income": 1,
        "EBIT": 13,
        "Net Income": 1
    },
    "2014-12-31": {
        "Diluted EPS": 0.61,
        "Total Revenue": 31,
        "Gross Profit": 26,
        "Operating Income": 31,
        "EBIT": 31,
        "Net Income": 10
    },
    "2014-09-30": {
        "Diluted EPS": 0.0,
        "Total Revenue": NaN,
        "Gross Profit": NaN,
        "Operating Income": NaN,
        "EBIT": NaN,
        "Net Income": NaN
    },
    "2014-06-30": {
        "Diluted EPS": 0.31,
        "Total Revenue": 18,
        "Gross Profit": 15,
        "Operating Income": 8,
        "EBIT": 13,
        "Net Income": 5
    },
    "2014-03-31": {
        "Diluted EPS": 0.34,
        "Total Revenue": 20,
        "Gross Profit": 15,
        "Operating Income": 8,
        "EBIT": 19,
        "Net Income": 6
    },
    "2013-12-31": {
        "Diluted EPS": 0.29,
        "Total Revenue": 18,
        "Gross Profit": 14,
        "Operating Income": 18,
        "EBIT": 18,
        "Net Income": 5
    },
    "2013-09-30": {
        "Diluted EPS": 0.0,
        "Total Revenue": NaN,
        "Gross Profit": NaN,
        "Operating Income": NaN,
        "EBIT": NaN,
        "Net Income": NaN
    },
    "2013-06-30": {
        "Diluted EPS": 0.31,
        "Total Revenue": 18,
        "Gross Profit": 14,
        "Operating Income": 7,
        "EBIT": 13,
        "Net Income": 5
    },
    "2013-03-31": {
        "Diluted EPS": 0.06,
        "Total Revenue": 13,
        "Gross Profit": 10,
        "Operating Income": 2,
        "EBIT": 14,
        "Net Income": 1
    },
    "2012-12-31": {
        "Diluted EPS": 0.13,
        "Total Revenue": 14,
        "Gross Profit": 11,
        "Operating Income": 14,
        "EBIT": 14,
        "Net Income": 2
    },
    "2012-09-30": {
        "Diluted EPS": 0.0,
        "Total Revenue": NaN,
        "Gross Profit": NaN,
        "Operating Income": NaN,
        "EBIT": NaN,
        "Net Income": NaN
    },
    "2012-06-30": {
        "Diluted EPS": 0.19,
        "Total Revenue": 14,
        "Gross Profit": 11,
        "Operating Income": 5,
        "EBIT": 9,
        "Net Income": 3
    },
    "2012-03-31": {
        "Diluted EPS": 0.04,
        "Total Revenue": 10,
        "Gross Profit": 8,
        "Operating Income": 1,
        "EBIT": 10,
        "Net Income": 1
    },
    "2011-12-31": {
        "Diluted EPS": 0.21,
        "Total Revenue": 13,
        "Gross Profit": 10,
        "Operating Income": 13,
        "EBIT": 13,
        "Net Income": 3
    },
    "2011-09-30": {
        "Diluted EPS": 0.0,
        "Total Revenue": NaN,
        "Gross Profit": NaN,
        "Operating Income": NaN,
        "EBIT": NaN,
        "Net Income": NaN
    },
    "2011-06-30": {
        "Diluted EPS": 0.16,
        "Total Revenue": 12,
        "Gross Profit": 9,
        "Operating Income": 4,
        "EBIT": 7,
        "Net Income": 3
    },
    "2011-03-31": {
        "Diluted EPS": 0.11,
        "Total Revenue": 11,
        "Gross Profit": 8,
        "Operating Income": 2,
        "EBIT": 9,
        "Net Income": 2
    },
    "2010-12-31": {
        "Diluted EPS": 0.09,
        "Total Revenue": 10,
        "Gross Profit": 7,
        "Operating Income": 10,
        "EBIT": 10,
        "Net Income": 1
    },
    "2010-09-30": {
        "Diluted EPS": 0.0,
        "Total Revenue": NaN,
        "Gross Profit": NaN,
        "Operating Income": NaN,
        "EBIT": NaN,
        "Net Income": NaN
    },
    "2010-06-30": {
        "Diluted EPS": 0.09,
        "Total Revenue": 10,
        "Gross Profit": 8,
        "Operating Income": 2,
        "EBIT": 7,
        "Net Income": 2
    },
    "2010-03-31": {
        "Diluted EPS": 0.31,
        "Total Revenue": 17,
        "Gross Profit": 14,
        "Operating Income": 7,
        "EBIT": 18,
        "Net Income": 5
    },
    "2009-12-31": {
        "Diluted EPS": 0.1,
        "Total Revenue": 12,
        "Gross Profit": 9,
        "Operating Income": 12,
        "EBIT": 12,
        "Net Income": 2
    },
    "2009-09-30": {
        "Diluted EPS": 0.0,
        "Total Revenue": NaN,
        "Gross Profit": NaN,
        "Operating Income": NaN,
        "EBIT": NaN,
        "Net Income": NaN
    },
    "2009-06-30": {
        "Diluted EPS": -0.06,
        "Total Revenue": 9,
        "Gross Profit": 6,
        "Operating Income": -2,
        "EBIT": 5,
        "Net Income": -1
    },
    "2009-03-31": {
        "Diluted EPS": -0.06,
        "Total Revenue": 9,
        "Gross Profit": 7,
        "Operating Income": -2,
        "EBIT": 14,
        "Net Income": -1
    },
    "2023-06-30": {
        "Tax Effect Of Unusual Items": NaN,
        "Tax Rate For Calcs": NaN,
        "Normalized EBITDA": NaN,
        "Total Unusual Items": NaN,
        "Total Unusual Items Excluding Goodwill": NaN,
        "Net Income From Continuing Operation Net Minority Interest": NaN,
        "Reconciled Depreciation": NaN,
        "Reconciled Cost Of Revenue": NaN,
        "EBITDA": NaN,
        "EBIT": NaN,
        "Net Interest Income": NaN,
        "Interest Expense": NaN,
        "Normalized Income": NaN,
        "Net Income From Continuing And Discontinued Operation": NaN,
        "Total Expenses": NaN,
        "Diluted Average Shares": 35965281.0,
        "Basic Average Shares": 35965281.0,
        "Diluted EPS": -0.001148,
        "Basic EPS": -0.001148,
        "Diluted NI Availto Com Stockholders": NaN,
        "Net Income Common Stockholders": NaN,
        "Net Income": NaN,
        "Net Income Including Noncontrolling Interests": NaN,
        "Net Income Continuous Operations": NaN,
        "Tax Provision": NaN,
        "Pretax Income": NaN,
        "Other Income Expense": NaN,
        "Special Income Charges": NaN,
        "Gain On Sale Of Ppe": NaN,
        "Impairment Of Capital Assets": NaN,
        "Net Non Operating Interest Income Expense": NaN,
        "Interest Expense Non Operating": NaN,
        "Operating Income": NaN,
        "Operating Expense": NaN,
        "Selling General And Administration": NaN,
        "General And Administrative Expense": NaN,
        "Other Gand A": NaN,
        "Gross Profit": NaN,
        "Cost Of Revenue": NaN,
        "Total Revenue": NaN,
        "Operating Revenue": NaN
    },
    "2023-09-30": {
        "Tax Effect Of Unusual Items": NaN,
        "Tax Rate For Calcs": NaN,
        "Normalized EBITDA": NaN,
        "Total Unusual Items": NaN,
        "Total Unusual Items Excluding Goodwill": NaN,
        "Net Income From Continuing Operation Net Minority Interest": NaN,
        "Reconciled Depreciation": NaN,
        "Reconciled Cost Of Revenue": NaN,
        "EBITDA": NaN,
        "EBIT": NaN,
        "Net Interest Income": NaN,
        "Interest Expense": NaN,
        "Normalized Income": NaN,
        "Net Income From Continuing And Discontinued Operation": NaN,
        "Total Expenses": NaN,
        "Diluted Average Shares": 36656272.0,
        "Basic Average Shares": 35983116.0,
        "Diluted EPS": 0.05,
        "Basic EPS": 0.05,
        "Diluted NI Availto Com Stockholders": NaN,
        "Net Income Common Stockholders": NaN,
        "Net Income": NaN,
        "Net Income Including Noncontrolling Interests": NaN,
        "Net Income Continuous Operations": NaN,
        "Tax Provision": NaN,
        "Pretax Income": NaN,
        "Other Income Expense": NaN,
        "Special Income Charges": NaN,
        "Gain On Sale Of Ppe": NaN,
        "Impairment Of Capital Assets": NaN,
        "Net Non Operating Interest Income Expense": NaN,
        "Interest Expense Non Operating": NaN,
        "Operating Income": NaN,
        "Operating Expense": NaN,
        "Selling General And Administration": NaN,
        "General And Administrative Expense": NaN,
        "Other Gand A": NaN,
        "Gross Profit": NaN,
        "Cost Of Revenue": NaN,
        "Total Revenue": NaN,
        "Operating Revenue": NaN
    },
    "2023-12-31": {
        "Tax Effect Of Unusual Items": NaN,
        "Tax Rate For Calcs": NaN,
        "Normalized EBITDA": NaN,
        "Total Unusual Items": NaN,
        "Total Unusual Items Excluding Goodwill": NaN,
        "Net Income From Continuing Operation Net Minority Interest": NaN,
        "Reconciled Depreciation": NaN,
        "Reconciled Cost Of Revenue": NaN,
        "EBITDA": NaN,
        "EBIT": NaN,
        "Net Interest Income": NaN,
        "Interest Expense": NaN,
        "Normalized Income": NaN,
        "Net Income From Continuing And Discontinued Operation": NaN,
        "Total Expenses": NaN,
        "Diluted Average Shares": NaN,
        "Basic Average Shares": NaN,
        "Diluted EPS": NaN,
        "Basic EPS": NaN,
        "Diluted NI Availto Com Stockholders": NaN,
        "Net Income Common Stockholders": NaN,
        "Net Income": NaN,
        "Net Income Including Noncontrolling Interests": NaN,
        "Net Income Continuous Operations": NaN,
        "Tax Provision": NaN,
        "Pretax Income": NaN,
        "Other Income Expense": NaN,
        "Special Income Charges": NaN,
        "Gain On Sale Of Ppe": NaN,
        "Impairment Of Capital Assets": 0.0,
        "Gain On Sale Of Security": NaN,
        "Net Non Operating Interest Income Expense": NaN,
        "Interest Expense Non Operating": NaN,
        "Operating Income": NaN,
        "Operating Expense": NaN,
        "Selling General And Administration": NaN,
        "General And Administrative Expense": NaN,
        "Other Gand A": NaN,
        "Gross Profit": NaN,
        "Cost Of Revenue": NaN,
        "Total Revenue": NaN,
        "Operating Revenue": NaN
    },
    "2024-03-31": {
        "Tax Effect Of Unusual Items": 126688.8,
        "Tax Rate For Calcs": 0.21,
        "Normalized EBITDA": 2326649.0,
        "Total Unusual Items": 603280.0,
        "Total Unusual Items Excluding Goodwill": 603280.0,
        "Net Income From Continuing Operation Net Minority Interest": -183615.0,
        "Reconciled Depreciation": 2356326.0,
        "Reconciled Cost Of Revenue": 3924566.0,
        "EBITDA": 2929929.0,
        "EBIT": 573603.0,
        "Net Interest Income": -714886.0,
        "Interest Expense": 714886.0,
        "Normalized Income": -660206.2,
        "Net Income From Continuing And Discontinued Operation": -183615.0,
        "Total Expenses": 7271603.0,
        "Diluted Average Shares": 36303392.0,
        "Basic Average Shares": 36303392.0,
        "Diluted EPS": -0.01,
        "Basic EPS": -0.01,
        "Diluted NI Availto Com Stockholders": -183615.0,
        "Net Income Common Stockholders": -183615.0,
        "Net Income": -183615.0,
        "Net Income Including Noncontrolling Interests": -183615.0,
        "Net Income Continuous Operations": -183615.0,
        "Tax Provision": 42332.0,
        "Pretax Income": -141283.0,
        "Other Income Expense": 603280.0,
        "Special Income Charges": -24212.0,
        "Gain On Sale Of Ppe": -24212.0,
        "Impairment Of Capital Assets": 0.0,
        "Gain On Sale Of Security": 627492.0,
        "Net Non Operating Interest Income Expense": -714886.0,
        "Interest Expense Non Operating": 714886.0,
        "Operating Income": -29677.0,
        "Operating Expense": 3347037.0,
        "Selling General And Administration": 3347037.0,
        "General And Administrative Expense": 3347037.0,
        "Other Gand A": 3347037.0,
        "Gross Profit": 3317360.0,
        "Cost Of Revenue": 3924566.0,
        "Total Revenue": 7241926.0,
        "Operating Revenue": 7241926.0
    },
    "2024-06-30": {
        "Tax Effect Of Unusual Items": -47686.491137,
        "Tax Rate For Calcs": 0.215123,
        "Normalized EBITDA": 4792859.0,
        "Total Unusual Items": -221671.0,
        "Total Unusual Items Excluding Goodwill": -221671.0,
        "Net Income From Continuing Operation Net Minority Interest": 1295771.0,
        "Reconciled Depreciation": 2268284.0,
        "Reconciled Cost Of Revenue": 4701029.0,
        "EBITDA": 4571188.0,
        "EBIT": 2302904.0,
        "Net Interest Income": -651982.0,
        "Interest Expense": 651982.0,
        "Normalized Income": 1469755.508863,
        "Net Income From Continuing And Discontinued Operation": 1295771.0,
        "Total Expenses": 7435657.0,
        "Diluted Average Shares": 36379653.0,
        "Basic Average Shares": 36308224.0,
        "Diluted EPS": 0.04,
        "Basic EPS": 0.04,
        "Diluted NI Availto Com Stockholders": 1295771.0,
        "Net Income Common Stockholders": 1295771.0,
        "Net Income": 1295771.0,
        "Net Income Including Noncontrolling Interests": 1295771.0,
        "Net Income Continuous Operations": 1295771.0,
        "Tax Provision": 355151.0,
        "Pretax Income": 1650922.0,
        "Other Income Expense": -221671.0,
        "Special Income Charges": 197326.0,
        "Gain On Sale Of Ppe": 197326.0,
        "Impairment Of Capital Assets": 0.0,
        "Gain On Sale Of Security": -418997.0,
        "Net Non Operating Interest Income Expense": -651982.0,
        "Interest Expense Non Operating": 651982.0,
        "Operating Income": 2524575.0,
        "Operating Expense": 2734628.0,
        "Selling General And Administration": 2734628.0,
        "General And Administrative Expense": 2734628.0,
        "Other Gand A": 2734628.0,
        "Gross Profit": 5259203.0,
        "Cost Of Revenue": 4701029.0,
        "Total Revenue": 9960232.0,
        "Operating Revenue": 9960232.0
    },
    "2024-09-30": {
        "Tax Effect Of Unusual Items": 301495.052515,
        "Tax Rate For Calcs": 0.29357,
        "Normalized EBITDA": 3529076.0,
        "Total Unusual Items": 1026994.0,
        "Total Unusual Items Excluding Goodwill": 1026994.0,
        "Net Income From Continuing Operation Net Minority Interest": 1100310.0,
        "Reconciled Depreciation": 2376025.0,
        "Reconciled Cost Of Revenue": 4211302.0,
        "EBITDA": 4556070.0,
        "EBIT": 2180045.0,
        "Net Interest Income": -622480.0,
        "Interest Expense": 622480.0,
        "Normalized Income": 374811.052515,
        "Net Income From Continuing And Discontinued Operation": 1100310.0,
        "Total Expenses": 6894736.0,
        "Diluted Average Shares": 36983669.0,
        "Basic Average Shares": 36316742.0,
        "Diluted EPS": 0.03,
        "Basic EPS": 0.03,
        "Diluted NI Availto Com Stockholders": 1100310.0,
        "Net Income Common Stockholders": 1100310.0,
        "Net Income": 1100310.0,
        "Net Income Including Noncontrolling Interests": 1100310.0,
        "Net Income Continuous Operations": 1100310.0,
        "Tax Provision": 457255.0,
        "Pretax Income": 1557565.0,
        "Other Income Expense": 1026994.0,
        "Special Income Charges": -62248.0,
        "Gain On Sale Of Ppe": -62248.0,
        "Impairment Of Capital Assets": 0.0,
        "Gain On Sale Of Security": 1089242.0,
        "Net Non Operating Interest Income Expense": -622480.0,
        "Interest Expense Non Operating": 622480.0,
        "Operating Income": 1153051.0,
        "Operating Expense": 2683434.0,
        "Selling General And Administration": 2683434.0,
        "General And Administrative Expense": 2683434.0,
        "Other Gand A": 2683434.0,
        "Gross Profit": 3836485.0,
        "Cost Of Revenue": 4211302.0,
        "Total Revenue": 8047787.0,
        "Operating Revenue": 8047787.0
    },
    "2024-12-31": {
        "Tax Effect Of Unusual Items": -261548.07,
        "Tax Rate For Calcs": 0.21,
        "Normalized EBITDA": 4507045.0,
        "Total Unusual Items": -1245467.0,
        "Total Unusual Items Excluding Goodwill": -1245467.0,
        "Net Income From Continuing Operation Net Minority Interest": 109400.0,
        "Reconciled Depreciation": 2605809.0,
        "Reconciled Cost Of Revenue": 4215046.0,
        "EBITDA": 3261578.0,
        "EBIT": 655769.0,
        "Net Interest Income": -573920.0,
        "Interest Expense": 573920.0,
        "Normalized Income": 1093318.93,
        "Net Income From Continuing And Discontinued Operation": 109400.0,
        "Total Expenses": 7120275.0,
        "Diluted Average Shares": 36944330.0,
        "Basic Average Shares": 36398660.0,
        "Diluted EPS": 0.0,
        "Basic EPS": 0.0,
        "Diluted NI Availto Com Stockholders": 109400.0,
        "Net Income Common Stockholders": 109400.0,
        "Net Income": 109400.0,
        "Net Income Including Noncontrolling Interests": 109400.0,
        "Net Income Continuous Operations": 109400.0,
        "Tax Provision": -27551.0,
        "Pretax Income": 81849.0,
        "Other Income Expense": -1245467.0,
        "Special Income Charges": -247338.0,
        "Gain On Sale Of Ppe": -194665.0,
        "Impairment Of Capital Assets": 52673.0,
        "Gain On Sale Of Security": -998129.0,
        "Net Non Operating Interest Income Expense": -573920.0,
        "Interest Expense Non Operating": 573920.0,
        "Operating Income": 1901236.0,
        "Operating Expense": 2905229.0,
        "Selling General And Administration": 2905229.0,
        "General And Administrative Expense": 2905229.0,
        "Other Gand A": 2905229.0,
        "Gross Profit": 4806465.0,
        "Cost Of Revenue": 4215046.0,
        "Total Revenue": 9021511.0,
        "Operating Revenue": 9021511.0
    },
    "2025-03-31": {
        "Tax Effect Of Unusual Items": 766430.45418,
        "Tax Rate For Calcs": 0.228337,
        "Normalized EBITDA": 5206776.0,
        "Total Unusual Items": 3356569.0,
        "Total Unusual Items Excluding Goodwill": 3356569.0,
        "Net Income From Continuing Operation Net Minority Interest": 4383882.0,
        "Reconciled Depreciation": 2430207.0,
        "Reconciled Cost Of Revenue": 4230673.0,
        "EBITDA": 8563345.0,
        "EBIT": 6133138.0,
        "Net Interest Income": -452051.0,
        "Interest Expense": 452051.0,
        "Normalized Income": 1793743.45418,
        "Net Income From Continuing And Discontinued Operation": 4383882.0,
        "Total Expenses": 7984921.0,
        "Diluted Average Shares": 38009410.0,
        "Basic Average Shares": 36808766.0,
        "Diluted EPS": 0.12,
        "Basic EPS": 0.12,
        "Diluted NI Availto Com Stockholders": 4383882.0,
        "Net Income Common Stockholders": 4383882.0,
        "Net Income": 4383882.0,
        "Net Income Including Noncontrolling Interests": 4383882.0,
        "Net Income Continuous Operations": 4383882.0,
        "Tax Provision": 1297205.0,
        "Pretax Income": 5681087.0,
        "Other Income Expense": 3356569.0,
        "Special Income Charges": 6519747.0,
        "Gain On Sale Of Ppe": 6519747.0,
        "Impairment Of Capital Assets": NaN,
        "Gain On Sale Of Security": -3163178.0,
        "Net Non Operating Interest Income Expense": -452051.0,
        "Interest Expense Non Operating": 452051.0,
        "Operating Income": 2776569.0,
        "Operating Expense": 3754248.0,
        "Selling General And Administration": 3754248.0,
        "General And Administrative Expense": 3754248.0,
        "Other Gand A": 3754248.0,
        "Gross Profit": 6530817.0,
        "Cost Of Revenue": 4230673.0,
        "Total Revenue": 10761490.0,
        "Operating Revenue": 10761490.0
    }
}