{
    "2023-03-31": {
        "Tax Effect Of Unusual Items": NaN,
        "Tax Rate For Calcs": NaN,
        "Normalized EBITDA": NaN,
        "Total Unusual Items": NaN,
        "Total Unusual Items Excluding Goodwill": NaN,
        "Net Income From Continuing Operation Net Minority Interest": NaN,
        "Reconciled Depreciation": NaN,
        "EBITDA": NaN,
        "EBIT": NaN,
        "Net Interest Income": NaN,
        "Interest Expense": NaN,
        "Normalized Income": NaN,
        "Net Income From Continuing And Discontinued Operation": NaN,
        "Total Expenses": NaN,
        "Total Operating Income As Reported": NaN,
        "Diluted Average Shares": 41579000.0,
        "Basic Average Shares": 41579000.0,
        "Diluted EPS": -0.22,
        "Basic EPS": -0.22,
        "Diluted NI Availto Com Stockholders": NaN,
        "Average Dilution Earnings": 0.0,
        "Net Income Common Stockholders": NaN,
        "Net Income": NaN,
        "Minority Interests": NaN,
        "Net Income Including Noncontrolling Interests": NaN,
        "Net Income Continuous Operations": NaN,
        "Tax Provision": NaN,
        "Pretax Income": NaN,
        "Other Income Expense": NaN,
        "Other Non Operating Income Expenses": NaN,
        "Special Income Charges": NaN,
        "Impairment Of Capital Assets": NaN,
        "Gain On Sale Of Security": NaN,
        "Net Non Operating Interest Income Expense": NaN,
        "Interest Expense Non Operating": NaN,
        "Operating Income": NaN,
        "Operating Expense": NaN,
        "Other Operating Expenses": NaN,
        "Depreciation Amortization Depletion Income Statement": NaN,
        "Depreciation And Amortization In Income Statement": NaN,
        "Selling General And Administration": NaN,
        "Selling And Marketing Expense": NaN,
        "General And Administrative Expense": NaN,
        "Other Gand A": NaN,
        "Total Revenue": NaN,
        "Operating Revenue": NaN
    },
    "2022-12-31": {
        "Tax Effect Of Unusual Items": NaN,
        "Tax Rate For Calcs": NaN,
        "Normalized EBITDA": NaN,
        "Total Unusual Items": NaN,
        "Total Unusual Items Excluding Goodwill": NaN,
        "Net Income From Continuing Operation Net Minority Interest": NaN,
        "Reconciled Depreciation": NaN,
        "EBITDA": NaN,
        "EBIT": NaN,
        "Net Interest Income": NaN,
        "Interest Expense": NaN,
        "Normalized Income": NaN,
        "Net Income From Continuing And Discontinued Operation": NaN,
        "Total Expenses": NaN,
        "Total Operating Income As Reported": NaN,
        "Diluted Average Shares": NaN,
        "Basic Average Shares": NaN,
        "Diluted EPS": NaN,
        "Basic EPS": NaN,
        "Diluted NI Availto Com Stockholders": NaN,
        "Average Dilution Earnings": NaN,
        "Net Income Common Stockholders": NaN,
        "Net Income": NaN,
        "Minority Interests": NaN,
        "Net Income Including Noncontrolling Interests": NaN,
        "Net Income Continuous Operations": NaN,
        "Tax Provision": NaN,
        "Pretax Income": NaN,
        "Other Income Expense": NaN,
        "Other Non Operating Income Expenses": NaN,
        "Special Income Charges": -463496246.0,
        "Impairment Of Capital Assets": 463496246.0,
        "Gain On Sale Of Security": NaN,
        "Net Non Operating Interest Income Expense": NaN,
        "Interest Expense Non Operating": NaN,
        "Operating Income": NaN,
        "Operating Expense": NaN,
        "Other Operating Expenses": NaN,
        "Depreciation Amortization Depletion Income Statement": NaN,
        "Depreciation And Amortization In Income Statement": NaN,
        "Selling General And Administration": NaN,
        "Selling And Marketing Expense": NaN,
        "General And Administrative Expense": NaN,
        "Other Gand A": NaN,
        "Total Revenue": NaN,
        "Operating Revenue": NaN
    },
    "2022-09-30": {
        "Tax Effect Of Unusual Items": NaN,
        "Tax Rate For Calcs": NaN,
        "Normalized EBITDA": NaN,
        "Total Unusual Items": NaN,
        "Total Unusual Items Excluding Goodwill": NaN,
        "Net Income From Continuing Operation Net Minority Interest": NaN,
        "Reconciled Depreciation": NaN,
        "EBITDA": NaN,
        "EBIT": NaN,
        "Net Interest Income": NaN,
        "Interest Expense": NaN,
        "Normalized Income": NaN,
        "Net Income From Continuing And Discontinued Operation": NaN,
        "Total Expenses": NaN,
        "Total Operating Income As Reported": NaN,
        "Diluted Average Shares": NaN,
        "Basic Average Shares": NaN,
        "Diluted EPS": NaN,
        "Basic EPS": NaN,
        "Diluted NI Availto Com Stockholders": NaN,
        "Average Dilution Earnings": -54155858.0,
        "Net Income Common Stockholders": NaN,
        "Net Income": NaN,
        "Minority Interests": NaN,
        "Net Income Including Noncontrolling Interests": NaN,
        "Net Income Continuous Operations": NaN,
        "Tax Provision": NaN,
        "Pretax Income": NaN,
        "Other Income Expense": NaN,
        "Other Non Operating Income Expenses": NaN,
        "Special Income Charges": 0.0,
        "Impairment Of Capital Assets": 0.0,
        "Gain On Sale Of Security": NaN,
        "Net Non Operating Interest Income Expense": NaN,
        "Interest Expense Non Operating": NaN,
        "Operating Income": NaN,
        "Operating Expense": NaN,
        "Other Operating Expenses": NaN,
        "Depreciation Amortization Depletion Income Statement": NaN,
        "Depreciation And Amortization In Income Statement": NaN,
        "Selling General And Administration": NaN,
        "Selling And Marketing Expense": NaN,
        "General And Administrative Expense": NaN,
        "Other Gand A": NaN,
        "Total Revenue": NaN,
        "Operating Revenue": NaN
    },
    "2022-06-30": {
        "Tax Effect Of Unusual Items": 0.0,
        "Tax Rate For Calcs": 0.0,
        "Normalized EBITDA": -39011322.0,
        "Total Unusual Items": -839640661.0,
        "Total Unusual Items Excluding Goodwill": -839640661.0,
        "Net Income From Continuing Operation Net Minority Interest": -154349949.0,
        "Reconciled Depreciation": 21720081.0,
        "EBITDA": -878651983.0,
        "EBIT": -900372064.0,
        "Net Interest Income": -2733875.0,
        "Interest Expense": 2733875.0,
        "Normalized Income": 685290712.0,
        "Net Income From Continuing And Discontinued Operation": -154349949.0,
        "Total Expenses": 330185374.0,
        "Total Operating Income As Reported": -912187157.0,
        "Diluted Average Shares": 242053000.0,
        "Basic Average Shares": 41579000.0,
        "Diluted EPS": -3.73,
        "Basic EPS": -3.71,
        "Diluted NI Availto Com Stockholders": -154349949.0,
        "Average Dilution Earnings": -748755990.0,
        "Net Income Common Stockholders": -154349949.0,
        "Net Income": -154349949.0,
        "Minority Interests": 748755990.0,
        "Net Income Including Noncontrolling Interests": -903105939.0,
        "Net Income Continuous Operations": -903105939.0,
        "Tax Provision": 0.0,
        "Pretax Income": -903105939.0,
        "Other Income Expense": -839640661.0,
        "Other Non Operating Income Expenses": NaN,
        "Special Income Charges": -851455754.0,
        "Impairment Of Capital Assets": 851455754.0,
        "Gain On Sale Of Security": 11815093.0,
        "Net Non Operating Interest Income Expense": -2733875.0,
        "Interest Expense Non Operating": 2733875.0,
        "Operating Income": -60731403.0,
        "Operating Expense": 330185374.0,
        "Other Operating Expenses": 265958797.0,
        "Depreciation Amortization Depletion Income Statement": 21720081.0,
        "Depreciation And Amortization In Income Statement": 21720081.0,
        "Selling General And Administration": 42506496.0,
        "Selling And Marketing Expense": 1408096.0,
        "General And Administrative Expense": 41098400.0,
        "Other Gand A": 41098400.0,
        "Total Revenue": 269453971.0,
        "Operating Revenue": 269453971.0
    },
    "2022-03-31": {
        "Diluted EPS": -0.25,
        "Total Revenue": 274,
        "Gross Profit": 8,
        "Operating Income": -52,
        "EBIT": -30,
        "Net Income": -11
    },
    "2021-12-31": {
        "Diluted EPS": 0.0,
        "Total Revenue": 185,
        "Gross Profit": -16,
        "Operating Income": -121,
        "EBIT": -113,
        "Net Income": -70
    },
    "2021-09-30": {
        "Diluted EPS": 0.0,
        "Total Revenue": 156,
        "Gross Profit": -5,
        "Operating Income": -28,
        "EBIT": -27,
        "Net Income": -32
    },
    "2021-06-30": {
        "Diluted EPS": 0.0,
        "Total Revenue": 145,
        "Gross Profit": -6,
        "Operating Income": -26,
        "EBIT": -25,
        "Net Income": -29
    },
    "2021-03-31": {
        "Diluted EPS": 0.0,
        "Total Revenue": 151,
        "Gross Profit": 5,
        "Operating Income": -13,
        "EBIT": -12,
        "Net Income": -25
    },
    "2020-12-31": {
        "Diluted EPS": 0.0,
        "Total Revenue": NaN,
        "Gross Profit": NaN,
        "Operating Income": NaN,
        "EBIT": NaN,
        "Net Income": NaN
    },
    "2019-12-31": {
        "Diluted EPS": 0.0,
        "Total Revenue": NaN,
        "Gross Profit": NaN,
        "Operating Income": NaN,
        "EBIT": NaN,
        "Net Income": NaN
    },
    "2023-06-30": {
        "Tax Effect Of Unusual Items": NaN,
        "Tax Rate For Calcs": NaN,
        "Normalized EBITDA": NaN,
        "Total Unusual Items": NaN,
        "Total Unusual Items Excluding Goodwill": NaN,
        "Net Income From Continuing Operation Net Minority Interest": NaN,
        "Reconciled Depreciation": NaN,
        "EBITDA": NaN,
        "EBIT": NaN,
        "Net Interest Income": NaN,
        "Interest Expense": NaN,
        "Normalized Income": NaN,
        "Net Income From Continuing And Discontinued Operation": NaN,
        "Total Expenses": NaN,
        "Total Operating Income As Reported": NaN,
        "Diluted Average Shares": 107454000.0,
        "Basic Average Shares": 107454000.0,
        "Diluted EPS": -0.09,
        "Basic EPS": -0.09,
        "Diluted NI Availto Com Stockholders": NaN,
        "Average Dilution Earnings": 0.0,
        "Net Income Common Stockholders": NaN,
        "Net Income": NaN,
        "Minority Interests": NaN,
        "Net Income Including Noncontrolling Interests": NaN,
        "Net Income Continuous Operations": NaN,
        "Tax Provision": NaN,
        "Pretax Income": NaN,
        "Other Income Expense": NaN,
        "Other Non Operating Income Expenses": NaN,
        "Special Income Charges": 0.0,
        "Impairment Of Capital Assets": 0.0,
        "Gain On Sale Of Security": NaN,
        "Net Non Operating Interest Income Expense": NaN,
        "Interest Expense Non Operating": NaN,
        "Operating Income": NaN,
        "Operating Expense": NaN,
        "Other Operating Expenses": NaN,
        "Depreciation Amortization Depletion Income Statement": NaN,
        "Depreciation And Amortization In Income Statement": NaN,
        "Selling General And Administration": NaN,
        "Selling And Marketing Expense": NaN,
        "General And Administrative Expense": NaN,
        "Other Gand A": NaN,
        "Total Revenue": NaN,
        "Operating Revenue": NaN
    },
    "2023-09-30": {
        "Tax Effect Of Unusual Items": NaN,
        "Tax Rate For Calcs": NaN,
        "Normalized EBITDA": NaN,
        "Total Unusual Items": NaN,
        "Total Unusual Items Excluding Goodwill": NaN,
        "Net Income From Continuing Operation Net Minority Interest": NaN,
        "Reconciled Depreciation": NaN,
        "EBITDA": NaN,
        "EBIT": NaN,
        "Net Interest Income": NaN,
        "Interest Expense": NaN,
        "Normalized Income": NaN,
        "Net Income From Continuing And Discontinued Operation": NaN,
        "Total Expenses": NaN,
        "Total Operating Income As Reported": NaN,
        "Diluted Average Shares": NaN,
        "Basic Average Shares": NaN,
        "Diluted EPS": NaN,
        "Basic EPS": NaN,
        "Diluted NI Availto Com Stockholders": NaN,
        "Average Dilution Earnings": NaN,
        "Net Income Common Stockholders": NaN,
        "Net Income": NaN,
        "Minority Interests": NaN,
        "Net Income Including Noncontrolling Interests": NaN,
        "Net Income Continuous Operations": NaN,
        "Tax Provision": NaN,
        "Pretax Income": NaN,
        "Other Income Expense": NaN,
        "Other Non Operating Income Expenses": NaN,
        "Special Income Charges": 0.0,
        "Impairment Of Capital Assets": 0.0,
        "Gain On Sale Of Security": NaN,
        "Net Non Operating Interest Income Expense": NaN,
        "Interest Expense Non Operating": NaN,
        "Operating Income": NaN,
        "Operating Expense": NaN,
        "Other Operating Expenses": NaN,
        "Depreciation Amortization Depletion Income Statement": NaN,
        "Depreciation And Amortization In Income Statement": NaN,
        "Selling General And Administration": NaN,
        "Selling And Marketing Expense": NaN,
        "General And Administrative Expense": NaN,
        "Other Gand A": NaN,
        "Total Revenue": NaN,
        "Operating Revenue": NaN
    },
    "2023-12-31": {
        "Tax Effect Of Unusual Items": NaN,
        "Tax Rate For Calcs": NaN,
        "Normalized EBITDA": NaN,
        "Total Unusual Items": NaN,
        "Total Unusual Items Excluding Goodwill": NaN,
        "Net Income From Continuing Operation Net Minority Interest": NaN,
        "Reconciled Depreciation": NaN,
        "EBITDA": NaN,
        "EBIT": NaN,
        "Net Interest Income": NaN,
        "Interest Expense": NaN,
        "Normalized Income": NaN,
        "Net Income From Continuing And Discontinued Operation": NaN,
        "Total Expenses": NaN,
        "Total Operating Income As Reported": NaN,
        "Diluted Average Shares": NaN,
        "Basic Average Shares": NaN,
        "Diluted EPS": NaN,
        "Basic EPS": NaN,
        "Diluted NI Availto Com Stockholders": NaN,
        "Average Dilution Earnings": NaN,
        "Net Income Common Stockholders": NaN,
        "Net Income": NaN,
        "Minority Interests": NaN,
        "Net Income Including Noncontrolling Interests": NaN,
        "Net Income Continuous Operations": NaN,
        "Tax Provision": NaN,
        "Pretax Income": NaN,
        "Other Income Expense": NaN,
        "Other Non Operating Income Expenses": NaN,
        "Special Income Charges": 0.0,
        "Impairment Of Capital Assets": 0.0,
        "Gain On Sale Of Security": NaN,
        "Net Non Operating Interest Income Expense": NaN,
        "Interest Expense Non Operating": NaN,
        "Operating Income": NaN,
        "Operating Expense": NaN,
        "Other Operating Expenses": NaN,
        "Depreciation Amortization Depletion Income Statement": NaN,
        "Depreciation And Amortization In Income Statement": NaN,
        "Selling General And Administration": NaN,
        "Selling And Marketing Expense": NaN,
        "General And Administrative Expense": NaN,
        "Other Gand A": NaN,
        "Total Revenue": NaN,
        "Operating Revenue": NaN
    },
    "2024-03-31": {
        "Tax Effect Of Unusual Items": 45360.0,
        "Tax Rate For Calcs": 0.21,
        "Normalized EBITDA": -21955000.0,
        "Total Unusual Items": 216000.0,
        "Total Unusual Items Excluding Goodwill": 216000.0,
        "Net Income From Continuing Operation Net Minority Interest": -18700000.0,
        "Reconciled Depreciation": 21539000.0,
        "EBITDA": -21739000.0,
        "EBIT": -43278000.0,
        "Net Interest Income": -4256000.0,
        "Interest Expense": 4256000.0,
        "Normalized Income": -18870640.0,
        "Net Income From Continuing And Discontinued Operation": -18700000.0,
        "Total Expenses": 432319000.0,
        "Total Operating Income As Reported": -43831000.0,
        "Diluted Average Shares": 2378000.0,
        "Basic Average Shares": 2378000.0,
        "Diluted EPS": -7.86,
        "Basic EPS": -7.86,
        "Diluted NI Availto Com Stockholders": -18700000.0,
        "Average Dilution Earnings": 0.0,
        "Net Income Common Stockholders": -18700000.0,
        "Net Income": -18700000.0,
        "Minority Interests": 30906000.0,
        "Net Income Including Noncontrolling Interests": -49606000.0,
        "Net Income Continuous Operations": -49606000.0,
        "Tax Provision": 2072000.0,
        "Pretax Income": -47534000.0,
        "Other Income Expense": 553000.0,
        "Other Non Operating Income Expenses": 337000.0,
        "Special Income Charges": NaN,
        "Impairment Of Capital Assets": NaN,
        "Gain On Sale Of Security": 216000.0,
        "Net Non Operating Interest Income Expense": -4256000.0,
        "Interest Expense Non Operating": 4256000.0,
        "Operating Income": -43831000.0,
        "Operating Expense": 432319000.0,
        "Other Operating Expenses": 383057000.0,
        "Depreciation Amortization Depletion Income Statement": 21539000.0,
        "Depreciation And Amortization In Income Statement": 21539000.0,
        "Selling General And Administration": 27723000.0,
        "Selling And Marketing Expense": 322000.0,
        "General And Administrative Expense": 27401000.0,
        "Other Gand A": 27401000.0,
        "Total Revenue": 388488000.0,
        "Operating Revenue": 388488000.0
    },
    "2024-06-30": {
        "Tax Effect Of Unusual Items": 1821330.0,
        "Tax Rate For Calcs": 0.21,
        "Normalized EBITDA": -9350000.0,
        "Total Unusual Items": 8673000.0,
        "Total Unusual Items Excluding Goodwill": 8673000.0,
        "Net Income From Continuing Operation Net Minority Interest": -12020000.0,
        "Reconciled Depreciation": 21693000.0,
        "EBITDA": -677000.0,
        "EBIT": -22370000.0,
        "Net Interest Income": -5436000.0,
        "Interest Expense": 5436000.0,
        "Normalized Income": -18871670.0,
        "Net Income From Continuing And Discontinued Operation": -12020000.0,
        "Total Expenses": 410491000.0,
        "Total Operating Income As Reported": -31334000.0,
        "Diluted Average Shares": 2822000.0,
        "Basic Average Shares": 2732000.0,
        "Diluted EPS": -7.37,
        "Basic EPS": -4.4,
        "Diluted NI Availto Com Stockholders": -20799000.0,
        "Average Dilution Earnings": -8779000.0,
        "Net Income Common Stockholders": -12020000.0,
        "Net Income": -12020000.0,
        "Minority Interests": 16754000.0,
        "Net Income Including Noncontrolling Interests": -28774000.0,
        "Net Income Continuous Operations": -28774000.0,
        "Tax Provision": 968000.0,
        "Pretax Income": -27806000.0,
        "Other Income Expense": 8964000.0,
        "Other Non Operating Income Expenses": 291000.0,
        "Gain On Sale Of Security": 8673000.0,
        "Net Non Operating Interest Income Expense": -5436000.0,
        "Interest Expense Non Operating": 5436000.0,
        "Operating Income": -31334000.0,
        "Operating Expense": 410491000.0,
        "Other Operating Expenses": 361774000.0,
        "Depreciation Amortization Depletion Income Statement": 21693000.0,
        "Depreciation And Amortization In Income Statement": 21693000.0,
        "Selling General And Administration": 27024000.0,
        "Selling And Marketing Expense": 414000.0,
        "General And Administrative Expense": 26610000.0,
        "Other Gand A": 26610000.0,
        "Total Revenue": 379157000.0,
        "Operating Revenue": 379157000.0
    },
    "2024-09-30": {
        "Tax Effect Of Unusual Items": 194278.192664,
        "Tax Rate For Calcs": 0.033864,
        "Normalized EBITDA": -84872000.0,
        "Total Unusual Items": 5737000.0,
        "Total Unusual Items Excluding Goodwill": 5737000.0,
        "Net Income From Continuing Operation Net Minority Interest": -46512000.0,
        "Reconciled Depreciation": 21673000.0,
        "EBITDA": -79135000.0,
        "EBIT": -100808000.0,
        "Net Interest Income": -5647000.0,
        "Interest Expense": 5647000.0,
        "Normalized Income": -52054721.807336,
        "Net Income From Continuing And Discontinued Operation": -46512000.0,
        "Total Expenses": 469114000.0,
        "Total Operating Income As Reported": -106990000.0,
        "Diluted Average Shares": 3294020.0,
        "Basic Average Shares": 3237800.0,
        "Diluted EPS": -15.5,
        "Basic EPS": -14.5,
        "Diluted NI Availto Com Stockholders": -51707000.0,
        "Average Dilution Earnings": -5195000.0,
        "Net Income Common Stockholders": -46512000.0,
        "Net Income": -46512000.0,
        "Minority Interests": 56338000.0,
        "Net Income Including Noncontrolling Interests": -102850000.0,
        "Net Income Continuous Operations": -102850000.0,
        "Tax Provision": -3605000.0,
        "Pretax Income": -106455000.0,
        "Other Income Expense": 6182000.0,
        "Other Non Operating Income Expenses": 445000.0,
        "Gain On Sale Of Security": 5737000.0,
        "Net Non Operating Interest Income Expense": -5647000.0,
        "Interest Expense Non Operating": 5647000.0,
        "Operating Income": -106990000.0,
        "Operating Expense": 469114000.0,
        "Other Operating Expenses": 420088000.0,
        "Depreciation Amortization Depletion Income Statement": 21673000.0,
        "Depreciation And Amortization In Income Statement": 21673000.0,
        "Selling General And Administration": 27353000.0,
        "Selling And Marketing Expense": 134000.0,
        "General And Administrative Expense": 27219000.0,
        "Other Gand A": 27219000.0,
        "Total Revenue": 362124000.0,
        "Operating Revenue": 362124000.0
    },
    "2024-12-31": {
        "Tax Effect Of Unusual Items": 2666790.0,
        "Tax Rate For Calcs": 0.21,
        "Normalized EBITDA": -108908000.0,
        "Total Unusual Items": 12699000.0,
        "Total Unusual Items Excluding Goodwill": 12699000.0,
        "Net Income From Continuing Operation Net Minority Interest": -58617000.0,
        "Reconciled Depreciation": 21153000.0,
        "EBITDA": -96209000.0,
        "EBIT": -117362000.0,
        "Net Interest Income": -6834000.0,
        "Interest Expense": 6834000.0,
        "Normalized Income": -68649210.0,
        "Net Income From Continuing And Discontinued Operation": -58617000.0,
        "Total Expenses": 501131000.0,
        "Total Operating Income As Reported": -138503000.0,
        "Diluted Average Shares": 3252680.0,
        "Basic Average Shares": 3252680.0,
        "Diluted EPS": -18.0,
        "Basic EPS": -18.0,
        "Diluted NI Availto Com Stockholders": -67721000.0,
        "Average Dilution Earnings": -9104000.0,
        "Net Income Common Stockholders": -58617000.0,
        "Net Income": -58617000.0,
        "Minority Interests": 70531000.0,
        "Net Income Including Noncontrolling Interests": -129148000.0,
        "Net Income Continuous Operations": -129148000.0,
        "Tax Provision": 4952000.0,
        "Pretax Income": -124196000.0,
        "Other Income Expense": 13083000.0,
        "Other Non Operating Income Expenses": 384000.0,
        "Gain On Sale Of Security": 7488000.0,
        "Net Non Operating Interest Income Expense": -6834000.0,
        "Interest Expense Non Operating": 6834000.0,
        "Operating Income": -130445000.0,
        "Operating Expense": 501131000.0,
        "Other Operating Expenses": 448151000.0,
        "Depreciation Amortization Depletion Income Statement": 21153000.0,
        "Depreciation And Amortization In Income Statement": 21153000.0,
        "Selling General And Administration": 31827000.0,
        "Selling And Marketing Expense": 461000.0,
        "General And Administrative Expense": 31366000.0,
        "Other Gand A": 31366000.0,
        "Total Revenue": 370686000.0,
        "Operating Revenue": 370686000.0
    },
    "2025-03-31": {
        "Tax Effect Of Unusual Items": 697620.0,
        "Tax Rate For Calcs": 0.21,
        "Normalized EBITDA": -16718000.0,
        "Total Unusual Items": 3322000.0,
        "Total Unusual Items Excluding Goodwill": 3322000.0,
        "Net Income From Continuing Operation Net Minority Interest": -20480000.0,
        "Reconciled Depreciation": 21052000.0,
        "EBITDA": -13396000.0,
        "EBIT": -34448000.0,
        "Net Interest Income": -8725000.0,
        "Interest Expense": 8725000.0,
        "Normalized Income": -23104380.0,
        "Net Income From Continuing And Discontinued Operation": -20480000.0,
        "Total Expenses": 411313000.0,
        "Total Operating Income As Reported": -38088000.0,
        "Diluted Average Shares": 3260000.0,
        "Basic Average Shares": 3260000.0,
        "Diluted EPS": -6.28,
        "Basic EPS": -6.28,
        "Diluted NI Availto Com Stockholders": -20480000.0,
        "Average Dilution Earnings": 0.0,
        "Net Income Common Stockholders": -20480000.0,
        "Net Income": -20480000.0,
        "Minority Interests": 23766000.0,
        "Net Income Including Noncontrolling Interests": -44246000.0,
        "Net Income Continuous Operations": -44246000.0,
        "Tax Provision": 1073000.0,
        "Pretax Income": -43173000.0,
        "Other Income Expense": 3640000.0,
        "Other Non Operating Income Expenses": 318000.0,
        "Gain On Sale Of Security": 3322000.0,
        "Net Non Operating Interest Income Expense": -8725000.0,
        "Interest Expense Non Operating": 8725000.0,
        "Operating Income": -38088000.0,
        "Operating Expense": 411313000.0,
        "Other Operating Expenses": 365081000.0,
        "Depreciation Amortization Depletion Income Statement": 21052000.0,
        "Depreciation And Amortization In Income Statement": 21052000.0,
        "Selling General And Administration": 25180000.0,
        "Selling And Marketing Expense": 181000.0,
        "General And Administrative Expense": 24999000.0,
        "Other Gand A": 24999000.0,
        "Total Revenue": 373225000.0,
        "Operating Revenue": 373225000.0
    },
    "2025-06-30": {
        "Tax Effect Of Unusual Items": 420420.0,
        "Tax Rate For Calcs": 0.21,
        "Normalized EBITDA": -12458000.0,
        "Total Unusual Items": 2002000.0,
        "Total Unusual Items Excluding Goodwill": 2002000.0,
        "Net Income From Continuing Operation Net Minority Interest": -20362000.0,
        "Reconciled Depreciation": 21083000.0,
        "EBITDA": -10456000.0,
        "EBIT": -31539000.0,
        "Net Interest Income": -10145000.0,
        "Interest Expense": 10145000.0,
        "Normalized Income": -21943580.0,
        "Net Income From Continuing And Discontinued Operation": -20362000.0,
        "Total Expenses": 389912000.0,
        "Total Operating Income As Reported": -34124000.0,
        "Diluted Average Shares": 3267000.0,
        "Basic Average Shares": 3267000.0,
        "Diluted EPS": -6.23,
        "Basic EPS": -6.23,
        "Diluted NI Availto Com Stockholders": -20362000.0,
        "Average Dilution Earnings": 0.0,
        "Net Income Common Stockholders": -20362000.0,
        "Net Income": -20362000.0,
        "Minority Interests": 23303000.0,
        "Net Income Including Noncontrolling Interests": -43665000.0,
        "Net Income Continuous Operations": -43665000.0,
        "Tax Provision": 1981000.0,
        "Pretax Income": -41684000.0,
        "Other Income Expense": 2585000.0,
        "Other Non Operating Income Expenses": 583000.0,
        "Gain On Sale Of Security": 2002000.0,
        "Net Non Operating Interest Income Expense": -10145000.0,
        "Interest Expense Non Operating": 10145000.0,
        "Operating Income": -34124000.0,
        "Operating Expense": 389912000.0,
        "Other Operating Expenses": 345383000.0,
        "Depreciation Amortization Depletion Income Statement": 21083000.0,
        "Depreciation And Amortization In Income Statement": 21083000.0,
        "Selling General And Administration": 23446000.0,
        "Selling And Marketing Expense": 151000.0,
        "General And Administrative Expense": 23295000.0,
        "Other Gand A": 23295000.0,
        "Total Revenue": 355788000.0,
        "Operating Revenue": 355788000.0
    },
    "2025-09-30": {
        "Tax Effect Of Unusual Items": -533400.0,
        "Tax Rate For Calcs": 0.21,
        "Normalized EBITDA": -25350000.0,
        "Total Unusual Items": -2540000.0,
        "Total Unusual Items Excluding Goodwill": -2540000.0,
        "Net Income From Continuing Operation Net Minority Interest": -31587000.0,
        "Reconciled Depreciation": 21033000.0,
        "EBITDA": -27890000.0,
        "EBIT": -48923000.0,
        "Net Interest Income": -20527000.0,
        "Interest Expense": 20527000.0,
        "Normalized Income": -29580400.0,
        "Net Income From Continuing And Discontinued Operation": -31587000.0,
        "Total Expenses": 389476000.0,
        "Total Operating Income As Reported": -44223000.0,
        "Diluted Average Shares": 3268000.0,
        "Basic Average Shares": 3268000.0,
        "Diluted EPS": -9.67,
        "Basic EPS": -9.67,
        "Diluted NI Availto Com Stockholders": -31587000.0,
        "Average Dilution Earnings": 0.0,
        "Net Income Common Stockholders": -31587000.0,
        "Net Income": -31587000.0,
        "Minority Interests": 37874000.0,
        "Net Income Including Noncontrolling Interests": -69461000.0,
        "Net Income Continuous Operations": -69461000.0,
        "Tax Provision": 11000.0,
        "Pretax Income": -69450000.0,
        "Other Income Expense": -4700000.0,
        "Other Non Operating Income Expenses": -2160000.0,
        "Gain On Sale Of Security": -2540000.0,
        "Net Non Operating Interest Income Expense": -20527000.0,
        "Interest Expense Non Operating": 20527000.0,
        "Operating Income": -44223000.0,
        "Operating Expense": 389476000.0,
        "Other Operating Expenses": 346053000.0,
        "Depreciation Amortization Depletion Income Statement": 21033000.0,
        "Depreciation And Amortization In Income Statement": 21033000.0,
        "Selling General And Administration": 22390000.0,
        "Selling And Marketing Expense": 251000.0,
        "General And Administrative Expense": 22139000.0,
        "Other Gand A": 22139000.0,
        "Total Revenue": 345253000.0,
        "Operating Revenue": 345253000.0
    }
}