{
    "2023-03-31": {
        "Tax Effect Of Unusual Items": NaN,
        "Tax Rate For Calcs": NaN,
        "Normalized EBITDA": NaN,
        "Net Income From Continuing Operation Net Minority Interest": NaN,
        "Reconciled Depreciation": NaN,
        "Reconciled Cost Of Revenue": NaN,
        "EBITDA": NaN,
        "EBIT": NaN,
        "Net Interest Income": NaN,
        "Interest Income": 24901000.0,
        "Normalized Income": NaN,
        "Net Income From Continuing And Discontinued Operation": NaN,
        "Total Expenses": NaN,
        "Total Operating Income As Reported": NaN,
        "Diluted Average Shares": NaN,
        "Basic Average Shares": NaN,
        "Diluted EPS": NaN,
        "Basic EPS": NaN,
        "Diluted NI Availto Com Stockholders": NaN,
        "Net Income Common Stockholders": NaN,
        "Net Income": NaN,
        "Net Income Including Noncontrolling Interests": NaN,
        "Net Income Continuous Operations": NaN,
        "Tax Provision": NaN,
        "Pretax Income": NaN,
        "Other Income Expense": NaN,
        "Other Non Operating Income Expenses": NaN,
        "Net Non Operating Interest Income Expense": NaN,
        "Total Other Finance Cost": NaN,
        "Interest Income Non Operating": 24901000.0,
        "Operating Income": NaN,
        "Operating Expense": NaN,
        "Research And Development": NaN,
        "Selling General And Administration": NaN,
        "Selling And Marketing Expense": NaN,
        "General And Administrative Expense": NaN,
        "Other Gand A": NaN,
        "Gross Profit": NaN,
        "Cost Of Revenue": NaN,
        "Total Revenue": NaN,
        "Operating Revenue": NaN
    },
    "2022-12-31": {
        "Tax Effect Of Unusual Items": NaN,
        "Tax Rate For Calcs": NaN,
        "Normalized EBITDA": NaN,
        "Net Income From Continuing Operation Net Minority Interest": NaN,
        "Reconciled Depreciation": NaN,
        "Reconciled Cost Of Revenue": NaN,
        "EBITDA": NaN,
        "EBIT": NaN,
        "Net Interest Income": NaN,
        "Interest Expense": -5734000.0,
        "Interest Income": 17172000.0,
        "Normalized Income": NaN,
        "Net Income From Continuing And Discontinued Operation": NaN,
        "Total Expenses": NaN,
        "Total Operating Income As Reported": NaN,
        "Diluted Average Shares": NaN,
        "Basic Average Shares": NaN,
        "Diluted EPS": NaN,
        "Basic EPS": NaN,
        "Diluted NI Availto Com Stockholders": NaN,
        "Net Income Common Stockholders": NaN,
        "Net Income": NaN,
        "Net Income Including Noncontrolling Interests": NaN,
        "Net Income Continuous Operations": NaN,
        "Tax Provision": NaN,
        "Pretax Income": NaN,
        "Other Income Expense": NaN,
        "Other Non Operating Income Expenses": NaN,
        "Net Non Operating Interest Income Expense": NaN,
        "Total Other Finance Cost": NaN,
        "Interest Expense Non Operating": -5734000.0,
        "Interest Income Non Operating": 17172000.0,
        "Operating Income": NaN,
        "Operating Expense": NaN,
        "Research And Development": NaN,
        "Selling General And Administration": NaN,
        "Selling And Marketing Expense": NaN,
        "General And Administrative Expense": NaN,
        "Other Gand A": NaN,
        "Gross Profit": NaN,
        "Cost Of Revenue": NaN,
        "Total Revenue": NaN,
        "Operating Revenue": NaN
    },
    "2022-09-30": {
        "Tax Effect Of Unusual Items": NaN,
        "Tax Rate For Calcs": NaN,
        "Normalized EBITDA": NaN,
        "Net Income From Continuing Operation Net Minority Interest": NaN,
        "Reconciled Depreciation": NaN,
        "Reconciled Cost Of Revenue": NaN,
        "EBITDA": NaN,
        "EBIT": NaN,
        "Net Interest Income": NaN,
        "Interest Expense": 10116000.0,
        "Interest Income": 9318000.0,
        "Normalized Income": NaN,
        "Net Income From Continuing And Discontinued Operation": NaN,
        "Total Expenses": NaN,
        "Total Operating Income As Reported": NaN,
        "Diluted Average Shares": NaN,
        "Basic Average Shares": NaN,
        "Diluted EPS": NaN,
        "Basic EPS": NaN,
        "Diluted NI Availto Com Stockholders": NaN,
        "Net Income Common Stockholders": NaN,
        "Net Income": NaN,
        "Net Income Including Noncontrolling Interests": NaN,
        "Net Income Continuous Operations": NaN,
        "Tax Provision": NaN,
        "Pretax Income": NaN,
        "Other Income Expense": NaN,
        "Other Non Operating Income Expenses": NaN,
        "Net Non Operating Interest Income Expense": NaN,
        "Total Other Finance Cost": -8928000.0,
        "Interest Expense Non Operating": 10116000.0,
        "Interest Income Non Operating": 9318000.0,
        "Operating Income": NaN,
        "Operating Expense": NaN,
        "Research And Development": NaN,
        "Selling General And Administration": NaN,
        "Selling And Marketing Expense": NaN,
        "General And Administrative Expense": NaN,
        "Other Gand A": NaN,
        "Gross Profit": NaN,
        "Cost Of Revenue": NaN,
        "Total Revenue": NaN,
        "Operating Revenue": NaN
    },
    "2022-06-30": {
        "Tax Effect Of Unusual Items": 0.0,
        "Tax Rate For Calcs": 0.4,
        "Normalized EBITDA": -22005000.0,
        "Net Income From Continuing Operation Net Minority Interest": -43076000.0,
        "Reconciled Depreciation": 9135000.0,
        "Reconciled Cost Of Revenue": 164896000.0,
        "EBITDA": -22005000.0,
        "EBIT": -31140000.0,
        "Net Interest Income": -5887000.0,
        "Interest Expense": 9252000.0,
        "Interest Income": 3365000.0,
        "Normalized Income": -43076000.0,
        "Net Income From Continuing And Discontinued Operation": -43076000.0,
        "Total Expenses": 700435000.0,
        "Total Operating Income As Reported": -34505000.0,
        "Diluted Average Shares": 662242000.0,
        "Basic Average Shares": 662242000.0,
        "Diluted EPS": -0.07,
        "Basic EPS": -0.07,
        "Diluted NI Availto Com Stockholders": -43076000.0,
        "Net Income Common Stockholders": -43076000.0,
        "Net Income": -43076000.0,
        "Net Income Including Noncontrolling Interests": -43076000.0,
        "Net Income Continuous Operations": -43076000.0,
        "Tax Provision": 2684000.0,
        "Pretax Income": -40392000.0,
        "Other Income Expense": NaN,
        "Other Non Operating Income Expenses": NaN,
        "Net Non Operating Interest Income Expense": -5887000.0,
        "Interest Expense Non Operating": 9252000.0,
        "Interest Income Non Operating": 3365000.0,
        "Operating Income": -34505000.0,
        "Operating Expense": 535539000.0,
        "Research And Development": 233508000.0,
        "Selling General And Administration": 302031000.0,
        "Selling And Marketing Expense": 212037000.0,
        "General And Administrative Expense": 89994000.0,
        "Other Gand A": 89994000.0,
        "Gross Profit": 501034000.0,
        "Cost Of Revenue": 164896000.0,
        "Total Revenue": 665930000.0,
        "Operating Revenue": 665930000.0
    },
    "2023-06-30": {
        "Tax Effect Of Unusual Items": NaN,
        "Tax Rate For Calcs": NaN,
        "Normalized EBITDA": NaN,
        "Net Income From Continuing Operation Net Minority Interest": NaN,
        "Reconciled Depreciation": NaN,
        "Reconciled Cost Of Revenue": NaN,
        "EBITDA": NaN,
        "EBIT": NaN,
        "Net Interest Income": NaN,
        "Interest Income": 24888000.0,
        "Normalized Income": NaN,
        "Net Income From Continuing And Discontinued Operation": NaN,
        "Total Expenses": NaN,
        "Total Operating Income As Reported": NaN,
        "Diluted Average Shares": NaN,
        "Basic Average Shares": NaN,
        "Diluted EPS": NaN,
        "Basic EPS": NaN,
        "Diluted NI Availto Com Stockholders": NaN,
        "Net Income Common Stockholders": NaN,
        "Net Income": NaN,
        "Net Income Including Noncontrolling Interests": NaN,
        "Net Income Continuous Operations": NaN,
        "Tax Provision": NaN,
        "Pretax Income": NaN,
        "Other Income Expense": NaN,
        "Other Non Operating Income Expenses": NaN,
        "Net Non Operating Interest Income Expense": NaN,
        "Total Other Finance Cost": NaN,
        "Interest Income Non Operating": 24888000.0,
        "Operating Income": NaN,
        "Operating Expense": NaN,
        "Research And Development": NaN,
        "Selling General And Administration": NaN,
        "Selling And Marketing Expense": NaN,
        "General And Administrative Expense": NaN,
        "Other Gand A": NaN,
        "Gross Profit": NaN,
        "Cost Of Revenue": NaN,
        "Total Revenue": NaN,
        "Operating Revenue": NaN
    },
    "2022-03-31": {
        "Diluted EPS": -0.01,
        "Total Revenue": 575,
        "Gross Profit": 429,
        "Operating Income": -4,
        "EBIT": 4,
        "Net Income": -5
    },
    "2021-12-31": {
        "Diluted EPS": 0.25,
        "Total Revenue": 847,
        "Gross Profit": 705,
        "Operating Income": 179,
        "EBIT": 187,
        "Net Income": 175
    },
    "2021-09-30": {
        "Diluted EPS": 0.14,
        "Total Revenue": 633,
        "Gross Profit": 506,
        "Operating Income": 98,
        "EBIT": 105,
        "Net Income": 94
    },
    "2021-06-30": {
        "Diluted EPS": 0.1,
        "Total Revenue": 613,
        "Gross Profit": 485,
        "Operating Income": 71,
        "EBIT": 78,
        "Net Income": 69
    },
    "2021-03-31": {
        "Diluted EPS": -0.03,
        "Total Revenue": 485,
        "Gross Profit": 352,
        "Operating Income": -23,
        "EBIT": -16,
        "Net Income": -22
    },
    "2020-12-31": {
        "Diluted EPS": 0.36,
        "Total Revenue": 706,
        "Gross Profit": 577,
        "Operating Income": 205,
        "EBIT": 213,
        "Net Income": 208
    },
    "2020-09-30": {
        "Diluted EPS": -0.16,
        "Total Revenue": 443,
        "Gross Profit": 330,
        "Operating Income": -97,
        "EBIT": -88,
        "Net Income": -94
    },
    "2020-06-30": {
        "Diluted EPS": -0.17,
        "Total Revenue": 272,
        "Gross Profit": 164,
        "Operating Income": -105,
        "EBIT": -96,
        "Net Income": -101
    },
    "2020-03-31": {
        "Diluted EPS": -0.25,
        "Total Revenue": 272,
        "Gross Profit": 173,
        "Operating Income": -146,
        "EBIT": -134,
        "Net Income": -141
    },
    "2019-12-31": {
        "Diluted EPS": -0.06,
        "Total Revenue": 400,
        "Gross Profit": 304,
        "Operating Income": -43,
        "EBIT": -35,
        "Net Income": -36
    },
    "2019-09-30": {
        "Diluted EPS": -0.23,
        "Total Revenue": 280,
        "Gross Profit": 196,
        "Operating Income": -134,
        "EBIT": -126,
        "Net Income": -125
    },
    "2019-06-30": {
        "Diluted EPS": -2.62,
        "Total Revenue": 261,
        "Gross Profit": 156,
        "Operating Income": NaN,
        "EBIT": NaN,
        "Net Income": NaN
    },
    "2019-03-31": {
        "Diluted EPS": -0.33,
        "Total Revenue": 202,
        "Gross Profit": 128,
        "Operating Income": -45,
        "EBIT": -39,
        "Net Income": -41
    },
    "2018-12-31": {
        "Diluted EPS": 0.37,
        "Total Revenue": 273,
        "Gross Profit": 205,
        "Operating Income": 44,
        "EBIT": 50,
        "Net Income": 47
    },
    "2018-09-30": {
        "Diluted EPS": -0.15,
        "Total Revenue": 190,
        "Gross Profit": 127,
        "Operating Income": -22,
        "EBIT": -17,
        "Net Income": -19
    },
    "2018-06-30": {
        "Diluted EPS": -0.3,
        "Total Revenue": 161,
        "Gross Profit": 103,
        "Operating Income": -41,
        "EBIT": -36,
        "Net Income": -38
    },
    "2018-03-31": {
        "Diluted EPS": -0.42,
        "Total Revenue": 131,
        "Gross Profit": 80,
        "Operating Income": -55,
        "EBIT": -50,
        "Net Income": -53
    },
    "2017-12-31": {
        "Diluted EPS": 0.0,
        "Total Revenue": NaN,
        "Gross Profit": NaN,
        "Operating Income": NaN,
        "EBIT": NaN,
        "Net Income": NaN
    },
    "2023-09-30": {
        "Tax Effect Of Unusual Items": NaN,
        "Tax Rate For Calcs": NaN,
        "Normalized EBITDA": NaN,
        "Net Income From Continuing Operation Net Minority Interest": NaN,
        "Reconciled Depreciation": NaN,
        "Reconciled Cost Of Revenue": NaN,
        "EBITDA": NaN,
        "EBIT": NaN,
        "Net Interest Income": NaN,
        "Normalized Income": NaN,
        "Net Income From Continuing And Discontinued Operation": NaN,
        "Total Expenses": NaN,
        "Total Operating Income As Reported": NaN,
        "Diluted Average Shares": 687101000.0,
        "Basic Average Shares": 669261000.0,
        "Diluted EPS": 0.01,
        "Basic EPS": 0.01,
        "Diluted NI Availto Com Stockholders": NaN,
        "Net Income Common Stockholders": NaN,
        "Net Income": NaN,
        "Net Income Including Noncontrolling Interests": NaN,
        "Net Income Continuous Operations": NaN,
        "Tax Provision": NaN,
        "Pretax Income": NaN,
        "Other Income Expense": NaN,
        "Other Non Operating Income Expenses": NaN,
        "Net Non Operating Interest Income Expense": NaN,
        "Total Other Finance Cost": NaN,
        "Operating Income": NaN,
        "Operating Expense": NaN,
        "Research And Development": NaN,
        "Selling General And Administration": NaN,
        "Selling And Marketing Expense": NaN,
        "General And Administrative Expense": NaN,
        "Other Gand A": NaN,
        "Gross Profit": NaN,
        "Cost Of Revenue": NaN,
        "Total Revenue": NaN,
        "Operating Revenue": NaN
    },
    "2023-12-31": {
        "Tax Effect Of Unusual Items": 0.0,
        "Tax Rate For Calcs": 0.129484,
        "Normalized EBITDA": 201574000.0,
        "Net Income From Continuing Operation Net Minority Interest": 201178000.0,
        "Reconciled Depreciation": 5324000.0,
        "Reconciled Cost Of Revenue": 178096000.0,
        "EBITDA": 201574000.0,
        "EBIT": 196250000.0,
        "Net Interest Income": 28959000.0,
        "Normalized Income": 201178000.0,
        "Net Income From Continuing And Discontinued Operation": 201178000.0,
        "Total Expenses": 785012000.0,
        "Total Operating Income As Reported": 196250000.0,
        "Diluted Average Shares": NaN,
        "Basic Average Shares": NaN,
        "Diluted EPS": NaN,
        "Basic EPS": NaN,
        "Diluted NI Availto Com Stockholders": 201178000.0,
        "Net Income Common Stockholders": 201178000.0,
        "Net Income": 201178000.0,
        "Net Income Including Noncontrolling Interests": 201178000.0,
        "Net Income Continuous Operations": 201178000.0,
        "Tax Provision": 29924000.0,
        "Pretax Income": 231102000.0,
        "Other Income Expense": 5893000.0,
        "Other Non Operating Income Expenses": 5893000.0,
        "Net Non Operating Interest Income Expense": 28959000.0,
        "Total Other Finance Cost": -28959000.0,
        "Operating Income": 196250000.0,
        "Operating Expense": 606916000.0,
        "Research And Development": 267981000.0,
        "Selling General And Administration": 338935000.0,
        "Selling And Marketing Expense": 240867000.0,
        "General And Administrative Expense": 98068000.0,
        "Other Gand A": 98068000.0,
        "Gross Profit": 803166000.0,
        "Cost Of Revenue": 178096000.0,
        "Total Revenue": 981262000.0,
        "Operating Revenue": 981262000.0
    },
    "2024-03-31": {
        "Tax Effect Of Unusual Items": 0.0,
        "Tax Rate For Calcs": 0.103483,
        "Normalized EBITDA": -49555000.0,
        "Net Income From Continuing Operation Net Minority Interest": -24812000.0,
        "Reconciled Depreciation": 4861000.0,
        "Reconciled Cost Of Revenue": 181091000.0,
        "EBITDA": -49555000.0,
        "EBIT": -54416000.0,
        "Net Interest Income": 31266000.0,
        "Normalized Income": -24812000.0,
        "Net Income From Continuing And Discontinued Operation": -24812000.0,
        "Total Expenses": 794399000.0,
        "Total Operating Income As Reported": -54416000.0,
        "Diluted Average Shares": 678819000.0,
        "Basic Average Shares": 678819000.0,
        "Diluted EPS": -0.04,
        "Basic EPS": -0.04,
        "Diluted NI Availto Com Stockholders": -24812000.0,
        "Net Income Common Stockholders": -24812000.0,
        "Net Income": -24812000.0,
        "Net Income Including Noncontrolling Interests": -24812000.0,
        "Net Income Continuous Operations": -24812000.0,
        "Tax Provision": -2864000.0,
        "Pretax Income": -27676000.0,
        "Other Income Expense": -4526000.0,
        "Other Non Operating Income Expenses": -4526000.0,
        "Net Non Operating Interest Income Expense": 31266000.0,
        "Total Other Finance Cost": -31266000.0,
        "Operating Income": -54416000.0,
        "Operating Expense": 613308000.0,
        "Research And Development": 280275000.0,
        "Selling General And Administration": 333033000.0,
        "Selling And Marketing Expense": 226289000.0,
        "General And Administrative Expense": 106744000.0,
        "Other Gand A": 106744000.0,
        "Gross Profit": 558892000.0,
        "Cost Of Revenue": 181091000.0,
        "Total Revenue": 739983000.0,
        "Operating Revenue": 739983000.0
    },
    "2024-06-30": {
        "Tax Effect Of Unusual Items": 0.0,
        "Tax Rate For Calcs": 0.21,
        "Normalized EBITDA": -16521000.0,
        "Net Income From Continuing Operation Net Minority Interest": 8887000.0,
        "Reconciled Depreciation": 4920000.0,
        "Reconciled Cost Of Revenue": 184856000.0,
        "EBITDA": -16521000.0,
        "EBIT": -21441000.0,
        "Net Interest Income": 34680000.0,
        "Normalized Income": 8887000.0,
        "Net Income From Continuing And Discontinued Operation": 8887000.0,
        "Total Expenses": 875121000.0,
        "Total Operating Income As Reported": -21441000.0,
        "Diluted Average Shares": 708258000.0,
        "Basic Average Shares": 683171000.0,
        "Diluted EPS": 0.01,
        "Basic EPS": 0.01,
        "Diluted NI Availto Com Stockholders": 8887000.0,
        "Net Income Common Stockholders": 8887000.0,
        "Net Income": 8887000.0,
        "Net Income Including Noncontrolling Interests": 8887000.0,
        "Net Income Continuous Operations": 8887000.0,
        "Tax Provision": -244000.0,
        "Pretax Income": 8643000.0,
        "Other Income Expense": -4596000.0,
        "Other Non Operating Income Expenses": -4596000.0,
        "Net Non Operating Interest Income Expense": 34680000.0,
        "Total Other Finance Cost": -34680000.0,
        "Operating Income": -21441000.0,
        "Operating Expense": 690265000.0,
        "Research And Development": 312837000.0,
        "Selling General And Administration": 377428000.0,
        "Selling And Marketing Expense": 265354000.0,
        "General And Administrative Expense": 112074000.0,
        "Other Gand A": 112074000.0,
        "Gross Profit": 668824000.0,
        "Cost Of Revenue": 184856000.0,
        "Total Revenue": 853680000.0,
        "Operating Revenue": 853680000.0
    },
    "2024-09-30": {
        "Tax Effect Of Unusual Items": 0.0,
        "Tax Rate For Calcs": 0.21,
        "Normalized EBITDA": -495000.0,
        "Net Income From Continuing Operation Net Minority Interest": 30556000.0,
        "Reconciled Depreciation": 5421000.0,
        "Reconciled Cost Of Revenue": 187453000.0,
        "EBITDA": -495000.0,
        "EBIT": -5916000.0,
        "Net Interest Income": 32477000.0,
        "Normalized Income": 30556000.0,
        "Net Income From Continuing And Discontinued Operation": 30556000.0,
        "Total Expenses": 904289000.0,
        "Total Operating Income As Reported": -5916000.0,
        "Diluted Average Shares": 695483000.0,
        "Basic Average Shares": 678496000.0,
        "Diluted EPS": 0.04,
        "Basic EPS": 0.05,
        "Diluted NI Availto Com Stockholders": 30556000.0,
        "Net Income Common Stockholders": 30556000.0,
        "Net Income": 30556000.0,
        "Net Income Including Noncontrolling Interests": 30556000.0,
        "Net Income Continuous Operations": 30556000.0,
        "Tax Provision": -758000.0,
        "Pretax Income": 29798000.0,
        "Other Income Expense": 3237000.0,
        "Other Non Operating Income Expenses": 3237000.0,
        "Net Non Operating Interest Income Expense": 32477000.0,
        "Total Other Finance Cost": -32477000.0,
        "Operating Income": -5916000.0,
        "Operating Expense": 716836000.0,
        "Research And Development": 326679000.0,
        "Selling General And Administration": 390157000.0,
        "Selling And Marketing Expense": 249033000.0,
        "General And Administrative Expense": 141124000.0,
        "Other Gand A": 141124000.0,
        "Gross Profit": 710920000.0,
        "Cost Of Revenue": 187453000.0,
        "Total Revenue": 898373000.0,
        "Operating Revenue": 898373000.0
    },
    "2024-12-31": {
        "Tax Effect Of Unusual Items": 0.0,
        "Tax Rate For Calcs": 0.21,
        "Normalized EBITDA": 267654000.0,
        "Net Income From Continuing Operation Net Minority Interest": 1847475000.0,
        "Reconciled Depreciation": 6064000.0,
        "Reconciled Cost Of Revenue": 196955000.0,
        "EBITDA": 267654000.0,
        "EBIT": 261590000.0,
        "Net Interest Income": 28580000.0,
        "Normalized Income": 1847475000.0,
        "Net Income From Continuing And Discontinued Operation": 1847475000.0,
        "Total Expenses": 892540000.0,
        "Total Operating Income As Reported": 261590000.0,
        "Diluted Average Shares": 688226000.0,
        "Basic Average Shares": 674880000.0,
        "Diluted EPS": 2.68,
        "Basic EPS": 2.74,
        "Diluted NI Availto Com Stockholders": 1847475000.0,
        "Net Income Common Stockholders": 1847475000.0,
        "Net Income": 1847475000.0,
        "Net Income Including Noncontrolling Interests": 1847475000.0,
        "Net Income Continuous Operations": 1847475000.0,
        "Tax Provision": -1570635000.0,
        "Pretax Income": 276840000.0,
        "Other Income Expense": -13330000.0,
        "Other Non Operating Income Expenses": -13330000.0,
        "Net Non Operating Interest Income Expense": 28580000.0,
        "Total Other Finance Cost": -28580000.0,
        "Operating Income": 261590000.0,
        "Operating Expense": 695585000.0,
        "Research And Development": 320773000.0,
        "Selling General And Administration": 374812000.0,
        "Selling And Marketing Expense": 271096000.0,
        "General And Administrative Expense": 103716000.0,
        "Other Gand A": 103716000.0,
        "Gross Profit": 957175000.0,
        "Cost Of Revenue": 196955000.0,
        "Total Revenue": 1154130000.0,
        "Operating Revenue": 1154130000.0
    },
    "2025-03-31": {
        "Tax Effect Of Unusual Items": 0.0,
        "Tax Rate For Calcs": 0.21,
        "Normalized EBITDA": -29629000.0,
        "Net Income From Continuing Operation Net Minority Interest": 8922000.0,
        "Reconciled Depreciation": 5848000.0,
        "Reconciled Cost Of Revenue": 199270000.0,
        "EBITDA": -29629000.0,
        "EBIT": -35477000.0,
        "Net Interest Income": 27293000.0,
        "Normalized Income": 8922000.0,
        "Net Income From Continuing And Discontinued Operation": 8922000.0,
        "Total Expenses": 890465000.0,
        "Total Operating Income As Reported": -35477000.0,
        "Diluted Average Shares": 689358000.0,
        "Basic Average Shares": 676523000.0,
        "Diluted EPS": 0.01,
        "Basic EPS": 0.01,
        "Diluted NI Availto Com Stockholders": 8922000.0,
        "Net Income Common Stockholders": 8922000.0,
        "Net Income": 8922000.0,
        "Net Income Including Noncontrolling Interests": 8922000.0,
        "Net Income Continuous Operations": 8922000.0,
        "Tax Provision": -12587000.0,
        "Pretax Income": -3665000.0,
        "Other Income Expense": 4519000.0,
        "Other Non Operating Income Expenses": 4519000.0,
        "Net Non Operating Interest Income Expense": 27293000.0,
        "Total Other Finance Cost": -27293000.0,
        "Operating Income": -35477000.0,
        "Operating Expense": 691195000.0,
        "Research And Development": 331665000.0,
        "Selling General And Administration": 359530000.0,
        "Selling And Marketing Expense": 253920000.0,
        "General And Administrative Expense": 105610000.0,
        "Other Gand A": 105610000.0,
        "Gross Profit": 655718000.0,
        "Cost Of Revenue": 199270000.0,
        "Total Revenue": 854988000.0,
        "Operating Revenue": 854988000.0
    }
}