{
    "2023-06-30": {
        "Tax Effect Of Unusual Items": 0.0,
        "Tax Rate For Calcs": 0.24215,
        "Normalized EBITDA": 72418000.0,
        "Net Income From Continuing Operation Net Minority Interest": 22141000.0,
        "Reconciled Depreciation": 9801000.0,
        "Reconciled Cost Of Revenue": 240410000.0,
        "EBITDA": 72418000.0,
        "EBIT": 62617000.0,
        "Normalized Income": 22141000.0,
        "Net Income From Continuing And Discontinued Operation": 22141000.0,
        "Total Expenses": 283660000.0,
        "Rent Expense Supplemental": 9920000.0,
        "Diluted Average Shares": 26333261.0,
        "Basic Average Shares": 25238144.0,
        "Diluted EPS": 0.86,
        "Basic EPS": 0.88,
        "Diluted NI Availto Com Stockholders": 22674000.0,
        "Average Dilution Earnings": 533000.0,
        "Net Income Common Stockholders": 22141000.0,
        "Net Income": 22141000.0,
        "Minority Interests": -18911000.0,
        "Net Income Including Noncontrolling Interests": 41052000.0,
        "Net Income Continuous Operations": 41052000.0,
        "Tax Provision": 13117000.0,
        "Pretax Income": 54169000.0,
        "Other Income Expense": -8448000.0,
        "Other Non Operating Income Expenses": -8448000.0,
        "Operating Income": 62617000.0,
        "Operating Expense": 37046000.0,
        "Other Operating Expenses": 8314000.0,
        "Depreciation Amortization Depletion Income Statement": 3597000.0,
        "Depreciation And Amortization In Income Statement": 3597000.0,
        "Selling General And Administration": 25135000.0,
        "General And Administrative Expense": 25135000.0,
        "Other Gand A": 15215000.0,
        "Rent And Landing Fees": 9920000.0,
        "Gross Profit": 99663000.0,
        "Cost Of Revenue": 246614000.0,
        "Total Revenue": 346277000.0,
        "Operating Revenue": 346277000.0
    },
    "2023-03-31": {
        "Tax Effect Of Unusual Items": 0.0,
        "Tax Rate For Calcs": 0.041,
        "Normalized EBITDA": 44625000.0,
        "Net Income From Continuing Operation Net Minority Interest": 17336000.0,
        "Reconciled Depreciation": 9110000.0,
        "Reconciled Cost Of Revenue": 127376000.0,
        "EBITDA": 44625000.0,
        "EBIT": 35515000.0,
        "Normalized Income": 17336000.0,
        "Net Income From Continuing And Discontinued Operation": 17336000.0,
        "Total Expenses": 164473000.0,
        "Rent Expense Supplemental": 10011000.0,
        "Diluted Average Shares": 26918511.0,
        "Basic Average Shares": 25231815.0,
        "Diluted EPS": 0.67,
        "Basic EPS": 0.69,
        "Diluted NI Availto Com Stockholders": 17910000.0,
        "Average Dilution Earnings": 574000.0,
        "Net Income Common Stockholders": 17336000.0,
        "Net Income": 17336000.0,
        "Minority Interests": -10650000.0,
        "Net Income Including Noncontrolling Interests": 27986000.0,
        "Net Income Continuous Operations": 27986000.0,
        "Tax Provision": 1207000.0,
        "Pretax Income": 29193000.0,
        "Other Income Expense": -6322000.0,
        "Other Non Operating Income Expenses": -6322000.0,
        "Operating Income": 35515000.0,
        "Operating Expense": 31430000.0,
        "Other Operating Expenses": 6972000.0,
        "Depreciation Amortization Depletion Income Statement": 3443000.0,
        "Depreciation And Amortization In Income Statement": 3443000.0,
        "Selling General And Administration": 21015000.0,
        "General And Administrative Expense": 21015000.0,
        "Other Gand A": 11004000.0,
        "Rent And Landing Fees": 10011000.0,
        "Gross Profit": 66945000.0,
        "Cost Of Revenue": 133043000.0,
        "Total Revenue": 199988000.0,
        "Operating Revenue": 199988000.0
    },
    "2022-12-31": {
        "Tax Effect Of Unusual Items": NaN,
        "Tax Rate For Calcs": NaN,
        "Normalized EBITDA": NaN,
        "Net Income From Continuing Operation Net Minority Interest": NaN,
        "Reconciled Depreciation": NaN,
        "Reconciled Cost Of Revenue": NaN,
        "EBITDA": NaN,
        "EBIT": NaN,
        "Normalized Income": NaN,
        "Net Income From Continuing And Discontinued Operation": NaN,
        "Total Expenses": NaN,
        "Rent Expense Supplemental": NaN,
        "Diluted Average Shares": NaN,
        "Basic Average Shares": NaN,
        "Diluted EPS": NaN,
        "Basic EPS": NaN,
        "Diluted NI Availto Com Stockholders": NaN,
        "Average Dilution Earnings": 879000.0,
        "Net Income Common Stockholders": NaN,
        "Net Income": NaN,
        "Minority Interests": NaN,
        "Net Income Including Noncontrolling Interests": NaN,
        "Net Income Continuous Operations": NaN,
        "Tax Provision": NaN,
        "Pretax Income": NaN,
        "Other Income Expense": NaN,
        "Other Non Operating Income Expenses": NaN,
        "Operating Income": NaN,
        "Operating Expense": NaN,
        "Other Operating Expenses": NaN,
        "Depreciation Amortization Depletion Income Statement": NaN,
        "Depreciation And Amortization In Income Statement": NaN,
        "Selling General And Administration": NaN,
        "General And Administrative Expense": NaN,
        "Other Gand A": NaN,
        "Rent And Landing Fees": NaN,
        "Gross Profit": NaN,
        "Cost Of Revenue": NaN,
        "Total Revenue": NaN,
        "Operating Revenue": NaN
    },
    "2022-09-30": {
        "Tax Effect Of Unusual Items": NaN,
        "Tax Rate For Calcs": NaN,
        "Normalized EBITDA": NaN,
        "Net Income From Continuing Operation Net Minority Interest": NaN,
        "Reconciled Depreciation": NaN,
        "Reconciled Cost Of Revenue": NaN,
        "EBITDA": NaN,
        "EBIT": NaN,
        "Normalized Income": NaN,
        "Net Income From Continuing And Discontinued Operation": NaN,
        "Total Expenses": NaN,
        "Rent Expense Supplemental": NaN,
        "Diluted Average Shares": NaN,
        "Basic Average Shares": NaN,
        "Diluted EPS": NaN,
        "Basic EPS": NaN,
        "Diluted NI Availto Com Stockholders": NaN,
        "Average Dilution Earnings": NaN,
        "Net Income Common Stockholders": NaN,
        "Net Income": NaN,
        "Minority Interests": NaN,
        "Net Income Including Noncontrolling Interests": NaN,
        "Net Income Continuous Operations": NaN,
        "Tax Provision": NaN,
        "Pretax Income": NaN,
        "Other Income Expense": NaN,
        "Other Non Operating Income Expenses": NaN,
        "Operating Income": NaN,
        "Operating Expense": NaN,
        "Other Operating Expenses": NaN,
        "Depreciation Amortization Depletion Income Statement": NaN,
        "Depreciation And Amortization In Income Statement": NaN,
        "Amortization": 1500000.0,
        "Amortization Of Intangibles Income Statement": 1500000.0,
        "Depreciation Income Statement": 2300000.0,
        "Selling General And Administration": NaN,
        "General And Administrative Expense": NaN,
        "Other Gand A": NaN,
        "Rent And Landing Fees": NaN,
        "Gross Profit": NaN,
        "Cost Of Revenue": NaN,
        "Total Revenue": NaN,
        "Operating Revenue": NaN
    },
    "2022-06-30": {
        "Tax Effect Of Unusual Items": 0.0,
        "Tax Rate For Calcs": 0.194,
        "Normalized EBITDA": 55752000.0,
        "Net Income From Continuing Operation Net Minority Interest": 19168000.0,
        "Reconciled Depreciation": 4094000.0,
        "Reconciled Cost Of Revenue": 150587000.0,
        "EBITDA": 55752000.0,
        "EBIT": 51658000.0,
        "Normalized Income": 19168000.0,
        "Net Income From Continuing And Discontinued Operation": 19168000.0,
        "Total Expenses": 181483000.0,
        "Rent Expense Supplemental": 8658000.0,
        "Diluted Average Shares": 26421087.0,
        "Basic Average Shares": 25141339.0,
        "Diluted EPS": 0.74,
        "Basic EPS": 0.76,
        "Diluted NI Availto Com Stockholders": 19168000.0,
        "Average Dilution Earnings": 476000.0,
        "Net Income Common Stockholders": 19168000.0,
        "Net Income": 19168000.0,
        "Minority Interests": -16025000.0,
        "Net Income Including Noncontrolling Interests": 35193000.0,
        "Net Income Continuous Operations": 35193000.0,
        "Tax Provision": 8495000.0,
        "Pretax Income": 43688000.0,
        "Other Income Expense": -7970000.0,
        "Other Non Operating Income Expenses": -7970000.0,
        "Operating Income": 51658000.0,
        "Operating Expense": 30896000.0,
        "Other Operating Expenses": 6677000.0,
        "Depreciation Amortization Depletion Income Statement": 4094000.0,
        "Depreciation And Amortization In Income Statement": 4094000.0,
        "Amortization": NaN,
        "Amortization Of Intangibles Income Statement": NaN,
        "Depreciation Income Statement": NaN,
        "Selling General And Administration": 20125000.0,
        "General And Administrative Expense": 20125000.0,
        "Other Gand A": 11467000.0,
        "Rent And Landing Fees": 8658000.0,
        "Gross Profit": 82554000.0,
        "Cost Of Revenue": 150587000.0,
        "Total Revenue": 233141000.0,
        "Operating Revenue": 233141000.0
    },
    "2022-03-31": {
        "Diluted EPS": 1.0,
        "Total Revenue": 246,
        "Gross Profit": 87,
        "Operating Income": 50,
        "EBIT": 60,
        "Net Income": 26
    },
    "2021-12-31": {
        "Diluted EPS": 1.25,
        "Total Revenue": 313,
        "Gross Profit": 108,
        "Operating Income": 75,
        "EBIT": 84,
        "Net Income": 35
    },
    "2021-09-30": {
        "Diluted EPS": 0.82,
        "Total Revenue": 231,
        "Gross Profit": 83,
        "Operating Income": 48,
        "EBIT": 57,
        "Net Income": 21
    },
    "2021-06-30": {
        "Diluted EPS": 0.89,
        "Total Revenue": 241,
        "Gross Profit": 87,
        "Operating Income": 52,
        "EBIT": 61,
        "Net Income": 23
    },
    "2021-03-31": {
        "Diluted EPS": 1.03,
        "Total Revenue": 207,
        "Gross Profit": 74,
        "Operating Income": 44,
        "EBIT": 53,
        "Net Income": 27
    },
    "2020-12-31": {
        "Diluted EPS": 1.6,
        "Total Revenue": 322,
        "Gross Profit": 124,
        "Operating Income": 95,
        "EBIT": 103,
        "Net Income": 46
    },
    "2020-09-30": {
        "Diluted EPS": 1.22,
        "Total Revenue": 298,
        "Gross Profit": 101,
        "Operating Income": 70,
        "EBIT": 79,
        "Net Income": 31
    },
    "2020-06-30": {
        "Diluted EPS": 0.86,
        "Total Revenue": 233,
        "Gross Profit": 78,
        "Operating Income": 50,
        "EBIT": 60,
        "Net Income": 22
    },
    "2020-03-31": {
        "Diluted EPS": 0.72,
        "Total Revenue": 200,
        "Gross Profit": 66,
        "Operating Income": 34,
        "EBIT": 43,
        "Net Income": 19
    },
    "2019-12-31": {
        "Diluted EPS": 0.69,
        "Total Revenue": 249,
        "Gross Profit": 84,
        "Operating Income": 49,
        "EBIT": 58,
        "Net Income": 17
    },
    "2019-09-30": {
        "Diluted EPS": 0.28,
        "Total Revenue": 174,
        "Gross Profit": 51,
        "Operating Income": 20,
        "EBIT": 28,
        "Net Income": 7
    },
    "2019-06-30": {
        "Diluted EPS": 0.2,
        "Total Revenue": 167,
        "Gross Profit": 48,
        "Operating Income": 14,
        "EBIT": 22,
        "Net Income": 5
    },
    "2019-03-31": {
        "Diluted EPS": 0.04,
        "Total Revenue": 128,
        "Gross Profit": 33,
        "Operating Income": 0,
        "EBIT": 7,
        "Net Income": 1
    },
    "2018-12-31": {
        "Diluted EPS": 0.29,
        "Total Revenue": 175,
        "Gross Profit": 49,
        "Operating Income": 17,
        "EBIT": 20,
        "Net Income": 7
    },
    "2018-09-30": {
        "Diluted EPS": 0.33,
        "Total Revenue": 140,
        "Gross Profit": 40,
        "Operating Income": 12,
        "EBIT": 14,
        "Net Income": 8
    },
    "2018-06-30": {
        "Diluted EPS": 0.3,
        "Total Revenue": 131,
        "Gross Profit": 36,
        "Operating Income": 10,
        "EBIT": 12,
        "Net Income": 7
    },
    "2018-03-31": {
        "Diluted EPS": 0.24,
        "Total Revenue": 134,
        "Gross Profit": 30,
        "Operating Income": 3,
        "EBIT": 5,
        "Net Income": 5
    },
    "2017-12-31": {
        "Diluted EPS": -1.97,
        "Total Revenue": 191,
        "Gross Profit": 50,
        "Operating Income": 26,
        "EBIT": 28,
        "Net Income": -37
    },
    "2017-09-30": {
        "Diluted EPS": 0.16,
        "Total Revenue": 78,
        "Gross Profit": 10,
        "Operating Income": -16,
        "EBIT": -14,
        "Net Income": 3
    },
    "2017-06-30": {
        "Diluted EPS": 0.01,
        "Total Revenue": 109,
        "Gross Profit": 22,
        "Operating Income": -2,
        "EBIT": 0,
        "Net Income": 0
    },
    "2017-03-31": {
        "Diluted EPS": 0.07,
        "Total Revenue": 121,
        "Gross Profit": 25,
        "Operating Income": 2,
        "EBIT": 4,
        "Net Income": 1
    },
    "2016-12-31": {
        "Diluted EPS": 0.37,
        "Total Revenue": 173,
        "Gross Profit": 48,
        "Operating Income": 24,
        "EBIT": 26,
        "Net Income": 7
    },
    "2016-09-30": {
        "Diluted EPS": -0.53,
        "Total Revenue": 121,
        "Gross Profit": 26,
        "Operating Income": -2,
        "EBIT": 2,
        "Net Income": -10
    },
    "2016-06-30": {
        "Diluted EPS": -0.02,
        "Total Revenue": 89,
        "Gross Profit": 17,
        "Operating Income": -10,
        "EBIT": -6,
        "Net Income": 0
    },
    "2016-03-31": {
        "Diluted EPS": 0.01,
        "Total Revenue": 115,
        "Gross Profit": 27,
        "Operating Income": 3,
        "EBIT": 7,
        "Net Income": 0
    },
    "2015-12-31": {
        "Diluted EPS": 0.0,
        "Total Revenue": 104,
        "Gross Profit": -5,
        "Operating Income": -29,
        "EBIT": -25,
        "Net Income": -11
    },
    "2015-09-30": {
        "Diluted EPS": 0.0,
        "Total Revenue": 147,
        "Gross Profit": 80,
        "Operating Income": 44,
        "EBIT": 52,
        "Net Income": 42
    },
    "2015-06-30": {
        "Diluted EPS": 0.0,
        "Total Revenue": 72,
        "Gross Profit": 12,
        "Operating Income": -6,
        "EBIT": -5,
        "Net Income": -7
    },
    "2015-03-31": {
        "Diluted EPS": 0.0,
        "Total Revenue": 82,
        "Gross Profit": 3,
        "Operating Income": -15,
        "EBIT": -13,
        "Net Income": -16
    },
    "2014-12-31": {
        "Diluted EPS": 0.0,
        "Total Revenue": NaN,
        "Gross Profit": NaN,
        "Operating Income": NaN,
        "EBIT": NaN,
        "Net Income": NaN
    },
    "2014-09-30": {
        "Diluted EPS": 0.0,
        "Total Revenue": 80,
        "Gross Profit": 3,
        "Operating Income": -14,
        "EBIT": -14,
        "Net Income": -14
    },
    "2013-12-31": {
        "Diluted EPS": 0.0,
        "Total Revenue": NaN,
        "Gross Profit": NaN,
        "Operating Income": NaN,
        "EBIT": NaN,
        "Net Income": NaN
    },
    "2023-09-30": {
        "Tax Effect Of Unusual Items": NaN,
        "Tax Rate For Calcs": NaN,
        "Normalized EBITDA": NaN,
        "Net Income From Continuing Operation Net Minority Interest": NaN,
        "Reconciled Depreciation": NaN,
        "Reconciled Cost Of Revenue": NaN,
        "EBITDA": NaN,
        "EBIT": NaN,
        "Normalized Income": NaN,
        "Net Income From Continuing And Discontinued Operation": NaN,
        "Total Expenses": NaN,
        "Rent Expense Supplemental": NaN,
        "Diluted Average Shares": 26644324.0,
        "Basic Average Shares": 25193359.0,
        "Diluted EPS": 0.68,
        "Basic EPS": 0.69,
        "Diluted NI Availto Com Stockholders": NaN,
        "Average Dilution Earnings": NaN,
        "Net Income Common Stockholders": NaN,
        "Net Income": NaN,
        "Minority Interests": NaN,
        "Net Income Including Noncontrolling Interests": NaN,
        "Net Income Continuous Operations": NaN,
        "Tax Provision": NaN,
        "Pretax Income": NaN,
        "Other Income Expense": NaN,
        "Other Non Operating Income Expenses": NaN,
        "Operating Income": NaN,
        "Operating Expense": NaN,
        "Other Operating Expenses": NaN,
        "Depreciation Amortization Depletion Income Statement": NaN,
        "Depreciation And Amortization In Income Statement": NaN,
        "Selling General And Administration": NaN,
        "General And Administrative Expense": NaN,
        "Other Gand A": NaN,
        "Rent And Landing Fees": NaN,
        "Gross Profit": NaN,
        "Cost Of Revenue": NaN,
        "Total Revenue": NaN,
        "Operating Revenue": NaN
    },
    "2023-12-31": {
        "Tax Effect Of Unusual Items": 0.0,
        "Tax Rate For Calcs": 0.119978,
        "Normalized EBITDA": 69236000.0,
        "Net Income From Continuing Operation Net Minority Interest": 24912000.0,
        "Reconciled Depreciation": 8557000.0,
        "Reconciled Cost Of Revenue": 227174000.0,
        "EBITDA": 69236000.0,
        "EBIT": 60679000.0,
        "Normalized Income": 24912000.0,
        "Net Income From Continuing And Discontinued Operation": 24912000.0,
        "Total Expenses": 267875000.0,
        "Rent Expense Supplemental": 10721000.0,
        "Diluted Average Shares": 43472884.0,
        "Basic Average Shares": 25362576.0,
        "Diluted EPS": 0.87,
        "Basic EPS": 0.98,
        "Diluted NI Availto Com Stockholders": 72217000.0,
        "Average Dilution Earnings": 47305000.0,
        "Net Income Common Stockholders": 24912000.0,
        "Net Income": 24912000.0,
        "Minority Interests": -20579000.0,
        "Net Income Including Noncontrolling Interests": 45491000.0,
        "Net Income Continuous Operations": 45491000.0,
        "Tax Provision": 6202000.0,
        "Pretax Income": 51693000.0,
        "Other Income Expense": -8986000.0,
        "Other Non Operating Income Expenses": -8986000.0,
        "Operating Income": 60679000.0,
        "Operating Expense": 35604000.0,
        "Other Operating Expenses": 8727000.0,
        "Depreciation Amortization Depletion Income Statement": 3460000.0,
        "Depreciation And Amortization In Income Statement": 3460000.0,
        "Selling General And Administration": 23417000.0,
        "General And Administrative Expense": 23417000.0,
        "Other Gand A": 12696000.0,
        "Rent And Landing Fees": 10721000.0,
        "Gross Profit": 96283000.0,
        "Cost Of Revenue": 232271000.0,
        "Total Revenue": 328554000.0,
        "Operating Revenue": 328554000.0
    },
    "2024-03-31": {
        "Tax Effect Of Unusual Items": 0.0,
        "Tax Rate For Calcs": 0.009851,
        "Normalized EBITDA": 66935000.0,
        "Net Income From Continuing Operation Net Minority Interest": 32623000.0,
        "Reconciled Depreciation": 7439000.0,
        "Reconciled Cost Of Revenue": 224987000.0,
        "EBITDA": 66935000.0,
        "EBIT": 59496000.0,
        "Normalized Income": 32623000.0,
        "Net Income From Continuing And Discontinued Operation": 32623000.0,
        "Total Expenses": 269897000.0,
        "Rent Expense Supplemental": 12161000.0,
        "Diluted Average Shares": 28168504.0,
        "Basic Average Shares": 25690530.0,
        "Diluted EPS": 1.22,
        "Basic EPS": 1.27,
        "Diluted NI Availto Com Stockholders": 34388000.0,
        "Average Dilution Earnings": 1765000.0,
        "Net Income Common Stockholders": 32623000.0,
        "Net Income": 32623000.0,
        "Minority Interests": -20749000.0,
        "Net Income Including Noncontrolling Interests": 53372000.0,
        "Net Income Continuous Operations": 53372000.0,
        "Tax Provision": 531000.0,
        "Pretax Income": 53903000.0,
        "Other Income Expense": -5593000.0,
        "Other Non Operating Income Expenses": -5593000.0,
        "Operating Income": 59496000.0,
        "Operating Expense": 40969000.0,
        "Other Operating Expenses": 9101000.0,
        "Depreciation Amortization Depletion Income Statement": 3498000.0,
        "Depreciation And Amortization In Income Statement": 3498000.0,
        "Selling General And Administration": 28370000.0,
        "General And Administrative Expense": 28370000.0,
        "Other Gand A": 16209000.0,
        "Rent And Landing Fees": 12161000.0,
        "Gross Profit": 100465000.0,
        "Cost Of Revenue": 228928000.0,
        "Total Revenue": 329393000.0,
        "Operating Revenue": 329393000.0
    },
    "2024-06-30": {
        "Tax Effect Of Unusual Items": 0.0,
        "Tax Rate For Calcs": 0.177,
        "Normalized EBITDA": 78575000.0,
        "Net Income From Continuing Operation Net Minority Interest": 28316000.0,
        "Reconciled Depreciation": 7070000.0,
        "Reconciled Cost Of Revenue": 246368000.0,
        "EBITDA": 78575000.0,
        "EBIT": 71505000.0,
        "Normalized Income": 28316000.0,
        "Net Income From Continuing And Discontinued Operation": 28316000.0,
        "Total Expenses": 288676000.0,
        "Rent Expense Supplemental": 12107000.0,
        "Diluted Average Shares": 43091718.0,
        "Basic Average Shares": 25376186.0,
        "Diluted EPS": 1.06,
        "Basic EPS": 1.12,
        "Diluted NI Availto Com Stockholders": 45869000.0,
        "Average Dilution Earnings": 17553000.0,
        "Net Income Common Stockholders": 28316000.0,
        "Net Income": 28316000.0,
        "Minority Interests": -24715000.0,
        "Net Income Including Noncontrolling Interests": 53031000.0,
        "Net Income Continuous Operations": 53031000.0,
        "Tax Provision": 11368000.0,
        "Pretax Income": 64399000.0,
        "Other Income Expense": -7106000.0,
        "Other Non Operating Income Expenses": -7106000.0,
        "Operating Income": 71505000.0,
        "Operating Expense": 38350000.0,
        "Other Operating Expenses": 9055000.0,
        "Depreciation Amortization Depletion Income Statement": 3112000.0,
        "Depreciation And Amortization In Income Statement": 3112000.0,
        "Selling General And Administration": 26183000.0,
        "General And Administrative Expense": 26183000.0,
        "Other Gand A": 14076000.0,
        "Rent And Landing Fees": 12107000.0,
        "Gross Profit": 109855000.0,
        "Cost Of Revenue": 250326000.0,
        "Total Revenue": 360181000.0,
        "Operating Revenue": 360181000.0
    },
    "2024-09-30": {
        "Tax Effect Of Unusual Items": 0.0,
        "Tax Rate For Calcs": 0.168,
        "Normalized EBITDA": 66425000.0,
        "Net Income From Continuing Operation Net Minority Interest": 22150000.0,
        "Reconciled Depreciation": 6928000.0,
        "Reconciled Cost Of Revenue": 222850000.0,
        "EBITDA": 66425000.0,
        "EBIT": 59497000.0,
        "Normalized Income": 22150000.0,
        "Net Income From Continuing And Discontinued Operation": 22150000.0,
        "Total Expenses": 266825000.0,
        "Rent Expense Supplemental": 12961000.0,
        "Diluted Average Shares": 44642704.0,
        "Basic Average Shares": 25372621.0,
        "Diluted EPS": 0.79,
        "Basic EPS": 0.87,
        "Diluted NI Availto Com Stockholders": 35489000.0,
        "Average Dilution Earnings": 13339000.0,
        "Net Income Common Stockholders": 22150000.0,
        "Net Income": 22150000.0,
        "Minority Interests": -18923000.0,
        "Net Income Including Noncontrolling Interests": 41073000.0,
        "Net Income Continuous Operations": 41073000.0,
        "Tax Provision": 8314000.0,
        "Pretax Income": 49387000.0,
        "Other Income Expense": -10110000.0,
        "Other Non Operating Income Expenses": -10110000.0,
        "Operating Income": 59497000.0,
        "Operating Expense": 40031000.0,
        "Other Operating Expenses": 8314000.0,
        "Depreciation Amortization Depletion Income Statement": 2984000.0,
        "Depreciation And Amortization In Income Statement": 2984000.0,
        "Selling General And Administration": 28733000.0,
        "General And Administrative Expense": 28733000.0,
        "Other Gand A": 15772000.0,
        "Rent And Landing Fees": 12961000.0,
        "Gross Profit": 99528000.0,
        "Cost Of Revenue": 226794000.0,
        "Total Revenue": 326322000.0,
        "Operating Revenue": 326322000.0
    },
    "2024-12-31": {
        "Tax Effect Of Unusual Items": 0.0,
        "Tax Rate For Calcs": 0.115503,
        "Normalized EBITDA": 116590000.0,
        "Net Income From Continuing Operation Net Minority Interest": 51304000.0,
        "Reconciled Depreciation": 7229000.0,
        "Reconciled Cost Of Revenue": 321998000.0,
        "EBITDA": 116590000.0,
        "EBIT": 109361000.0,
        "Normalized Income": 51304000.0,
        "Net Income From Continuing And Discontinued Operation": 51304000.0,
        "Total Expenses": 367920000.0,
        "Rent Expense Supplemental": 13466000.0,
        "Diluted Average Shares": 44948361.0,
        "Basic Average Shares": 25401719.0,
        "Diluted EPS": 1.83,
        "Basic EPS": 2.02,
        "Diluted NI Availto Com Stockholders": 82237000.0,
        "Average Dilution Earnings": 30933000.0,
        "Net Income Common Stockholders": 51304000.0,
        "Net Income": 51304000.0,
        "Minority Interests": -39693000.0,
        "Net Income Including Noncontrolling Interests": 90997000.0,
        "Net Income Continuous Operations": 90997000.0,
        "Tax Provision": 11883000.0,
        "Pretax Income": 102880000.0,
        "Other Income Expense": -6481000.0,
        "Other Non Operating Income Expenses": -6481000.0,
        "Operating Income": 109361000.0,
        "Operating Expense": 41898000.0,
        "Other Operating Expenses": 10533000.0,
        "Depreciation Amortization Depletion Income Statement": 3205000.0,
        "Depreciation And Amortization In Income Statement": 3205000.0,
        "Selling General And Administration": 28160000.0,
        "General And Administrative Expense": 28160000.0,
        "Other Gand A": 14694000.0,
        "Rent And Landing Fees": 13466000.0,
        "Gross Profit": 151259000.0,
        "Cost Of Revenue": 326022000.0,
        "Total Revenue": 477281000.0,
        "Operating Revenue": 477281000.0
    },
    "2025-03-31": {
        "Tax Effect Of Unusual Items": 0.0,
        "Tax Rate For Calcs": 0.4,
        "Normalized EBITDA": 66117000.0,
        "Net Income From Continuing Operation Net Minority Interest": 54016000.0,
        "Reconciled Depreciation": 7542000.0,
        "Reconciled Cost Of Revenue": 216812000.0,
        "EBITDA": 66117000.0,
        "EBIT": 58575000.0,
        "Normalized Income": 54016000.0,
        "Net Income From Continuing And Discontinued Operation": 54016000.0,
        "Total Expenses": 265956000.0,
        "Rent Expense Supplemental": 13908000.0,
        "Diluted Average Shares": 44461727.0,
        "Basic Average Shares": 25524820.0,
        "Diluted EPS": 1.99,
        "Basic EPS": 2.12,
        "Diluted NI Availto Com Stockholders": 88632000.0,
        "Average Dilution Earnings": 34616000.0,
        "Net Income Common Stockholders": 54016000.0,
        "Net Income": 54016000.0,
        "Minority Interests": -20147000.0,
        "Net Income Including Noncontrolling Interests": 74163000.0,
        "Net Income Continuous Operations": 74163000.0,
        "Tax Provision": -21585000.0,
        "Pretax Income": 52578000.0,
        "Other Income Expense": -5997000.0,
        "Other Non Operating Income Expenses": -5997000.0,
        "Operating Income": 58575000.0,
        "Operating Expense": 44814000.0,
        "Other Operating Expenses": 11163000.0,
        "Depreciation Amortization Depletion Income Statement": 3212000.0,
        "Depreciation And Amortization In Income Statement": 3212000.0,
        "Selling General And Administration": 30439000.0,
        "General And Administrative Expense": 30439000.0,
        "Other Gand A": 16531000.0,
        "Rent And Landing Fees": 13908000.0,
        "Gross Profit": 103389000.0,
        "Cost Of Revenue": 221142000.0,
        "Total Revenue": 324531000.0,
        "Operating Revenue": 324531000.0
    }
}