{
    "2023-06-30": {
        "Tax Effect Of Unusual Items": NaN,
        "Tax Rate For Calcs": NaN,
        "Total Unusual Items": 0.0,
        "Total Unusual Items Excluding Goodwill": 0.0,
        "Net Income From Continuing Operation Net Minority Interest": NaN,
        "Reconciled Depreciation": NaN,
        "Net Interest Income": NaN,
        "Interest Expense": NaN,
        "Interest Income": NaN,
        "Normalized Income": NaN,
        "Net Income From Continuing And Discontinued Operation": NaN,
        "Diluted Average Shares": NaN,
        "Basic Average Shares": NaN,
        "Diluted EPS": NaN,
        "Basic EPS": NaN,
        "Diluted NI Availto Com Stockholders": NaN,
        "Average Dilution Earnings": NaN,
        "Net Income Common Stockholders": NaN,
        "Preferred Stock Dividends": NaN,
        "Net Income": NaN,
        "Net Income Including Noncontrolling Interests": NaN,
        "Net Income Continuous Operations": NaN,
        "Tax Provision": NaN,
        "Pretax Income": NaN,
        "Selling General And Administration": NaN,
        "General And Administrative Expense": NaN,
        "Insurance And Claims": NaN,
        "Salaries And Wages": NaN,
        "Total Revenue": NaN,
        "Operating Revenue": NaN,
        "Occupancy And Equipment": NaN,
        "Professional Expense And Contract Services Expense": NaN,
        "Other Non Interest Expense": NaN
    },
    "2023-03-31": {
        "Tax Effect Of Unusual Items": NaN,
        "Tax Rate For Calcs": NaN,
        "Total Unusual Items": 0.0,
        "Total Unusual Items Excluding Goodwill": 0.0,
        "Net Income From Continuing Operation Net Minority Interest": NaN,
        "Reconciled Depreciation": NaN,
        "Net Interest Income": NaN,
        "Interest Expense": NaN,
        "Interest Income": NaN,
        "Normalized Income": NaN,
        "Net Income From Continuing And Discontinued Operation": NaN,
        "Diluted Average Shares": NaN,
        "Basic Average Shares": NaN,
        "Diluted EPS": NaN,
        "Basic EPS": NaN,
        "Diluted NI Availto Com Stockholders": NaN,
        "Average Dilution Earnings": NaN,
        "Net Income Common Stockholders": NaN,
        "Preferred Stock Dividends": NaN,
        "Net Income": NaN,
        "Net Income Including Noncontrolling Interests": NaN,
        "Net Income Continuous Operations": NaN,
        "Tax Provision": NaN,
        "Pretax Income": NaN,
        "Selling General And Administration": NaN,
        "General And Administrative Expense": NaN,
        "Insurance And Claims": NaN,
        "Salaries And Wages": NaN,
        "Total Revenue": NaN,
        "Operating Revenue": NaN,
        "Occupancy And Equipment": NaN,
        "Professional Expense And Contract Services Expense": NaN,
        "Other Non Interest Expense": NaN
    },
    "2022-12-31": {
        "Tax Effect Of Unusual Items": NaN,
        "Tax Rate For Calcs": NaN,
        "Total Unusual Items": 0.0,
        "Total Unusual Items Excluding Goodwill": 0.0,
        "Net Income From Continuing Operation Net Minority Interest": NaN,
        "Reconciled Depreciation": NaN,
        "Net Interest Income": NaN,
        "Interest Expense": NaN,
        "Interest Income": NaN,
        "Normalized Income": NaN,
        "Net Income From Continuing And Discontinued Operation": NaN,
        "Diluted Average Shares": NaN,
        "Basic Average Shares": NaN,
        "Diluted EPS": NaN,
        "Basic EPS": NaN,
        "Diluted NI Availto Com Stockholders": NaN,
        "Average Dilution Earnings": NaN,
        "Net Income Common Stockholders": NaN,
        "Preferred Stock Dividends": NaN,
        "Net Income": NaN,
        "Minority Interests": 0.0,
        "Net Income Including Noncontrolling Interests": NaN,
        "Net Income Continuous Operations": NaN,
        "Tax Provision": NaN,
        "Pretax Income": NaN,
        "Selling General And Administration": NaN,
        "General And Administrative Expense": NaN,
        "Insurance And Claims": NaN,
        "Salaries And Wages": NaN,
        "Total Revenue": NaN,
        "Operating Revenue": NaN,
        "Occupancy And Equipment": NaN,
        "Professional Expense And Contract Services Expense": NaN,
        "Other Non Interest Expense": NaN
    },
    "2022-09-30": {
        "Tax Effect Of Unusual Items": NaN,
        "Tax Rate For Calcs": NaN,
        "Total Unusual Items": NaN,
        "Total Unusual Items Excluding Goodwill": NaN,
        "Net Income From Continuing Operation Net Minority Interest": NaN,
        "Reconciled Depreciation": NaN,
        "Net Interest Income": NaN,
        "Interest Expense": NaN,
        "Interest Income": NaN,
        "Normalized Income": NaN,
        "Net Income From Continuing And Discontinued Operation": NaN,
        "Diluted Average Shares": NaN,
        "Basic Average Shares": NaN,
        "Diluted EPS": NaN,
        "Basic EPS": NaN,
        "Diluted NI Availto Com Stockholders": NaN,
        "Average Dilution Earnings": NaN,
        "Net Income Common Stockholders": NaN,
        "Preferred Stock Dividends": NaN,
        "Net Income": NaN,
        "Minority Interests": 0.0,
        "Net Income Including Noncontrolling Interests": NaN,
        "Net Income Continuous Operations": NaN,
        "Tax Provision": NaN,
        "Pretax Income": NaN,
        "Selling General And Administration": NaN,
        "General And Administrative Expense": NaN,
        "Insurance And Claims": NaN,
        "Salaries And Wages": NaN,
        "Total Revenue": NaN,
        "Operating Revenue": NaN
    },
    "2022-06-30": {
        "Tax Effect Of Unusual Items": 71936.0,
        "Tax Rate For Calcs": 0.256,
        "Total Unusual Items": 281000.0,
        "Total Unusual Items Excluding Goodwill": 281000.0,
        "Net Income From Continuing Operation Net Minority Interest": 10738000.0,
        "Reconciled Depreciation": 162000.0,
        "Net Interest Income": 17974000.0,
        "Interest Expense": 2531000.0,
        "Interest Income": 20505000.0,
        "Normalized Income": 10528936.0,
        "Net Income From Continuing And Discontinued Operation": 10738000.0,
        "Diluted Average Shares": 12185252.0,
        "Basic Average Shares": 11914454.0,
        "Diluted EPS": 0.88,
        "Basic EPS": 0.9,
        "Diluted NI Availto Com Stockholders": 10731000.0,
        "Average Dilution Earnings": 7000.0,
        "Net Income Common Stockholders": 10731000.0,
        "Preferred Stock Dividends": 7000.0,
        "Net Income": 10738000.0,
        "Minority Interests": 0.0,
        "Net Income Including Noncontrolling Interests": 10738000.0,
        "Net Income Continuous Operations": 10738000.0,
        "Tax Provision": 3689000.0,
        "Pretax Income": 14427000.0,
        "Selling General And Administration": 2717000.0,
        "General And Administrative Expense": 2717000.0,
        "Other Gand A": 313000.0,
        "Insurance And Claims": 259000.0,
        "Salaries And Wages": 2458000.0,
        "Total Revenue": 20488000.0,
        "Operating Revenue": 20488000.0
    },
    "2022-03-31": {
        "Diluted EPS": 0.83,
        "Total Revenue": 22,
        "Gross Profit": 19,
        "Operating Income": 13,
        "EBIT": NaN,
        "Net Income": 10
    },
    "2021-12-31": {
        "Diluted EPS": 0.82,
        "Total Revenue": 22,
        "Gross Profit": 19,
        "Operating Income": 13,
        "EBIT": NaN,
        "Net Income": 10
    },
    "2021-09-30": {
        "Diluted EPS": 0.87,
        "Total Revenue": 23,
        "Gross Profit": 20,
        "Operating Income": 14,
        "EBIT": NaN,
        "Net Income": 10
    },
    "2021-06-30": {
        "Diluted EPS": 0.89,
        "Total Revenue": 23,
        "Gross Profit": 20,
        "Operating Income": 14,
        "EBIT": NaN,
        "Net Income": 11
    },
    "2021-03-31": {
        "Diluted EPS": 0.78,
        "Total Revenue": 23,
        "Gross Profit": 19,
        "Operating Income": 13,
        "EBIT": NaN,
        "Net Income": 9
    },
    "2020-12-31": {
        "Diluted EPS": 0.67,
        "Total Revenue": 23,
        "Gross Profit": 19,
        "Operating Income": 11,
        "EBIT": NaN,
        "Net Income": 8
    },
    "2020-09-30": {
        "Diluted EPS": 0.55,
        "Total Revenue": 22,
        "Gross Profit": 16,
        "Operating Income": 9,
        "EBIT": NaN,
        "Net Income": 7
    },
    "2020-06-30": {
        "Diluted EPS": 0.55,
        "Total Revenue": 21,
        "Gross Profit": 16,
        "Operating Income": 9,
        "EBIT": NaN,
        "Net Income": 7
    },
    "2020-03-31": {
        "Diluted EPS": 0.6,
        "Total Revenue": 23,
        "Gross Profit": 16,
        "Operating Income": 10,
        "EBIT": NaN,
        "Net Income": 7
    },
    "2019-12-31": {
        "Diluted EPS": 0.62,
        "Total Revenue": 22,
        "Gross Profit": 16,
        "Operating Income": 10,
        "EBIT": NaN,
        "Net Income": 8
    },
    "2019-09-30": {
        "Diluted EPS": 0.65,
        "Total Revenue": 22,
        "Gross Profit": 16,
        "Operating Income": 10,
        "EBIT": NaN,
        "Net Income": 8
    },
    "2019-06-30": {
        "Diluted EPS": 0.62,
        "Total Revenue": 21,
        "Gross Profit": 15,
        "Operating Income": 10,
        "EBIT": NaN,
        "Net Income": 7
    },
    "2019-03-31": {
        "Diluted EPS": 0.59,
        "Total Revenue": 19,
        "Gross Profit": 14,
        "Operating Income": 9,
        "EBIT": NaN,
        "Net Income": 7
    },
    "2018-12-31": {
        "Diluted EPS": 0.57,
        "Total Revenue": 18,
        "Gross Profit": 14,
        "Operating Income": 9,
        "EBIT": NaN,
        "Net Income": 7
    },
    "2018-09-30": {
        "Diluted EPS": 0.51,
        "Total Revenue": 17,
        "Gross Profit": 13,
        "Operating Income": 9,
        "EBIT": NaN,
        "Net Income": 6
    },
    "2018-06-30": {
        "Diluted EPS": 0.51,
        "Total Revenue": 16,
        "Gross Profit": 12,
        "Operating Income": 8,
        "EBIT": NaN,
        "Net Income": 6
    },
    "2018-03-31": {
        "Diluted EPS": 0.48,
        "Total Revenue": 14,
        "Gross Profit": 12,
        "Operating Income": 8,
        "EBIT": NaN,
        "Net Income": 6
    },
    "2017-12-31": {
        "Diluted EPS": 0.06,
        "Total Revenue": 14,
        "Gross Profit": 11,
        "Operating Income": 6,
        "EBIT": NaN,
        "Net Income": 0
    },
    "2017-09-30": {
        "Diluted EPS": 0.35,
        "Total Revenue": 13,
        "Gross Profit": 11,
        "Operating Income": 7,
        "EBIT": NaN,
        "Net Income": 4
    },
    "2017-06-30": {
        "Diluted EPS": 0.31,
        "Total Revenue": 12,
        "Gross Profit": 10,
        "Operating Income": 6,
        "EBIT": NaN,
        "Net Income": 3
    },
    "2017-03-31": {
        "Diluted EPS": 0.32,
        "Total Revenue": 11,
        "Gross Profit": 10,
        "Operating Income": 5,
        "EBIT": NaN,
        "Net Income": 3
    },
    "2016-12-31": {
        "Diluted EPS": 0.3,
        "Total Revenue": 12,
        "Gross Profit": 10,
        "Operating Income": 5,
        "EBIT": NaN,
        "Net Income": 3
    },
    "2016-09-30": {
        "Diluted EPS": 0.32,
        "Total Revenue": 11,
        "Gross Profit": 9,
        "Operating Income": 4,
        "EBIT": NaN,
        "Net Income": 4
    },
    "2016-06-30": {
        "Diluted EPS": 0.73,
        "Total Revenue": 19,
        "Gross Profit": 17,
        "Operating Income": 14,
        "EBIT": NaN,
        "Net Income": 8
    },
    "2016-03-31": {
        "Diluted EPS": 0.24,
        "Total Revenue": 12,
        "Gross Profit": 10,
        "Operating Income": 5,
        "EBIT": NaN,
        "Net Income": 2
    },
    "2015-12-31": {
        "Diluted EPS": 0.27,
        "Total Revenue": 11,
        "Gross Profit": 10,
        "Operating Income": 6,
        "EBIT": NaN,
        "Net Income": 3
    },
    "2015-09-30": {
        "Diluted EPS": 0.21,
        "Total Revenue": 12,
        "Gross Profit": 10,
        "Operating Income": 5,
        "EBIT": NaN,
        "Net Income": 2
    },
    "2015-06-30": {
        "Diluted EPS": 0.22,
        "Total Revenue": 11,
        "Gross Profit": 9,
        "Operating Income": 4,
        "EBIT": NaN,
        "Net Income": 2
    },
    "2015-03-31": {
        "Diluted EPS": 0.23,
        "Total Revenue": 11,
        "Gross Profit": 9,
        "Operating Income": 4,
        "EBIT": NaN,
        "Net Income": 2
    },
    "2014-12-31": {
        "Diluted EPS": 0.19,
        "Total Revenue": 10,
        "Gross Profit": 9,
        "Operating Income": 3,
        "EBIT": NaN,
        "Net Income": 2
    },
    "2014-09-30": {
        "Diluted EPS": 0.3,
        "Total Revenue": 13,
        "Gross Profit": 12,
        "Operating Income": 7,
        "EBIT": NaN,
        "Net Income": 3
    },
    "2014-06-30": {
        "Diluted EPS": 0.21,
        "Total Revenue": 11,
        "Gross Profit": 10,
        "Operating Income": 4,
        "EBIT": NaN,
        "Net Income": 2
    },
    "2014-03-31": {
        "Diluted EPS": 0.2,
        "Total Revenue": 11,
        "Gross Profit": 9,
        "Operating Income": 4,
        "EBIT": NaN,
        "Net Income": 2
    },
    "2013-12-31": {
        "Diluted EPS": 0.35,
        "Total Revenue": 10,
        "Gross Profit": 8,
        "Operating Income": 2,
        "EBIT": NaN,
        "Net Income": 3
    },
    "2013-09-30": {
        "Diluted EPS": 0.21,
        "Total Revenue": 10,
        "Gross Profit": 9,
        "Operating Income": 4,
        "EBIT": NaN,
        "Net Income": 2
    },
    "2013-06-30": {
        "Diluted EPS": 0.2,
        "Total Revenue": 10,
        "Gross Profit": 9,
        "Operating Income": 4,
        "EBIT": NaN,
        "Net Income": 2
    },
    "2013-03-31": {
        "Diluted EPS": 0.22,
        "Total Revenue": 10,
        "Gross Profit": 8,
        "Operating Income": 4,
        "EBIT": NaN,
        "Net Income": 2
    },
    "2012-12-31": {
        "Diluted EPS": 0.18,
        "Total Revenue": 11,
        "Gross Profit": 9,
        "Operating Income": 4,
        "EBIT": NaN,
        "Net Income": 2
    },
    "2012-09-30": {
        "Diluted EPS": 0.17,
        "Total Revenue": 10,
        "Gross Profit": 8,
        "Operating Income": 3,
        "EBIT": NaN,
        "Net Income": 1
    },
    "2012-06-30": {
        "Diluted EPS": 0.18,
        "Total Revenue": 10,
        "Gross Profit": 8,
        "Operating Income": 2,
        "EBIT": NaN,
        "Net Income": 2
    },
    "2012-03-31": {
        "Diluted EPS": 0.19,
        "Total Revenue": 11,
        "Gross Profit": 9,
        "Operating Income": 3,
        "EBIT": NaN,
        "Net Income": 2
    },
    "2011-12-31": {
        "Diluted EPS": 0.1,
        "Total Revenue": 11,
        "Gross Profit": 9,
        "Operating Income": 2,
        "EBIT": NaN,
        "Net Income": 1
    },
    "2011-09-30": {
        "Diluted EPS": 0.14,
        "Total Revenue": 11,
        "Gross Profit": 8,
        "Operating Income": 3,
        "EBIT": NaN,
        "Net Income": 1
    },
    "2011-06-30": {
        "Diluted EPS": 0.22,
        "Total Revenue": 12,
        "Gross Profit": 9,
        "Operating Income": 4,
        "EBIT": NaN,
        "Net Income": 2
    },
    "2011-03-31": {
        "Diluted EPS": 0.26,
        "Total Revenue": 13,
        "Gross Profit": 10,
        "Operating Income": 5,
        "EBIT": NaN,
        "Net Income": 2
    },
    "2010-12-31": {
        "Diluted EPS": 0.16,
        "Total Revenue": 12,
        "Gross Profit": 9,
        "Operating Income": 3,
        "EBIT": NaN,
        "Net Income": 1
    },
    "2010-09-30": {
        "Diluted EPS": 0.18,
        "Total Revenue": 11,
        "Gross Profit": 8,
        "Operating Income": 3,
        "EBIT": NaN,
        "Net Income": 2
    },
    "2010-06-30": {
        "Diluted EPS": 0.2,
        "Total Revenue": 11,
        "Gross Profit": 8,
        "Operating Income": 4,
        "EBIT": NaN,
        "Net Income": 2
    },
    "2010-03-31": {
        "Diluted EPS": 0.18,
        "Total Revenue": 10,
        "Gross Profit": 7,
        "Operating Income": 3,
        "EBIT": NaN,
        "Net Income": 2
    },
    "2009-12-31": {
        "Diluted EPS": 0.17,
        "Total Revenue": 11,
        "Gross Profit": 7,
        "Operating Income": 3,
        "EBIT": NaN,
        "Net Income": 1
    },
    "2009-09-30": {
        "Diluted EPS": 0.16,
        "Total Revenue": 10,
        "Gross Profit": 6,
        "Operating Income": 3,
        "EBIT": NaN,
        "Net Income": 1
    },
    "2009-06-30": {
        "Diluted EPS": 0.11,
        "Total Revenue": 9,
        "Gross Profit": 5,
        "Operating Income": 2,
        "EBIT": NaN,
        "Net Income": 1
    },
    "2009-03-31": {
        "Diluted EPS": 0.16,
        "Total Revenue": 10,
        "Gross Profit": 5,
        "Operating Income": 3,
        "EBIT": NaN,
        "Net Income": 1
    },
    "2023-09-30": {
        "Tax Effect Of Unusual Items": NaN,
        "Tax Rate For Calcs": NaN,
        "Total Unusual Items": 38000.0,
        "Total Unusual Items Excluding Goodwill": 38000.0,
        "Net Income From Continuing Operation Net Minority Interest": NaN,
        "Reconciled Depreciation": NaN,
        "Net Interest Income": NaN,
        "Interest Expense": NaN,
        "Interest Income": NaN,
        "Normalized Income": NaN,
        "Net Income From Continuing And Discontinued Operation": NaN,
        "Diluted Average Shares": NaN,
        "Basic Average Shares": NaN,
        "Diluted EPS": NaN,
        "Basic EPS": NaN,
        "Diluted NI Availto Com Stockholders": NaN,
        "Average Dilution Earnings": NaN,
        "Net Income Common Stockholders": NaN,
        "Preferred Stock Dividends": NaN,
        "Net Income": NaN,
        "Net Income Including Noncontrolling Interests": NaN,
        "Net Income Continuous Operations": NaN,
        "Tax Provision": NaN,
        "Pretax Income": NaN,
        "Selling General And Administration": NaN,
        "General And Administrative Expense": NaN,
        "Insurance And Claims": NaN,
        "Salaries And Wages": NaN,
        "Total Revenue": NaN,
        "Operating Revenue": NaN,
        "Occupancy And Equipment": NaN,
        "Professional Expense And Contract Services Expense": NaN,
        "Other Non Interest Expense": NaN
    },
    "2023-12-31": {
        "Tax Effect Of Unusual Items": NaN,
        "Tax Rate For Calcs": NaN,
        "Total Unusual Items": 0.0,
        "Total Unusual Items Excluding Goodwill": 0.0,
        "Net Income From Continuing Operation Net Minority Interest": NaN,
        "Reconciled Depreciation": NaN,
        "Net Interest Income": NaN,
        "Interest Expense": NaN,
        "Interest Income": NaN,
        "Normalized Income": NaN,
        "Net Income From Continuing And Discontinued Operation": NaN,
        "Diluted Average Shares": NaN,
        "Basic Average Shares": NaN,
        "Diluted EPS": NaN,
        "Basic EPS": NaN,
        "Diluted NI Availto Com Stockholders": NaN,
        "Average Dilution Earnings": NaN,
        "Net Income Common Stockholders": NaN,
        "Preferred Stock Dividends": NaN,
        "Net Income": NaN,
        "Net Income Including Noncontrolling Interests": NaN,
        "Net Income Continuous Operations": NaN,
        "Tax Provision": NaN,
        "Pretax Income": NaN,
        "Selling General And Administration": NaN,
        "General And Administrative Expense": NaN,
        "Insurance And Claims": NaN,
        "Salaries And Wages": NaN,
        "Total Revenue": NaN,
        "Operating Revenue": NaN,
        "Occupancy And Equipment": NaN,
        "Professional Expense And Contract Services Expense": NaN,
        "Other Non Interest Expense": NaN
    },
    "2024-03-31": {
        "Tax Effect Of Unusual Items": 0.0,
        "Tax Rate For Calcs": 0.265728,
        "Total Unusual Items": NaN,
        "Total Unusual Items Excluding Goodwill": NaN,
        "Net Income From Continuing Operation Net Minority Interest": 6151000.0,
        "Reconciled Depreciation": 143000.0,
        "Net Interest Income": 14054000.0,
        "Interest Expense": 15423000.0,
        "Interest Income": 29477000.0,
        "Normalized Income": 6151000.0,
        "Net Income From Continuing And Discontinued Operation": 6151000.0,
        "Diluted Average Shares": 12165772.0,
        "Basic Average Shares": 11958776.0,
        "Diluted EPS": 0.51,
        "Basic EPS": 0.51,
        "Diluted NI Availto Com Stockholders": 6151000.0,
        "Average Dilution Earnings": 6000.0,
        "Net Income Common Stockholders": 6145000.0,
        "Preferred Stock Dividends": 6000.0,
        "Net Income": 6151000.0,
        "Net Income Including Noncontrolling Interests": 6151000.0,
        "Net Income Continuous Operations": 6151000.0,
        "Tax Provision": 2226000.0,
        "Pretax Income": 8377000.0,
        "Selling General And Administration": 3549000.0,
        "General And Administrative Expense": 3549000.0,
        "Insurance And Claims": 331000.0,
        "Salaries And Wages": 3218000.0,
        "Total Revenue": 15116000.0,
        "Operating Revenue": 15116000.0,
        "Occupancy And Equipment": 641000.0,
        "Professional Expense And Contract Services Expense": 445000.0,
        "Other Non Interest Expense": 1900000.0
    },
    "2024-06-30": {
        "Tax Effect Of Unusual Items": 0.0,
        "Tax Rate For Calcs": 0.26606,
        "Total Unusual Items": NaN,
        "Total Unusual Items Excluding Goodwill": NaN,
        "Net Income From Continuing Operation Net Minority Interest": 6455000.0,
        "Reconciled Depreciation": 143000.0,
        "Net Interest Income": 14312000.0,
        "Interest Expense": 15877000.0,
        "Interest Income": 30189000.0,
        "Normalized Income": 6455000.0,
        "Net Income From Continuing And Discontinued Operation": 6455000.0,
        "Diluted Average Shares": 12119359.0,
        "Basic Average Shares": 11958776.0,
        "Diluted EPS": 0.53,
        "Basic EPS": 0.54,
        "Diluted NI Availto Com Stockholders": 6455000.0,
        "Average Dilution Earnings": 5000.0,
        "Net Income Common Stockholders": 6450000.0,
        "Preferred Stock Dividends": 5000.0,
        "Net Income": 6455000.0,
        "Net Income Including Noncontrolling Interests": 6455000.0,
        "Net Income Continuous Operations": 6455000.0,
        "Tax Provision": 2340000.0,
        "Pretax Income": 8795000.0,
        "Selling General And Administration": 3392000.0,
        "General And Administrative Expense": 3392000.0,
        "Insurance And Claims": 322000.0,
        "Salaries And Wages": 3070000.0,
        "Total Revenue": 15513000.0,
        "Operating Revenue": 15513000.0,
        "Occupancy And Equipment": 672000.0,
        "Professional Expense And Contract Services Expense": 551000.0,
        "Other Non Interest Expense": 1620000.0
    },
    "2024-09-30": {
        "Tax Effect Of Unusual Items": 0.0,
        "Tax Rate For Calcs": 0.201,
        "Total Unusual Items": 0.0,
        "Total Unusual Items Excluding Goodwill": 0.0,
        "Net Income From Continuing Operation Net Minority Interest": 7508000.0,
        "Reconciled Depreciation": 142000.0,
        "Net Interest Income": 14723000.0,
        "Interest Expense": 17399000.0,
        "Interest Income": 32122000.0,
        "Normalized Income": 7508000.0,
        "Net Income From Continuing And Discontinued Operation": 7508000.0,
        "Diluted Average Shares": NaN,
        "Basic Average Shares": NaN,
        "Diluted EPS": NaN,
        "Basic EPS": NaN,
        "Diluted NI Availto Com Stockholders": 7508000.0,
        "Average Dilution Earnings": 5000.0,
        "Net Income Common Stockholders": 7503000.0,
        "Preferred Stock Dividends": 5000.0,
        "Net Income": 7508000.0,
        "Net Income Including Noncontrolling Interests": 7508000.0,
        "Net Income Continuous Operations": 7508000.0,
        "Tax Provision": 1892000.0,
        "Pretax Income": 9400000.0,
        "Selling General And Administration": 3497000.0,
        "General And Administrative Expense": 3497000.0,
        "Insurance And Claims": 319000.0,
        "Salaries And Wages": 3178000.0,
        "Total Revenue": 15624000.0,
        "Operating Revenue": 15624000.0,
        "Occupancy And Equipment": 630000.0,
        "Professional Expense And Contract Services Expense": 645000.0,
        "Other Non Interest Expense": 1593000.0
    },
    "2024-12-31": {
        "Tax Effect Of Unusual Items": 0.0,
        "Tax Rate For Calcs": 0.23928,
        "Total Unusual Items": 0.0,
        "Total Unusual Items Excluding Goodwill": 0.0,
        "Net Income From Continuing Operation Net Minority Interest": 7398000.0,
        "Reconciled Depreciation": 143000.0,
        "Net Interest Income": 15619000.0,
        "Interest Expense": 17707000.0,
        "Interest Income": 33326000.0,
        "Normalized Income": 7398000.0,
        "Net Income From Continuing And Discontinued Operation": 7398000.0,
        "Diluted Average Shares": 12153318.0,
        "Basic Average Shares": 11937412.0,
        "Diluted EPS": 0.61,
        "Basic EPS": 0.62,
        "Diluted NI Availto Com Stockholders": 7398000.0,
        "Average Dilution Earnings": 4000.0,
        "Net Income Common Stockholders": 7394000.0,
        "Preferred Stock Dividends": 4000.0,
        "Net Income": 7398000.0,
        "Net Income Including Noncontrolling Interests": 7398000.0,
        "Net Income Continuous Operations": 7398000.0,
        "Tax Provision": 2327000.0,
        "Pretax Income": 9725000.0,
        "Selling General And Administration": 3635000.0,
        "General And Administrative Expense": 3635000.0,
        "Insurance And Claims": 333000.0,
        "Salaries And Wages": 3302000.0,
        "Total Revenue": 16756000.0,
        "Operating Revenue": 16756000.0,
        "Occupancy And Equipment": 655000.0,
        "Professional Expense And Contract Services Expense": 1089000.0,
        "Other Non Interest Expense": 1470000.0
    },
    "2025-03-31": {
        "Tax Effect Of Unusual Items": 0.0,
        "Tax Rate For Calcs": 0.245,
        "Total Unusual Items": NaN,
        "Total Unusual Items Excluding Goodwill": NaN,
        "Net Income From Continuing Operation Net Minority Interest": 7778000.0,
        "Reconciled Depreciation": 148000.0,
        "Net Interest Income": 16607000.0,
        "Interest Expense": 17239000.0,
        "Interest Income": 33846000.0,
        "Normalized Income": 7778000.0,
        "Net Income From Continuing And Discontinued Operation": 7778000.0,
        "Diluted Average Shares": 12006965.0,
        "Basic Average Shares": 11836384.0,
        "Diluted EPS": 0.65,
        "Basic EPS": 0.66,
        "Diluted NI Availto Com Stockholders": 7778000.0,
        "Average Dilution Earnings": 5000.0,
        "Net Income Common Stockholders": 7773000.0,
        "Preferred Stock Dividends": 5000.0,
        "Net Income": 7778000.0,
        "Net Income Including Noncontrolling Interests": 7778000.0,
        "Net Income Continuous Operations": 7778000.0,
        "Tax Provision": 2522000.0,
        "Pretax Income": 10300000.0,
        "Selling General And Administration": 3641000.0,
        "General And Administrative Expense": 3641000.0,
        "Insurance And Claims": 350000.0,
        "Salaries And Wages": 3291000.0,
        "Total Revenue": 17428000.0,
        "Operating Revenue": 17428000.0,
        "Occupancy And Equipment": 687000.0,
        "Professional Expense And Contract Services Expense": 714000.0,
        "Other Non Interest Expense": 1496000.0
    },
    "2025-06-30": {
        "Tax Effect Of Unusual Items": 0.0,
        "Tax Rate For Calcs": 0.248571,
        "Total Unusual Items": NaN,
        "Total Unusual Items Excluding Goodwill": NaN,
        "Net Income From Continuing Operation Net Minority Interest": 8283000.0,
        "Reconciled Depreciation": 124000.0,
        "Net Interest Income": 17871000.0,
        "Interest Expense": 17153000.0,
        "Interest Income": 35024000.0,
        "Normalized Income": 8283000.0,
        "Net Income From Continuing And Discontinued Operation": 8283000.0,
        "Diluted Average Shares": 12013909.0,
        "Basic Average Shares": 11843328.0,
        "Diluted EPS": 0.69,
        "Basic EPS": 0.7,
        "Diluted NI Availto Com Stockholders": 8283000.0,
        "Average Dilution Earnings": 5000.0,
        "Net Income Common Stockholders": 8278000.0,
        "Preferred Stock Dividends": 5000.0,
        "Net Income": 8283000.0,
        "Net Income Including Noncontrolling Interests": 8283000.0,
        "Net Income Continuous Operations": 8283000.0,
        "Tax Provision": 2740000.0,
        "Pretax Income": 11023000.0,
        "Selling General And Administration": 3648000.0,
        "General And Administrative Expense": 3648000.0,
        "Insurance And Claims": 384000.0,
        "Salaries And Wages": 3264000.0,
        "Total Revenue": 18687000.0,
        "Operating Revenue": 18687000.0,
        "Occupancy And Equipment": 676000.0,
        "Professional Expense And Contract Services Expense": 652000.0,
        "Other Non Interest Expense": 1704000.0
    },
    "2025-09-30": {
        "Tax Effect Of Unusual Items": 0.0,
        "Tax Rate For Calcs": 0.212,
        "Total Unusual Items": NaN,
        "Total Unusual Items Excluding Goodwill": NaN,
        "Net Income From Continuing Operation Net Minority Interest": 10630000.0,
        "Reconciled Depreciation": 123000.0,
        "Net Interest Income": 20164000.0,
        "Interest Expense": 16345000.0,
        "Interest Income": 36509000.0,
        "Normalized Income": 10630000.0,
        "Net Income From Continuing And Discontinued Operation": 10630000.0,
        "Diluted Average Shares": 11958108.0,
        "Basic Average Shares": 11773473.0,
        "Diluted EPS": 0.89,
        "Basic EPS": 0.9,
        "Diluted NI Availto Com Stockholders": 10630000.0,
        "Average Dilution Earnings": 5000.0,
        "Net Income Common Stockholders": 10625000.0,
        "Preferred Stock Dividends": 5000.0,
        "Net Income": 10630000.0,
        "Net Income Including Noncontrolling Interests": 10630000.0,
        "Net Income Continuous Operations": 10630000.0,
        "Tax Provision": 2856000.0,
        "Pretax Income": 13486000.0,
        "Selling General And Administration": 3674000.0,
        "General And Administrative Expense": 3674000.0,
        "Insurance And Claims": 356000.0,
        "Salaries And Wages": 3318000.0,
        "Total Revenue": 21014000.0,
        "Operating Revenue": 21014000.0,
        "Occupancy And Equipment": 688000.0,
        "Professional Expense And Contract Services Expense": 890000.0,
        "Other Non Interest Expense": 1912000.0
    },
    "2025-12-31": {
        "Tax Effect Of Unusual Items": NaN,
        "Tax Rate For Calcs": NaN,
        "Total Unusual Items": NaN,
        "Total Unusual Items Excluding Goodwill": NaN,
        "Net Income From Continuing Operation Net Minority Interest": NaN,
        "Reconciled Depreciation": NaN,
        "Net Interest Income": NaN,
        "Interest Expense": NaN,
        "Interest Income": NaN,
        "Normalized Income": NaN,
        "Net Income From Continuing And Discontinued Operation": NaN,
        "Diluted Average Shares": 11918246.0,
        "Basic Average Shares": 11728393.0,
        "Diluted EPS": 0.93,
        "Basic EPS": 0.94,
        "Diluted NI Availto Com Stockholders": NaN,
        "Average Dilution Earnings": NaN,
        "Net Income Common Stockholders": NaN,
        "Preferred Stock Dividends": NaN,
        "Net Income": NaN,
        "Net Income Including Noncontrolling Interests": NaN,
        "Net Income Continuous Operations": NaN,
        "Tax Provision": NaN,
        "Pretax Income": NaN,
        "Selling General And Administration": NaN,
        "General And Administrative Expense": NaN,
        "Insurance And Claims": NaN,
        "Salaries And Wages": NaN,
        "Total Revenue": NaN,
        "Operating Revenue": NaN,
        "Occupancy And Equipment": NaN,
        "Professional Expense And Contract Services Expense": NaN,
        "Other Non Interest Expense": NaN
    }
}