{
    "2023-05-31": {
        "Tax Effect Of Unusual Items": NaN,
        "Tax Rate For Calcs": NaN,
        "Normalized EBITDA": NaN,
        "Total Unusual Items": 0.0,
        "Total Unusual Items Excluding Goodwill": 0.0,
        "Net Income From Continuing Operation Net Minority Interest": NaN,
        "Reconciled Depreciation": NaN,
        "Reconciled Cost Of Revenue": NaN,
        "EBITDA": NaN,
        "EBIT": NaN,
        "Net Interest Income": NaN,
        "Interest Income": NaN,
        "Normalized Income": NaN,
        "Net Income From Continuing And Discontinued Operation": NaN,
        "Total Expenses": NaN,
        "Total Operating Income As Reported": NaN,
        "Diluted Average Shares": NaN,
        "Basic Average Shares": NaN,
        "Diluted EPS": NaN,
        "Basic EPS": NaN,
        "Diluted NI Availto Com Stockholders": NaN,
        "Net Income Common Stockholders": NaN,
        "Net Income": NaN,
        "Net Income Including Noncontrolling Interests": NaN,
        "Net Income Continuous Operations": NaN,
        "Tax Provision": NaN,
        "Pretax Income": NaN,
        "Other Income Expense": NaN,
        "Special Income Charges": 0.0,
        "Other Special Charges": NaN,
        "Net Non Operating Interest Income Expense": NaN,
        "Interest Income Non Operating": NaN,
        "Operating Income": NaN,
        "Operating Expense": NaN,
        "Selling General And Administration": NaN,
        "Gross Profit": NaN,
        "Cost Of Revenue": NaN,
        "Total Revenue": NaN,
        "Operating Revenue": NaN
    },
    "2023-02-28": {
        "Tax Effect Of Unusual Items": NaN,
        "Tax Rate For Calcs": NaN,
        "Normalized EBITDA": NaN,
        "Total Unusual Items": 0.0,
        "Total Unusual Items Excluding Goodwill": 0.0,
        "Net Income From Continuing Operation Net Minority Interest": NaN,
        "Reconciled Depreciation": NaN,
        "Reconciled Cost Of Revenue": NaN,
        "EBITDA": NaN,
        "EBIT": NaN,
        "Net Interest Income": NaN,
        "Interest Income": NaN,
        "Normalized Income": NaN,
        "Net Income From Continuing And Discontinued Operation": NaN,
        "Total Expenses": NaN,
        "Total Operating Income As Reported": NaN,
        "Diluted Average Shares": NaN,
        "Basic Average Shares": NaN,
        "Diluted EPS": NaN,
        "Basic EPS": NaN,
        "Diluted NI Availto Com Stockholders": NaN,
        "Net Income Common Stockholders": NaN,
        "Net Income": NaN,
        "Net Income Including Noncontrolling Interests": NaN,
        "Net Income Continuous Operations": NaN,
        "Tax Provision": NaN,
        "Pretax Income": NaN,
        "Other Income Expense": NaN,
        "Special Income Charges": 0.0,
        "Other Special Charges": NaN,
        "Restructuring And Mergern Acquisition": 0.0,
        "Net Non Operating Interest Income Expense": NaN,
        "Interest Income Non Operating": NaN,
        "Operating Income": NaN,
        "Operating Expense": NaN,
        "Selling General And Administration": NaN,
        "Gross Profit": NaN,
        "Cost Of Revenue": NaN,
        "Total Revenue": NaN,
        "Operating Revenue": NaN
    },
    "2022-11-30": {
        "Tax Effect Of Unusual Items": NaN,
        "Tax Rate For Calcs": NaN,
        "Normalized EBITDA": NaN,
        "Total Unusual Items": 0.0,
        "Total Unusual Items Excluding Goodwill": 0.0,
        "Net Income From Continuing Operation Net Minority Interest": NaN,
        "Reconciled Depreciation": NaN,
        "Reconciled Cost Of Revenue": NaN,
        "EBITDA": NaN,
        "EBIT": NaN,
        "Net Interest Income": NaN,
        "Interest Income": NaN,
        "Normalized Income": NaN,
        "Net Income From Continuing And Discontinued Operation": NaN,
        "Total Expenses": NaN,
        "Total Operating Income As Reported": NaN,
        "Diluted Average Shares": NaN,
        "Basic Average Shares": NaN,
        "Diluted EPS": NaN,
        "Basic EPS": NaN,
        "Diluted NI Availto Com Stockholders": NaN,
        "Net Income Common Stockholders": NaN,
        "Net Income": NaN,
        "Net Income Including Noncontrolling Interests": NaN,
        "Net Income Continuous Operations": NaN,
        "Tax Provision": NaN,
        "Pretax Income": NaN,
        "Other Income Expense": NaN,
        "Special Income Charges": 0.0,
        "Other Special Charges": NaN,
        "Restructuring And Mergern Acquisition": 0.0,
        "Net Non Operating Interest Income Expense": NaN,
        "Interest Income Non Operating": NaN,
        "Operating Income": NaN,
        "Operating Expense": NaN,
        "Selling General And Administration": NaN,
        "Gross Profit": NaN,
        "Cost Of Revenue": NaN,
        "Total Revenue": NaN,
        "Operating Revenue": NaN
    },
    "2022-08-31": {
        "Tax Effect Of Unusual Items": NaN,
        "Tax Rate For Calcs": NaN,
        "Normalized EBITDA": NaN,
        "Total Unusual Items": 0.0,
        "Total Unusual Items Excluding Goodwill": 0.0,
        "Net Income From Continuing Operation Net Minority Interest": NaN,
        "Reconciled Depreciation": NaN,
        "Reconciled Cost Of Revenue": NaN,
        "EBITDA": NaN,
        "EBIT": NaN,
        "Net Interest Income": NaN,
        "Interest Income": NaN,
        "Normalized Income": NaN,
        "Net Income From Continuing And Discontinued Operation": NaN,
        "Total Expenses": NaN,
        "Total Operating Income As Reported": NaN,
        "Diluted Average Shares": NaN,
        "Basic Average Shares": NaN,
        "Diluted EPS": NaN,
        "Basic EPS": NaN,
        "Diluted NI Availto Com Stockholders": NaN,
        "Net Income Common Stockholders": NaN,
        "Net Income": NaN,
        "Net Income Including Noncontrolling Interests": NaN,
        "Net Income Continuous Operations": NaN,
        "Tax Provision": NaN,
        "Pretax Income": NaN,
        "Special Income Charges": 0.0,
        "Restructuring And Mergern Acquisition": 0.0,
        "Net Non Operating Interest Income Expense": NaN,
        "Interest Income Non Operating": NaN,
        "Operating Income": NaN,
        "Operating Expense": NaN,
        "Selling General And Administration": NaN,
        "Gross Profit": NaN,
        "Cost Of Revenue": NaN,
        "Total Revenue": NaN,
        "Operating Revenue": NaN
    },
    "2022-05-31": {
        "Tax Effect Of Unusual Items": 0.0,
        "Tax Rate For Calcs": 0.263,
        "Normalized EBITDA": 2459000.0,
        "Total Unusual Items": 0.0,
        "Total Unusual Items Excluding Goodwill": 0.0,
        "Net Income From Continuing Operation Net Minority Interest": 1910000.0,
        "Reconciled Depreciation": 260000.0,
        "Reconciled Cost Of Revenue": 8691000.0,
        "EBIT": 2459000.0,
        "Net Interest Income": 133000.0,
        "Interest Income": 133000.0,
        "Normalized Income": 1910000.0,
        "Net Income From Continuing And Discontinued Operation": 1910000.0,
        "Total Expenses": 10324000.0,
        "Total Operating Income As Reported": 2459000.0,
        "Diluted Average Shares": 20504000.0,
        "Basic Average Shares": 20458000.0,
        "Diluted EPS": 0.09,
        "Basic EPS": 0.09,
        "Diluted NI Availto Com Stockholders": 1910000.0,
        "Net Income Common Stockholders": 1910000.0,
        "Net Income": 1910000.0,
        "Net Income Including Noncontrolling Interests": 1910000.0,
        "Net Income Continuous Operations": 1910000.0,
        "Tax Provision": 682000.0,
        "Pretax Income": 2592000.0,
        "Special Income Charges": 0.0,
        "Restructuring And Mergern Acquisition": 0.0,
        "Net Non Operating Interest Income Expense": 133000.0,
        "Interest Income Non Operating": 133000.0,
        "Operating Income": 2459000.0,
        "Operating Expense": 1633000.0,
        "Selling General And Administration": 1633000.0,
        "Gross Profit": 4092000.0,
        "Cost Of Revenue": 8691000.0,
        "Total Revenue": 12783000.0,
        "Operating Revenue": 12783000.0
    },
    "2022-02-28": {
        "Diluted EPS": 0.1,
        "Total Revenue": 13,
        "Gross Profit": 4,
        "Operating Income": 3,
        "EBIT": 3,
        "Net Income": 2
    },
    "2021-11-30": {
        "Diluted EPS": 0.08,
        "Total Revenue": 14,
        "Gross Profit": 4,
        "Operating Income": 2,
        "EBIT": 3,
        "Net Income": 2
    },
    "2021-08-31": {
        "Diluted EPS": 0.1,
        "Total Revenue": 14,
        "Gross Profit": 4,
        "Operating Income": 3,
        "EBIT": 3,
        "Net Income": 2
    },
    "2021-05-31": {
        "Diluted EPS": 0.13,
        "Total Revenue": 14,
        "Gross Profit": 5,
        "Operating Income": 4,
        "EBIT": 4,
        "Net Income": 3
    },
    "2021-02-28": {
        "Diluted EPS": 0.04,
        "Total Revenue": 14,
        "Gross Profit": 4,
        "Operating Income": 1,
        "EBIT": 2,
        "Net Income": 1
    },
    "2020-11-30": {
        "Diluted EPS": 0.05,
        "Total Revenue": 10,
        "Gross Profit": 3,
        "Operating Income": 1,
        "EBIT": 1,
        "Net Income": 1
    },
    "2020-08-31": {
        "Diluted EPS": 0.05,
        "Total Revenue": 9,
        "Gross Profit": 3,
        "Operating Income": 1,
        "EBIT": 1,
        "Net Income": 1
    },
    "2020-05-31": {
        "Diluted EPS": 0.1,
        "Total Revenue": 12,
        "Gross Profit": 4,
        "Operating Income": 2,
        "EBIT": 2,
        "Net Income": 2
    },
    "2020-02-29": {
        "Diluted EPS": 0.12,
        "Total Revenue": 15,
        "Gross Profit": 5,
        "Operating Income": 3,
        "EBIT": 3,
        "Net Income": 2
    },
    "2019-11-30": {
        "Diluted EPS": 0.12,
        "Total Revenue": 16,
        "Gross Profit": 5,
        "Operating Income": 3,
        "EBIT": 3,
        "Net Income": 2
    },
    "2019-08-31": {
        "Diluted EPS": 0.1,
        "Total Revenue": 14,
        "Gross Profit": 4,
        "Operating Income": 2,
        "EBIT": 2,
        "Net Income": 2
    },
    "2019-05-31": {
        "Diluted EPS": 0.13,
        "Total Revenue": 15,
        "Gross Profit": 5,
        "Operating Income": 3,
        "EBIT": 3,
        "Net Income": 3
    },
    "2019-02-28": {
        "Diluted EPS": 5.07,
        "Total Revenue": 17,
        "Gross Profit": 6,
        "Operating Income": 3,
        "EBIT": 4,
        "Net Income": 104
    },
    "2018-11-30": {
        "Diluted EPS": 0.18,
        "Total Revenue": 13,
        "Gross Profit": 4,
        "Operating Income": 2,
        "EBIT": 3,
        "Net Income": 4
    },
    "2018-08-31": {
        "Diluted EPS": 0.13,
        "Total Revenue": 11,
        "Gross Profit": 3,
        "Operating Income": 1,
        "EBIT": 1,
        "Net Income": 3
    },
    "2018-05-31": {
        "Diluted EPS": 0.16,
        "Total Revenue": 10,
        "Gross Profit": 3,
        "Operating Income": 1,
        "EBIT": 1,
        "Net Income": 3
    },
    "2018-02-28": {
        "Diluted EPS": 0.89,
        "Total Revenue": 10,
        "Gross Profit": 3,
        "Operating Income": 0,
        "EBIT": 1,
        "Net Income": 18
    },
    "2017-11-30": {
        "Diluted EPS": 0.04,
        "Total Revenue": 10,
        "Gross Profit": 3,
        "Operating Income": 0,
        "EBIT": 1,
        "Net Income": 1
    },
    "2017-08-31": {
        "Diluted EPS": 0.03,
        "Total Revenue": 11,
        "Gross Profit": 3,
        "Operating Income": 1,
        "EBIT": 1,
        "Net Income": 1
    },
    "2017-05-31": {
        "Diluted EPS": 0.07,
        "Total Revenue": 27,
        "Gross Profit": 6,
        "Operating Income": 0,
        "EBIT": 1,
        "Net Income": 1
    },
    "2017-02-28": {
        "Diluted EPS": 0.12,
        "Total Revenue": -55,
        "Gross Profit": -14,
        "Operating Income": -9,
        "EBIT": -10,
        "Net Income": 2
    },
    "2016-11-30": {
        "Diluted EPS": 0.09,
        "Total Revenue": 26,
        "Gross Profit": 7,
        "Operating Income": 2,
        "EBIT": 3,
        "Net Income": 2
    },
    "2016-08-31": {
        "Diluted EPS": 0.1,
        "Total Revenue": 29,
        "Gross Profit": 7,
        "Operating Income": 2,
        "EBIT": 3,
        "Net Income": 2
    },
    "2016-05-31": {
        "Diluted EPS": 0.15,
        "Total Revenue": 31,
        "Gross Profit": 9,
        "Operating Income": 3,
        "EBIT": 4,
        "Net Income": 3
    },
    "2016-02-29": {
        "Diluted EPS": 0.23,
        "Total Revenue": 36,
        "Gross Profit": 11,
        "Operating Income": 5,
        "EBIT": 6,
        "Net Income": 5
    },
    "2015-11-30": {
        "Diluted EPS": 0.2,
        "Total Revenue": 34,
        "Gross Profit": 10,
        "Operating Income": 5,
        "EBIT": 6,
        "Net Income": 4
    },
    "2015-08-31": {
        "Diluted EPS": 0.23,
        "Total Revenue": 38,
        "Gross Profit": 10,
        "Operating Income": 5,
        "EBIT": 6,
        "Net Income": 5
    },
    "2015-05-31": {
        "Diluted EPS": 0.23,
        "Total Revenue": 38,
        "Gross Profit": 11,
        "Operating Income": 5,
        "EBIT": 6,
        "Net Income": 5
    },
    "2015-02-28": {
        "Diluted EPS": 0.23,
        "Total Revenue": 36,
        "Gross Profit": 11,
        "Operating Income": 5,
        "EBIT": 6,
        "Net Income": 5
    },
    "2014-11-30": {
        "Diluted EPS": 0.1,
        "Total Revenue": 35,
        "Gross Profit": 9,
        "Operating Income": 2,
        "EBIT": 3,
        "Net Income": 2
    },
    "2014-08-31": {
        "Diluted EPS": 0.24,
        "Total Revenue": 42,
        "Gross Profit": 12,
        "Operating Income": 6,
        "EBIT": 7,
        "Net Income": 5
    },
    "2014-05-31": {
        "Diluted EPS": 0.39,
        "Total Revenue": 49,
        "Gross Profit": 17,
        "Operating Income": 10,
        "EBIT": 11,
        "Net Income": 8
    },
    "2014-02-28": {
        "Diluted EPS": -2.89,
        "Total Revenue": 38,
        "Gross Profit": 10,
        "Operating Income": 4,
        "EBIT": 5,
        "Net Income": -60
    },
    "2013-11-30": {
        "Diluted EPS": 0.23,
        "Total Revenue": 40,
        "Gross Profit": 11,
        "Operating Income": 5,
        "EBIT": 6,
        "Net Income": 5
    },
    "2013-08-31": {
        "Diluted EPS": 0.39,
        "Total Revenue": 44,
        "Gross Profit": 14,
        "Operating Income": 7,
        "EBIT": 9,
        "Net Income": 8
    },
    "2013-05-31": {
        "Diluted EPS": 0.24,
        "Total Revenue": 43,
        "Gross Profit": 13,
        "Operating Income": 6,
        "EBIT": 8,
        "Net Income": 5
    },
    "2013-02-28": {
        "Diluted EPS": 0.18,
        "Total Revenue": 43,
        "Gross Profit": 12,
        "Operating Income": 5,
        "EBIT": 6,
        "Net Income": 4
    },
    "2012-11-30": {
        "Diluted EPS": 0.23,
        "Total Revenue": 41,
        "Gross Profit": 13,
        "Operating Income": 6,
        "EBIT": 7,
        "Net Income": 5
    },
    "2012-08-31": {
        "Diluted EPS": 0.16,
        "Total Revenue": 46,
        "Gross Profit": 13,
        "Operating Income": 4,
        "EBIT": 6,
        "Net Income": 3
    },
    "2012-05-31": {
        "Diluted EPS": 0.24,
        "Total Revenue": 46,
        "Gross Profit": 13,
        "Operating Income": 6,
        "EBIT": 7,
        "Net Income": 5
    },
    "2012-02-29": {
        "Diluted EPS": 0.15,
        "Total Revenue": 44,
        "Gross Profit": 11,
        "Operating Income": 3,
        "EBIT": 5,
        "Net Income": 3
    },
    "2011-11-30": {
        "Diluted EPS": 0.26,
        "Total Revenue": 47,
        "Gross Profit": 13,
        "Operating Income": 6,
        "EBIT": 8,
        "Net Income": 5
    },
    "2011-08-31": {
        "Diluted EPS": 0.37,
        "Total Revenue": 50,
        "Gross Profit": 15,
        "Operating Income": 8,
        "EBIT": 9,
        "Net Income": 8
    },
    "2011-05-31": {
        "Diluted EPS": 0.35,
        "Total Revenue": 52,
        "Gross Profit": 16,
        "Operating Income": 8,
        "EBIT": 10,
        "Net Income": 7
    },
    "2011-02-28": {
        "Diluted EPS": 0.4,
        "Total Revenue": 51,
        "Gross Profit": 17,
        "Operating Income": 10,
        "EBIT": 12,
        "Net Income": 8
    },
    "2010-11-30": {
        "Diluted EPS": 0.24,
        "Total Revenue": 47,
        "Gross Profit": 14,
        "Operating Income": 7,
        "EBIT": 9,
        "Net Income": 5
    },
    "2010-08-31": {
        "Diluted EPS": 0.46,
        "Total Revenue": 55,
        "Gross Profit": 18,
        "Operating Income": 11,
        "EBIT": 13,
        "Net Income": 9
    },
    "2010-05-31": {
        "Diluted EPS": 0.48,
        "Total Revenue": 59,
        "Gross Profit": 20,
        "Operating Income": 12,
        "EBIT": 14,
        "Net Income": 10
    },
    "2010-02-28": {
        "Diluted EPS": 0.5,
        "Total Revenue": 50,
        "Gross Profit": 18,
        "Operating Income": 10,
        "EBIT": 13,
        "Net Income": 10
    },
    "2009-11-30": {
        "Diluted EPS": 0.35,
        "Total Revenue": 46,
        "Gross Profit": 14,
        "Operating Income": 8,
        "EBIT": 9,
        "Net Income": 7
    },
    "2009-08-31": {
        "Diluted EPS": 0.23,
        "Total Revenue": 43,
        "Gross Profit": 11,
        "Operating Income": 6,
        "EBIT": 7,
        "Net Income": 5
    },
    "2009-05-31": {
        "Diluted EPS": 0.15,
        "Total Revenue": 37,
        "Gross Profit": 9,
        "Operating Income": 3,
        "EBIT": 5,
        "Net Income": 3
    },
    "2009-02-28": {
        "Diluted EPS": 0.96,
        "Total Revenue": 35,
        "Gross Profit": 8,
        "Operating Income": -4,
        "EBIT": 0,
        "Net Income": 20
    },
    "2023-08-31": {
        "Tax Effect Of Unusual Items": NaN,
        "Tax Rate For Calcs": NaN,
        "Normalized EBITDA": NaN,
        "Total Unusual Items": 0.0,
        "Total Unusual Items Excluding Goodwill": 0.0,
        "Net Income From Continuing Operation Net Minority Interest": NaN,
        "Reconciled Depreciation": NaN,
        "Reconciled Cost Of Revenue": NaN,
        "EBITDA": NaN,
        "EBIT": NaN,
        "Net Interest Income": NaN,
        "Interest Income": NaN,
        "Normalized Income": NaN,
        "Net Income From Continuing And Discontinued Operation": NaN,
        "Total Expenses": NaN,
        "Total Operating Income As Reported": NaN,
        "Diluted Average Shares": NaN,
        "Basic Average Shares": NaN,
        "Diluted EPS": NaN,
        "Basic EPS": NaN,
        "Diluted NI Availto Com Stockholders": NaN,
        "Net Income Common Stockholders": NaN,
        "Net Income": NaN,
        "Net Income Including Noncontrolling Interests": NaN,
        "Net Income Continuous Operations": NaN,
        "Tax Provision": NaN,
        "Pretax Income": NaN,
        "Other Income Expense": NaN,
        "Special Income Charges": 0.0,
        "Other Special Charges": NaN,
        "Net Non Operating Interest Income Expense": NaN,
        "Interest Income Non Operating": NaN,
        "Operating Income": NaN,
        "Operating Expense": NaN,
        "Selling General And Administration": NaN,
        "Gross Profit": NaN,
        "Cost Of Revenue": NaN,
        "Total Revenue": NaN,
        "Operating Revenue": NaN
    },
    "2023-11-30": {
        "Tax Effect Of Unusual Items": NaN,
        "Tax Rate For Calcs": NaN,
        "Normalized EBITDA": NaN,
        "Total Unusual Items": 0.0,
        "Total Unusual Items Excluding Goodwill": 0.0,
        "Net Income From Continuing Operation Net Minority Interest": NaN,
        "Reconciled Depreciation": NaN,
        "Reconciled Cost Of Revenue": NaN,
        "EBITDA": NaN,
        "EBIT": NaN,
        "Net Interest Income": NaN,
        "Interest Income": NaN,
        "Normalized Income": NaN,
        "Net Income From Continuing And Discontinued Operation": NaN,
        "Total Expenses": NaN,
        "Total Operating Income As Reported": NaN,
        "Diluted Average Shares": NaN,
        "Basic Average Shares": NaN,
        "Diluted EPS": NaN,
        "Basic EPS": NaN,
        "Diluted NI Availto Com Stockholders": NaN,
        "Net Income Common Stockholders": NaN,
        "Net Income": NaN,
        "Net Income Including Noncontrolling Interests": NaN,
        "Net Income Continuous Operations": NaN,
        "Tax Provision": NaN,
        "Pretax Income": NaN,
        "Other Income Expense": NaN,
        "Special Income Charges": 0.0,
        "Other Special Charges": NaN,
        "Net Non Operating Interest Income Expense": NaN,
        "Interest Income Non Operating": NaN,
        "Operating Income": NaN,
        "Operating Expense": NaN,
        "Selling General And Administration": NaN,
        "Gross Profit": NaN,
        "Cost Of Revenue": NaN,
        "Total Revenue": NaN,
        "Operating Revenue": NaN
    },
    "2024-02-29": {
        "Tax Effect Of Unusual Items": 0.0,
        "Tax Rate For Calcs": 0.07931,
        "Normalized EBITDA": 2989000.0,
        "Total Unusual Items": NaN,
        "Total Unusual Items Excluding Goodwill": NaN,
        "Net Income From Continuing Operation Net Minority Interest": 2670000.0,
        "Reconciled Depreciation": 418000.0,
        "Reconciled Cost Of Revenue": 11880000.0,
        "EBITDA": 2989000.0,
        "EBIT": 2571000.0,
        "Net Interest Income": 329000.0,
        "Interest Income": 329000.0,
        "Normalized Income": 2670000.0,
        "Net Income From Continuing And Discontinued Operation": 2670000.0,
        "Total Expenses": 13762000.0,
        "Total Operating Income As Reported": 2571000.0,
        "Diluted Average Shares": 20357000.0,
        "Basic Average Shares": 20253000.0,
        "Diluted EPS": 0.13,
        "Basic EPS": 0.13,
        "Diluted NI Availto Com Stockholders": 2670000.0,
        "Net Income Common Stockholders": 2670000.0,
        "Net Income": 2670000.0,
        "Net Income Including Noncontrolling Interests": 2670000.0,
        "Net Income Continuous Operations": 2670000.0,
        "Tax Provision": 230000.0,
        "Pretax Income": 2900000.0,
        "Other Income Expense": NaN,
        "Special Income Charges": NaN,
        "Other Special Charges": NaN,
        "Net Non Operating Interest Income Expense": 329000.0,
        "Interest Income Non Operating": 329000.0,
        "Operating Income": 2571000.0,
        "Operating Expense": 1882000.0,
        "Selling General And Administration": 1882000.0,
        "Gross Profit": 4453000.0,
        "Cost Of Revenue": 11880000.0,
        "Total Revenue": 16333000.0,
        "Operating Revenue": 16333000.0
    },
    "2024-05-31": {
        "Tax Effect Of Unusual Items": NaN,
        "Tax Rate For Calcs": NaN,
        "Normalized EBITDA": NaN,
        "Total Unusual Items": NaN,
        "Total Unusual Items Excluding Goodwill": NaN,
        "Net Income From Continuing Operation Net Minority Interest": NaN,
        "Reconciled Depreciation": NaN,
        "Reconciled Cost Of Revenue": NaN,
        "EBITDA": NaN,
        "EBIT": NaN,
        "Net Interest Income": NaN,
        "Interest Income": NaN,
        "Normalized Income": NaN,
        "Net Income From Continuing And Discontinued Operation": NaN,
        "Total Expenses": NaN,
        "Total Operating Income As Reported": NaN,
        "Diluted Average Shares": NaN,
        "Basic Average Shares": NaN,
        "Diluted EPS": NaN,
        "Basic EPS": NaN,
        "Diluted NI Availto Com Stockholders": NaN,
        "Net Income Common Stockholders": NaN,
        "Net Income": NaN,
        "Net Income Including Noncontrolling Interests": NaN,
        "Net Income Continuous Operations": NaN,
        "Tax Provision": NaN,
        "Pretax Income": NaN,
        "Other Income Expense": -1052000.0,
        "Special Income Charges": NaN,
        "Other Special Charges": 1052000.0,
        "Net Non Operating Interest Income Expense": NaN,
        "Interest Income Non Operating": NaN,
        "Operating Income": NaN,
        "Operating Expense": NaN,
        "Selling General And Administration": NaN,
        "Gross Profit": NaN,
        "Cost Of Revenue": NaN,
        "Total Revenue": NaN,
        "Operating Revenue": NaN
    },
    "2024-08-31": {
        "Tax Effect Of Unusual Items": NaN,
        "Tax Rate For Calcs": NaN,
        "Normalized EBITDA": NaN,
        "Total Unusual Items": NaN,
        "Total Unusual Items Excluding Goodwill": NaN,
        "Net Income From Continuing Operation Net Minority Interest": NaN,
        "Reconciled Depreciation": NaN,
        "Reconciled Cost Of Revenue": NaN,
        "EBITDA": NaN,
        "EBIT": NaN,
        "Net Interest Income": NaN,
        "Interest Income": NaN,
        "Normalized Income": NaN,
        "Net Income From Continuing And Discontinued Operation": NaN,
        "Total Expenses": NaN,
        "Total Operating Income As Reported": NaN,
        "Diluted Average Shares": NaN,
        "Basic Average Shares": NaN,
        "Diluted EPS": NaN,
        "Basic EPS": NaN,
        "Diluted NI Availto Com Stockholders": NaN,
        "Net Income Common Stockholders": NaN,
        "Net Income": NaN,
        "Net Income Including Noncontrolling Interests": NaN,
        "Net Income Continuous Operations": NaN,
        "Tax Provision": NaN,
        "Pretax Income": NaN,
        "Other Income Expense": -46000.0,
        "Special Income Charges": NaN,
        "Other Special Charges": 46000.0,
        "Net Non Operating Interest Income Expense": NaN,
        "Interest Income Non Operating": NaN,
        "Operating Income": NaN,
        "Operating Expense": NaN,
        "Selling General And Administration": NaN,
        "Gross Profit": NaN,
        "Cost Of Revenue": NaN,
        "Total Revenue": NaN,
        "Operating Revenue": NaN
    },
    "2024-11-30": {
        "Tax Effect Of Unusual Items": 0.0,
        "Tax Rate For Calcs": 0.261704,
        "Normalized EBITDA": 2310000.0,
        "Total Unusual Items": 0.0,
        "Total Unusual Items Excluding Goodwill": 0.0,
        "Net Income From Continuing Operation Net Minority Interest": 1577000.0,
        "Reconciled Depreciation": 464000.0,
        "Reconciled Cost Of Revenue": 10580000.0,
        "EBITDA": 2310000.0,
        "EBIT": 1846000.0,
        "Net Interest Income": 290000.0,
        "Interest Income": 290000.0,
        "Normalized Income": 1577000.0,
        "Net Income From Continuing And Discontinued Operation": 1577000.0,
        "Total Expenses": 12562000.0,
        "Total Operating Income As Reported": 1846000.0,
        "Diluted Average Shares": 20077000.0,
        "Basic Average Shares": 19982000.0,
        "Diluted EPS": 0.08,
        "Basic EPS": 0.08,
        "Diluted NI Availto Com Stockholders": 1577000.0,
        "Net Income Common Stockholders": 1577000.0,
        "Net Income": 1577000.0,
        "Net Income Including Noncontrolling Interests": 1577000.0,
        "Net Income Continuous Operations": 1577000.0,
        "Tax Provision": 559000.0,
        "Pretax Income": 2136000.0,
        "Other Income Expense": NaN,
        "Special Income Charges": 0.0,
        "Other Special Charges": NaN,
        "Net Non Operating Interest Income Expense": 290000.0,
        "Interest Income Non Operating": 290000.0,
        "Operating Income": 1846000.0,
        "Operating Expense": 1982000.0,
        "Selling General And Administration": 1982000.0,
        "Gross Profit": 3828000.0,
        "Cost Of Revenue": 10580000.0,
        "Total Revenue": 14408000.0,
        "Operating Revenue": 14408000.0
    },
    "2025-02-28": {
        "Tax Effect Of Unusual Items": 0.0,
        "Tax Rate For Calcs": 0.21,
        "Normalized EBITDA": 3311000.0,
        "Total Unusual Items": 0.0,
        "Total Unusual Items Excluding Goodwill": 0.0,
        "Net Income From Continuing Operation Net Minority Interest": 1246000.0,
        "Reconciled Depreciation": 460000.0,
        "Reconciled Cost Of Revenue": 11981000.0,
        "EBITDA": 3311000.0,
        "EBIT": 2851000.0,
        "Net Interest Income": 335000.0,
        "Interest Income": 335000.0,
        "Normalized Income": 1246000.0,
        "Net Income From Continuing And Discontinued Operation": 1246000.0,
        "Total Expenses": 14088000.0,
        "Total Operating Income As Reported": 2851000.0,
        "Diluted Average Shares": 20022000.0,
        "Basic Average Shares": 19945000.0,
        "Diluted EPS": 0.06,
        "Basic EPS": 0.06,
        "Diluted NI Availto Com Stockholders": 1246000.0,
        "Net Income Common Stockholders": 1246000.0,
        "Net Income": 1246000.0,
        "Net Income Including Noncontrolling Interests": 1246000.0,
        "Net Income Continuous Operations": 1246000.0,
        "Tax Provision": 1940000.0,
        "Pretax Income": 3186000.0,
        "Other Income Expense": 0.0,
        "Special Income Charges": 0.0,
        "Other Special Charges": 0.0,
        "Net Non Operating Interest Income Expense": 335000.0,
        "Interest Income Non Operating": 335000.0,
        "Operating Income": 2851000.0,
        "Operating Expense": 2107000.0,
        "Selling General And Administration": 2107000.0,
        "Gross Profit": 4958000.0,
        "Cost Of Revenue": 11981000.0,
        "Total Revenue": 16939000.0,
        "Operating Revenue": 16939000.0
    },
    "2025-05-31": {
        "Tax Effect Of Unusual Items": 0.0,
        "Tax Rate For Calcs": 0.25,
        "Normalized EBITDA": 2875000.0,
        "Total Unusual Items": 0.0,
        "Total Unusual Items Excluding Goodwill": 0.0,
        "Net Income From Continuing Operation Net Minority Interest": 2080000.0,
        "Reconciled Depreciation": 456000.0,
        "Reconciled Cost Of Revenue": 10682000.0,
        "EBITDA": 2875000.0,
        "EBIT": 2419000.0,
        "Net Interest Income": 355000.0,
        "Interest Income": 355000.0,
        "Normalized Income": 2080000.0,
        "Net Income From Continuing And Discontinued Operation": 2080000.0,
        "Total Expenses": 12981000.0,
        "Total Operating Income As Reported": 2419000.0,
        "Diluted Average Shares": 19968000.0,
        "Basic Average Shares": 19919000.0,
        "Diluted EPS": 0.1,
        "Basic EPS": 0.1,
        "Diluted NI Availto Com Stockholders": 2080000.0,
        "Net Income Common Stockholders": 2080000.0,
        "Net Income": 2080000.0,
        "Net Income Including Noncontrolling Interests": 2080000.0,
        "Net Income Continuous Operations": 2080000.0,
        "Tax Provision": 694000.0,
        "Pretax Income": 2774000.0,
        "Other Income Expense": NaN,
        "Special Income Charges": 0.0,
        "Other Special Charges": NaN,
        "Net Non Operating Interest Income Expense": 355000.0,
        "Interest Income Non Operating": 355000.0,
        "Operating Income": 2419000.0,
        "Operating Expense": 2299000.0,
        "Selling General And Administration": 2299000.0,
        "Gross Profit": 4718000.0,
        "Cost Of Revenue": 10682000.0,
        "Total Revenue": 15400000.0,
        "Operating Revenue": 15400000.0
    },
    "2025-08-31": {
        "Tax Effect Of Unusual Items": 0.0,
        "Tax Rate For Calcs": 0.257,
        "Normalized EBITDA": 3300000.0,
        "Total Unusual Items": 0.0,
        "Total Unusual Items Excluding Goodwill": 0.0,
        "Net Income From Continuing Operation Net Minority Interest": 2404000.0,
        "Reconciled Depreciation": 455000.0,
        "Reconciled Cost Of Revenue": 11265000.0,
        "EBITDA": 3300000.0,
        "EBIT": 2845000.0,
        "Net Interest Income": 390000.0,
        "Interest Income": 390000.0,
        "Normalized Income": 2404000.0,
        "Net Income From Continuing And Discontinued Operation": 2404000.0,
        "Total Expenses": 13536000.0,
        "Total Operating Income As Reported": 2845000.0,
        "Diluted Average Shares": 19986000.0,
        "Basic Average Shares": 19875000.0,
        "Diluted EPS": 0.12,
        "Basic EPS": 0.12,
        "Diluted NI Availto Com Stockholders": 2404000.0,
        "Net Income Common Stockholders": 2404000.0,
        "Net Income": 2404000.0,
        "Net Income Including Noncontrolling Interests": 2404000.0,
        "Net Income Continuous Operations": 2404000.0,
        "Tax Provision": 831000.0,
        "Pretax Income": 3235000.0,
        "Other Income Expense": NaN,
        "Special Income Charges": 0.0,
        "Other Special Charges": NaN,
        "Net Non Operating Interest Income Expense": 390000.0,
        "Interest Income Non Operating": 390000.0,
        "Operating Income": 2845000.0,
        "Operating Expense": 2271000.0,
        "Selling General And Administration": 2271000.0,
        "Gross Profit": 5116000.0,
        "Cost Of Revenue": 11265000.0,
        "Total Revenue": 16381000.0,
        "Operating Revenue": 16381000.0
    },
    "2025-11-30": {
        "Tax Effect Of Unusual Items": 0.0,
        "Tax Rate For Calcs": 0.260095,
        "Normalized EBITDA": 4121000.0,
        "Total Unusual Items": 0.0,
        "Total Unusual Items Excluding Goodwill": 0.0,
        "Net Income From Continuing Operation Net Minority Interest": 2950000.0,
        "Reconciled Depreciation": 477000.0,
        "Reconciled Cost Of Revenue": 11430000.0,
        "EBITDA": 4121000.0,
        "EBIT": 3644000.0,
        "Net Interest Income": 343000.0,
        "Interest Income": 343000.0,
        "Normalized Income": 2950000.0,
        "Net Income From Continuing And Discontinued Operation": 2950000.0,
        "Total Expenses": 13689000.0,
        "Total Operating Income As Reported": 3644000.0,
        "Diluted Average Shares": 20095000.0,
        "Basic Average Shares": 19911000.0,
        "Diluted EPS": 0.15,
        "Basic EPS": 0.15,
        "Diluted NI Availto Com Stockholders": 2950000.0,
        "Net Income Common Stockholders": 2950000.0,
        "Net Income": 2950000.0,
        "Net Income Including Noncontrolling Interests": 2950000.0,
        "Net Income Continuous Operations": 2950000.0,
        "Tax Provision": 1037000.0,
        "Pretax Income": 3987000.0,
        "Other Income Expense": NaN,
        "Special Income Charges": 0.0,
        "Other Special Charges": NaN,
        "Net Non Operating Interest Income Expense": 343000.0,
        "Interest Income Non Operating": 343000.0,
        "Operating Income": 3644000.0,
        "Operating Expense": 2259000.0,
        "Selling General And Administration": 2259000.0,
        "Gross Profit": 5903000.0,
        "Cost Of Revenue": 11430000.0,
        "Total Revenue": 17333000.0,
        "Operating Revenue": 17333000.0
    }
}