{
    "2023-06-30": {
        "Tax Effect Of Unusual Items": NaN,
        "Tax Rate For Calcs": NaN,
        "Normalized EBITDA": NaN,
        "Total Unusual Items": NaN,
        "Total Unusual Items Excluding Goodwill": NaN,
        "Net Income From Continuing Operation Net Minority Interest": NaN,
        "Reconciled Depreciation": NaN,
        "Reconciled Cost Of Revenue": NaN,
        "EBITDA": NaN,
        "EBIT": NaN,
        "Net Interest Income": NaN,
        "Interest Expense": NaN,
        "Normalized Income": NaN,
        "Net Income From Continuing And Discontinued Operation": NaN,
        "Total Expenses": NaN,
        "Total Operating Income As Reported": NaN,
        "Diluted Average Shares": NaN,
        "Basic Average Shares": NaN,
        "Diluted EPS": NaN,
        "Basic EPS": NaN,
        "Diluted NI Availto Com Stockholders": NaN,
        "Net Income Common Stockholders": NaN,
        "Otherunder Preferred Stock Dividend": NaN,
        "Net Income": NaN,
        "Net Income Including Noncontrolling Interests": NaN,
        "Net Income Continuous Operations": NaN,
        "Tax Provision": NaN,
        "Pretax Income": NaN,
        "Other Income Expense": NaN,
        "Other Non Operating Income Expenses": NaN,
        "Special Income Charges": NaN,
        "Gain On Sale Of Ppe": NaN,
        "Gain On Sale Of Business": NaN,
        "Restructuring And Mergern Acquisition": NaN,
        "Net Non Operating Interest Income Expense": NaN,
        "Interest Expense Non Operating": NaN,
        "Operating Income": NaN,
        "Operating Expense": NaN,
        "Selling General And Administration": NaN,
        "General And Administrative Expense": 147600000.0,
        "Other Gand A": 145600000.0,
        "Salaries And Wages": 2000000.0,
        "Gross Profit": NaN,
        "Cost Of Revenue": NaN,
        "Total Revenue": NaN,
        "Operating Revenue": NaN
    },
    "2023-03-31": {
        "Tax Effect Of Unusual Items": NaN,
        "Tax Rate For Calcs": NaN,
        "Normalized EBITDA": NaN,
        "Total Unusual Items": NaN,
        "Total Unusual Items Excluding Goodwill": NaN,
        "Net Income From Continuing Operation Net Minority Interest": NaN,
        "Reconciled Depreciation": NaN,
        "Reconciled Cost Of Revenue": NaN,
        "EBITDA": NaN,
        "EBIT": NaN,
        "Net Interest Income": NaN,
        "Interest Expense": NaN,
        "Normalized Income": NaN,
        "Net Income From Continuing And Discontinued Operation": NaN,
        "Total Expenses": NaN,
        "Total Operating Income As Reported": NaN,
        "Diluted Average Shares": NaN,
        "Basic Average Shares": NaN,
        "Diluted EPS": NaN,
        "Basic EPS": NaN,
        "Diluted NI Availto Com Stockholders": NaN,
        "Net Income Common Stockholders": NaN,
        "Otherunder Preferred Stock Dividend": NaN,
        "Net Income": NaN,
        "Net Income Including Noncontrolling Interests": NaN,
        "Net Income Continuous Operations": NaN,
        "Tax Provision": NaN,
        "Pretax Income": NaN,
        "Other Income Expense": NaN,
        "Other Non Operating Income Expenses": NaN,
        "Special Income Charges": NaN,
        "Gain On Sale Of Ppe": NaN,
        "Gain On Sale Of Business": NaN,
        "Restructuring And Mergern Acquisition": NaN,
        "Net Non Operating Interest Income Expense": NaN,
        "Interest Expense Non Operating": NaN,
        "Operating Income": NaN,
        "Operating Expense": NaN,
        "Selling General And Administration": NaN,
        "General And Administrative Expense": 150200000.0,
        "Other Gand A": 148200000.0,
        "Salaries And Wages": 2000000.0,
        "Gross Profit": NaN,
        "Cost Of Revenue": NaN,
        "Total Revenue": NaN,
        "Operating Revenue": NaN
    },
    "2022-12-31": {
        "Tax Effect Of Unusual Items": NaN,
        "Tax Rate For Calcs": NaN,
        "Normalized EBITDA": NaN,
        "Total Unusual Items": NaN,
        "Total Unusual Items Excluding Goodwill": NaN,
        "Net Income From Continuing Operation Net Minority Interest": NaN,
        "Reconciled Depreciation": NaN,
        "Reconciled Cost Of Revenue": NaN,
        "EBITDA": NaN,
        "EBIT": NaN,
        "Net Interest Income": NaN,
        "Interest Expense": NaN,
        "Normalized Income": NaN,
        "Net Income From Continuing And Discontinued Operation": NaN,
        "Total Expenses": NaN,
        "Total Operating Income As Reported": NaN,
        "Diluted Average Shares": NaN,
        "Basic Average Shares": NaN,
        "Diluted EPS": NaN,
        "Basic EPS": NaN,
        "Diluted NI Availto Com Stockholders": NaN,
        "Net Income Common Stockholders": NaN,
        "Otherunder Preferred Stock Dividend": 1500000.0,
        "Net Income": NaN,
        "Net Income Including Noncontrolling Interests": NaN,
        "Net Income Continuous Operations": NaN,
        "Tax Provision": NaN,
        "Pretax Income": NaN,
        "Other Income Expense": NaN,
        "Other Non Operating Income Expenses": NaN,
        "Special Income Charges": NaN,
        "Gain On Sale Of Ppe": NaN,
        "Gain On Sale Of Business": NaN,
        "Restructuring And Mergern Acquisition": NaN,
        "Net Non Operating Interest Income Expense": NaN,
        "Interest Expense Non Operating": NaN,
        "Operating Income": NaN,
        "Operating Expense": NaN,
        "Selling General And Administration": NaN,
        "General And Administrative Expense": NaN,
        "Other Gand A": NaN,
        "Salaries And Wages": NaN,
        "Gross Profit": NaN,
        "Cost Of Revenue": NaN,
        "Total Revenue": NaN,
        "Operating Revenue": NaN
    },
    "2022-09-30": {
        "Tax Effect Of Unusual Items": NaN,
        "Tax Rate For Calcs": NaN,
        "Normalized EBITDA": NaN,
        "Total Unusual Items": NaN,
        "Total Unusual Items Excluding Goodwill": NaN,
        "Net Income From Continuing Operation Net Minority Interest": NaN,
        "Reconciled Depreciation": NaN,
        "Reconciled Cost Of Revenue": NaN,
        "EBITDA": NaN,
        "EBIT": NaN,
        "Net Interest Income": NaN,
        "Interest Expense": NaN,
        "Normalized Income": NaN,
        "Net Income From Continuing And Discontinued Operation": NaN,
        "Total Expenses": NaN,
        "Total Operating Income As Reported": NaN,
        "Diluted Average Shares": NaN,
        "Basic Average Shares": NaN,
        "Diluted EPS": NaN,
        "Basic EPS": NaN,
        "Diluted NI Availto Com Stockholders": NaN,
        "Net Income Common Stockholders": NaN,
        "Otherunder Preferred Stock Dividend": NaN,
        "Net Income": NaN,
        "Net Income Including Noncontrolling Interests": NaN,
        "Net Income Continuous Operations": NaN,
        "Tax Provision": NaN,
        "Pretax Income": NaN,
        "Other Income Expense": NaN,
        "Other Non Operating Income Expenses": NaN,
        "Special Income Charges": NaN,
        "Gain On Sale Of Ppe": NaN,
        "Gain On Sale Of Business": 200000.0,
        "Restructuring And Mergern Acquisition": NaN,
        "Net Non Operating Interest Income Expense": NaN,
        "Interest Expense Non Operating": NaN,
        "Operating Income": NaN,
        "Operating Expense": NaN,
        "Selling General And Administration": NaN,
        "General And Administrative Expense": NaN,
        "Other Gand A": NaN,
        "Salaries And Wages": NaN,
        "Gross Profit": NaN,
        "Cost Of Revenue": NaN,
        "Total Revenue": NaN,
        "Operating Revenue": NaN
    },
    "2022-06-30": {
        "Tax Effect Of Unusual Items": 0.0,
        "Tax Rate For Calcs": 0.247379,
        "Normalized EBITDA": 419400000.0,
        "Total Unusual Items": -15000000.0,
        "Total Unusual Items Excluding Goodwill": -15000000.0,
        "Net Income From Continuing Operation Net Minority Interest": 301500000.0,
        "Reconciled Depreciation": 114300000.0,
        "Reconciled Cost Of Revenue": 1648500000.0,
        "EBITDA": 419400000.0,
        "EBIT": 419400000.0,
        "Net Interest Income": -18800000.0,
        "Interest Expense": 18800000.0,
        "Normalized Income": 301500000.0,
        "Net Income From Continuing And Discontinued Operation": 301500000.0,
        "Total Expenses": 1805200000.0,
        "Total Operating Income As Reported": 415800000.0,
        "Diluted Average Shares": 93400000.0,
        "Basic Average Shares": 92900000.0,
        "Diluted EPS": 3.2,
        "Basic EPS": 3.22,
        "Diluted NI Availto Com Stockholders": 298900000.0,
        "Average Dilution Earnings": NaN,
        "Net Income Common Stockholders": 298900000.0,
        "Otherunder Preferred Stock Dividend": 2600000.0,
        "Net Income": 301500000.0,
        "Net Income Including Noncontrolling Interests": 301500000.0,
        "Net Income Continuous Operations": 301500000.0,
        "Tax Provision": 99100000.0,
        "Pretax Income": 400600000.0,
        "Other Income Expense": -12700000.0,
        "Other Non Operating Income Expenses": -12700000.0,
        "Special Income Charges": -15000000.0,
        "Gain On Sale Of Ppe": -13800000.0,
        "Restructuring And Mergern Acquisition": 1200000.0,
        "Net Non Operating Interest Income Expense": -18800000.0,
        "Interest Expense Non Operating": 18800000.0,
        "Operating Income": 432100000.0,
        "Operating Expense": 156700000.0,
        "Selling General And Administration": 156700000.0,
        "Gross Profit": 588800000.0,
        "Cost Of Revenue": 1648500000.0,
        "Total Revenue": 2237300000.0,
        "Operating Revenue": 2237300000.0
    },
    "2022-03-31": {
        "Diluted EPS": 2.7,
        "Total Revenue": NaN,
        "Gross Profit": 533,
        "Operating Income": 357,
        "EBIT": 467,
        "Net Income": 252
    },
    "2021-12-31": {
        "Diluted EPS": 2.28,
        "Total Revenue": NaN,
        "Gross Profit": 510,
        "Operating Income": 356,
        "EBIT": 465,
        "Net Income": 210
    },
    "2021-09-30": {
        "Diluted EPS": 2.63,
        "Total Revenue": NaN,
        "Gross Profit": 511,
        "Operating Income": 353,
        "EBIT": 459,
        "Net Income": 251
    },
    "2021-06-30": {
        "Diluted EPS": 2.17,
        "Total Revenue": NaN,
        "Gross Profit": 449,
        "Operating Income": 295,
        "EBIT": 400,
        "Net Income": 207
    },
    "2021-03-31": {
        "Diluted EPS": 1.75,
        "Total Revenue": NaN,
        "Gross Profit": 404,
        "Operating Income": 238,
        "EBIT": 340,
        "Net Income": 167
    },
    "2020-12-31": {
        "Diluted EPS": 1.3,
        "Total Revenue": NaN,
        "Gross Profit": 333,
        "Operating Income": 189,
        "EBIT": 291,
        "Net Income": 121
    },
    "2020-09-30": {
        "Diluted EPS": 1.46,
        "Total Revenue": NaN,
        "Gross Profit": 345,
        "Operating Income": 210,
        "EBIT": 311,
        "Net Income": 138
    },
    "2020-06-30": {
        "Diluted EPS": 0.59,
        "Total Revenue": NaN,
        "Gross Profit": 326,
        "Operating Income": 116,
        "EBIT": 280,
        "Net Income": 57
    },
    "2020-03-31": {
        "Diluted EPS": 1.49,
        "Total Revenue": NaN,
        "Gross Profit": 365,
        "Operating Income": 209,
        "EBIT": 310,
        "Net Income": 142
    },
    "2019-12-31": {
        "Diluted EPS": 1.44,
        "Total Revenue": NaN,
        "Gross Profit": 383,
        "Operating Income": 235,
        "EBIT": 351,
        "Net Income": 131
    },
    "2019-09-30": {
        "Diluted EPS": 1.89,
        "Total Revenue": NaN,
        "Gross Profit": 411,
        "Operating Income": 263,
        "EBIT": 363,
        "Net Income": 180
    },
    "2019-06-30": {
        "Diluted EPS": 2.04,
        "Total Revenue": NaN,
        "Gross Profit": 428,
        "Operating Income": 280,
        "EBIT": 378,
        "Net Income": 194
    },
    "2019-03-31": {
        "Diluted EPS": 1.97,
        "Total Revenue": NaN,
        "Gross Profit": 421,
        "Operating Income": 275,
        "EBIT": 372,
        "Net Income": 187
    },
    "2018-12-31": {
        "Diluted EPS": 2.17,
        "Total Revenue": NaN,
        "Gross Profit": 425,
        "Operating Income": 287,
        "EBIT": 386,
        "Net Income": 201
    },
    "2018-09-30": {
        "Diluted EPS": 2.18,
        "Total Revenue": NaN,
        "Gross Profit": 443,
        "Operating Income": 299,
        "EBIT": 402,
        "Net Income": 207
    },
    "2018-06-30": {
        "Diluted EPS": 1.97,
        "Total Revenue": NaN,
        "Gross Profit": 421,
        "Operating Income": 270,
        "EBIT": 376,
        "Net Income": 185
    },
    "2018-03-31": {
        "Diluted EPS": 1.48,
        "Total Revenue": NaN,
        "Gross Profit": 356,
        "Operating Income": 213,
        "EBIT": 323,
        "Net Income": 139
    },
    "2017-12-31": {
        "Diluted EPS": 2.84,
        "Total Revenue": NaN,
        "Gross Profit": 371,
        "Operating Income": 252,
        "EBIT": 364,
        "Net Income": 267
    },
    "2017-09-30": {
        "Diluted EPS": 1.47,
        "Total Revenue": NaN,
        "Gross Profit": 397,
        "Operating Income": 243,
        "EBIT": 342,
        "Net Income": 138
    },
    "2017-06-30": {
        "Diluted EPS": 1.52,
        "Total Revenue": NaN,
        "Gross Profit": 364,
        "Operating Income": 234,
        "EBIT": 330,
        "Net Income": 142
    },
    "2017-03-31": {
        "Diluted EPS": 1.24,
        "Total Revenue": NaN,
        "Gross Profit": 338,
        "Operating Income": 203,
        "EBIT": 298,
        "Net Income": 116
    },
    "2016-12-31": {
        "Diluted EPS": 1.17,
        "Total Revenue": NaN,
        "Gross Profit": 328,
        "Operating Income": 196,
        "EBIT": 292,
        "Net Income": 110
    },
    "2016-09-30": {
        "Diluted EPS": 1.26,
        "Total Revenue": NaN,
        "Gross Profit": 330,
        "Operating Income": 206,
        "EBIT": 296,
        "Net Income": 118
    },
    "2016-06-30": {
        "Diluted EPS": 1.23,
        "Total Revenue": NaN,
        "Gross Profit": 320,
        "Operating Income": 200,
        "EBIT": 290,
        "Net Income": 115
    },
    "2016-03-31": {
        "Diluted EPS": 1.09,
        "Total Revenue": NaN,
        "Gross Profit": 299,
        "Operating Income": 181,
        "EBIT": 271,
        "Net Income": 103
    },
    "2015-12-31": {
        "Diluted EPS": 1.08,
        "Total Revenue": NaN,
        "Gross Profit": 285,
        "Operating Income": 176,
        "EBIT": 267,
        "Net Income": 103
    },
    "2015-09-30": {
        "Diluted EPS": 1.31,
        "Total Revenue": NaN,
        "Gross Profit": 328,
        "Operating Income": 219,
        "EBIT": 309,
        "Net Income": 126
    },
    "2015-06-30": {
        "Diluted EPS": 1.16,
        "Total Revenue": NaN,
        "Gross Profit": 318,
        "Operating Income": 198,
        "EBIT": 286,
        "Net Income": 113
    },
    "2015-03-31": {
        "Diluted EPS": 0.92,
        "Total Revenue": NaN,
        "Gross Profit": 277,
        "Operating Income": 157,
        "EBIT": 252,
        "Net Income": 90
    },
    "2014-12-31": {
        "Diluted EPS": 1.0,
        "Total Revenue": NaN,
        "Gross Profit": 297,
        "Operating Income": 173,
        "EBIT": 268,
        "Net Income": 97
    },
    "2014-09-30": {
        "Diluted EPS": 1.06,
        "Total Revenue": NaN,
        "Gross Profit": 320,
        "Operating Income": 188,
        "EBIT": 296,
        "Net Income": 103
    },
    "2014-06-30": {
        "Diluted EPS": 1.01,
        "Total Revenue": NaN,
        "Gross Profit": 311,
        "Operating Income": 180,
        "EBIT": 283,
        "Net Income": 98
    },
    "2014-03-31": {
        "Diluted EPS": 0.92,
        "Total Revenue": NaN,
        "Gross Profit": 301,
        "Operating Income": 161,
        "EBIT": 247,
        "Net Income": 89
    },
    "2013-12-31": {
        "Diluted EPS": 2.33,
        "Total Revenue": NaN,
        "Gross Profit": 259,
        "Operating Income": 123,
        "EBIT": 203,
        "Net Income": 228
    },
    "2013-09-30": {
        "Diluted EPS": 0.87,
        "Total Revenue": 845,
        "Gross Profit": 228,
        "Operating Income": 143,
        "EBIT": 191,
        "Net Income": 85
    },
    "2013-06-30": {
        "Diluted EPS": 0.68,
        "Total Revenue": 800,
        "Gross Profit": 195,
        "Operating Income": 110,
        "EBIT": 155,
        "Net Income": 66
    },
    "2013-03-31": {
        "Diluted EPS": 0.64,
        "Total Revenue": 755,
        "Gross Profit": 185,
        "Operating Income": 106,
        "EBIT": 150,
        "Net Income": 62
    },
    "2012-12-31": {
        "Diluted EPS": 0.59,
        "Total Revenue": 737,
        "Gross Profit": 169,
        "Operating Income": 93,
        "EBIT": 137,
        "Net Income": 57
    },
    "2012-09-30": {
        "Diluted EPS": 0.41,
        "Total Revenue": 723,
        "Gross Profit": 163,
        "Operating Income": 92,
        "EBIT": 135,
        "Net Income": 40
    },
    "2012-06-30": {
        "Diluted EPS": 0.46,
        "Total Revenue": 712,
        "Gross Profit": 158,
        "Operating Income": 84,
        "EBIT": 130,
        "Net Income": 45
    },
    "2012-03-31": {
        "Diluted EPS": 0.18,
        "Total Revenue": 671,
        "Gross Profit": 145,
        "Operating Income": 169,
        "EBIT": 211,
        "Net Income": 18
    },
    "2011-12-31": {
        "Diluted EPS": 0.39,
        "Total Revenue": 654,
        "Gross Profit": 134,
        "Operating Income": 68,
        "EBIT": 111,
        "Net Income": 39
    },
    "2011-09-30": {
        "Diluted EPS": 0.42,
        "Total Revenue": 671,
        "Gross Profit": 138,
        "Operating Income": 71,
        "EBIT": 112,
        "Net Income": 42
    },
    "2011-06-30": {
        "Diluted EPS": 0.39,
        "Total Revenue": 665,
        "Gross Profit": 137,
        "Operating Income": 68,
        "EBIT": 108,
        "Net Income": 39
    },
    "2011-03-31": {
        "Diluted EPS": 0.37,
        "Total Revenue": 630,
        "Gross Profit": 133,
        "Operating Income": 66,
        "EBIT": 105,
        "Net Income": 37
    },
    "2010-12-31": {
        "Diluted EPS": 0.53,
        "Total Revenue": 627,
        "Gross Profit": 147,
        "Operating Income": 96,
        "EBIT": 136,
        "Net Income": 55
    },
    "2010-09-30": {
        "Diluted EPS": 0.91,
        "Total Revenue": 643,
        "Gross Profit": 166,
        "Operating Income": -12,
        "EBIT": 26,
        "Net Income": 93
    },
    "2010-06-30": {
        "Diluted EPS": 0.37,
        "Total Revenue": 615,
        "Gross Profit": 132,
        "Operating Income": 68,
        "EBIT": 107,
        "Net Income": 38
    },
    "2010-03-31": {
        "Diluted EPS": 0.19,
        "Total Revenue": 551,
        "Gross Profit": 87,
        "Operating Income": 34,
        "EBIT": 72,
        "Net Income": 19
    },
    "2009-12-31": {
        "Diluted EPS": 0.57,
        "Total Revenue": 532,
        "Gross Profit": 88,
        "Operating Income": 71,
        "EBIT": 110,
        "Net Income": 59
    },
    "2009-09-30": {
        "Diluted EPS": 0.71,
        "Total Revenue": 554,
        "Gross Profit": 111,
        "Operating Income": 96,
        "EBIT": 134,
        "Net Income": 73
    },
    "2009-06-30": {
        "Diluted EPS": 1.07,
        "Total Revenue": 549,
        "Gross Profit": 118,
        "Operating Income": 136,
        "EBIT": 173,
        "Net Income": 109
    },
    "2009-03-31": {
        "Diluted EPS": 0.25,
        "Total Revenue": 512,
        "Gross Profit": 110,
        "Operating Income": 50,
        "EBIT": 86,
        "Net Income": 26
    },
    "2023-09-30": {
        "Tax Effect Of Unusual Items": NaN,
        "Tax Rate For Calcs": NaN,
        "Normalized EBITDA": NaN,
        "Total Unusual Items": NaN,
        "Total Unusual Items Excluding Goodwill": NaN,
        "Net Income From Continuing Operation Net Minority Interest": NaN,
        "Reconciled Depreciation": NaN,
        "Reconciled Cost Of Revenue": NaN,
        "EBITDA": NaN,
        "EBIT": NaN,
        "Net Interest Income": NaN,
        "Interest Expense": NaN,
        "Normalized Income": NaN,
        "Net Income From Continuing And Discontinued Operation": NaN,
        "Total Expenses": NaN,
        "Total Operating Income As Reported": NaN,
        "Diluted Average Shares": NaN,
        "Basic Average Shares": NaN,
        "Diluted EPS": NaN,
        "Basic EPS": NaN,
        "Diluted NI Availto Com Stockholders": NaN,
        "Net Income Common Stockholders": NaN,
        "Otherunder Preferred Stock Dividend": NaN,
        "Net Income": NaN,
        "Net Income Including Noncontrolling Interests": NaN,
        "Net Income Continuous Operations": NaN,
        "Tax Provision": NaN,
        "Pretax Income": NaN,
        "Other Income Expense": NaN,
        "Other Non Operating Income Expenses": NaN,
        "Special Income Charges": NaN,
        "Gain On Sale Of Ppe": NaN,
        "Gain On Sale Of Business": 100000.0,
        "Restructuring And Mergern Acquisition": NaN,
        "Net Non Operating Interest Income Expense": NaN,
        "Interest Expense Non Operating": NaN,
        "Operating Income": NaN,
        "Operating Expense": NaN,
        "Selling General And Administration": NaN,
        "General And Administrative Expense": NaN,
        "Other Gand A": NaN,
        "Salaries And Wages": NaN,
        "Gross Profit": NaN,
        "Cost Of Revenue": NaN,
        "Total Revenue": NaN,
        "Operating Revenue": NaN
    },
    "2023-12-31": {
        "Tax Effect Of Unusual Items": NaN,
        "Tax Rate For Calcs": NaN,
        "Normalized EBITDA": NaN,
        "Total Unusual Items": NaN,
        "Total Unusual Items Excluding Goodwill": NaN,
        "Net Income From Continuing Operation Net Minority Interest": NaN,
        "Reconciled Depreciation": NaN,
        "Reconciled Cost Of Revenue": NaN,
        "EBITDA": NaN,
        "EBIT": NaN,
        "Net Interest Income": NaN,
        "Interest Expense": NaN,
        "Normalized Income": NaN,
        "Net Income From Continuing And Discontinued Operation": NaN,
        "Total Expenses": NaN,
        "Total Operating Income As Reported": NaN,
        "Diluted Average Shares": NaN,
        "Basic Average Shares": NaN,
        "Diluted EPS": NaN,
        "Basic EPS": NaN,
        "Diluted NI Availto Com Stockholders": NaN,
        "Net Income Common Stockholders": NaN,
        "Otherunder Preferred Stock Dividend": NaN,
        "Net Income": NaN,
        "Net Income Including Noncontrolling Interests": NaN,
        "Net Income Continuous Operations": NaN,
        "Tax Provision": NaN,
        "Pretax Income": NaN,
        "Other Income Expense": NaN,
        "Other Non Operating Income Expenses": NaN,
        "Special Income Charges": NaN,
        "Gain On Sale Of Ppe": NaN,
        "Gain On Sale Of Business": -900000.0,
        "Restructuring And Mergern Acquisition": NaN,
        "Net Non Operating Interest Income Expense": NaN,
        "Interest Expense Non Operating": NaN,
        "Operating Income": NaN,
        "Operating Expense": NaN,
        "Selling General And Administration": NaN,
        "General And Administrative Expense": NaN,
        "Other Gand A": NaN,
        "Salaries And Wages": NaN,
        "Gross Profit": NaN,
        "Cost Of Revenue": NaN,
        "Total Revenue": NaN,
        "Operating Revenue": NaN
    },
    "2024-03-31": {
        "Tax Effect Of Unusual Items": -3369600.0,
        "Tax Rate For Calcs": 0.216,
        "Normalized EBITDA": 341100000.0,
        "Total Unusual Items": -15600000.0,
        "Total Unusual Items Excluding Goodwill": -15600000.0,
        "Net Income From Continuing Operation Net Minority Interest": 146900000.0,
        "Reconciled Depreciation": 128400000.0,
        "Reconciled Cost Of Revenue": 1609100000.0,
        "EBITDA": 325500000.0,
        "EBIT": 197100000.0,
        "Net Interest Income": -9600000.0,
        "Interest Expense": 9600000.0,
        "Normalized Income": 159130400.0,
        "Net Income From Continuing And Discontinued Operation": 146900000.0,
        "Total Expenses": 1761000000.0,
        "Total Operating Income As Reported": 196000000.0,
        "Diluted Average Shares": 89400000.0,
        "Basic Average Shares": 89000000.0,
        "Diluted EPS": 1.63,
        "Basic EPS": 1.64,
        "Diluted NI Availto Com Stockholders": 145900000.0,
        "Net Income Common Stockholders": 145900000.0,
        "Otherunder Preferred Stock Dividend": 1000000.0,
        "Net Income": 146900000.0,
        "Net Income Including Noncontrolling Interests": 146900000.0,
        "Net Income Continuous Operations": 146900000.0,
        "Tax Provision": 40600000.0,
        "Pretax Income": 187500000.0,
        "Other Income Expense": -21400000.0,
        "Other Non Operating Income Expenses": -5800000.0,
        "Special Income Charges": -15600000.0,
        "Gain On Sale Of Ppe": -7400000.0,
        "Gain On Sale Of Business": NaN,
        "Restructuring And Mergern Acquisition": 8200000.0,
        "Net Non Operating Interest Income Expense": -9600000.0,
        "Interest Expense Non Operating": 9600000.0,
        "Operating Income": 218500000.0,
        "Operating Expense": 151900000.0,
        "Selling General And Administration": 151900000.0,
        "General And Administrative Expense": 151900000.0,
        "Other Gand A": 151900000.0,
        "Salaries And Wages": -1100000.0,
        "Gross Profit": 370400000.0,
        "Cost Of Revenue": 1609100000.0,
        "Total Revenue": 1979500000.0,
        "Operating Revenue": 1979500000.0
    },
    "2024-06-30": {
        "Tax Effect Of Unusual Items": -1905000.0,
        "Tax Rate For Calcs": 0.254,
        "Normalized EBITDA": 413100000.0,
        "Total Unusual Items": -7500000.0,
        "Total Unusual Items Excluding Goodwill": -7500000.0,
        "Net Income From Continuing Operation Net Minority Interest": 198900000.0,
        "Reconciled Depreciation": 128500000.0,
        "Reconciled Cost Of Revenue": 1637600000.0,
        "EBITDA": 405600000.0,
        "EBIT": 277100000.0,
        "Net Interest Income": -10400000.0,
        "Interest Expense": 10400000.0,
        "Normalized Income": 204495000.0,
        "Net Income From Continuing And Discontinued Operation": 198900000.0,
        "Total Expenses": 1787100000.0,
        "Total Operating Income As Reported": 276000000.0,
        "Diluted Average Shares": 89500000.0,
        "Basic Average Shares": 89100000.0,
        "Diluted EPS": 2.21,
        "Basic EPS": 2.22,
        "Diluted NI Availto Com Stockholders": 197500000.0,
        "Net Income Common Stockholders": 197500000.0,
        "Otherunder Preferred Stock Dividend": 1400000.0,
        "Net Income": 198900000.0,
        "Net Income Including Noncontrolling Interests": 198900000.0,
        "Net Income Continuous Operations": 198900000.0,
        "Tax Provision": 67800000.0,
        "Pretax Income": 266700000.0,
        "Other Income Expense": -11100000.0,
        "Other Non Operating Income Expenses": -3600000.0,
        "Special Income Charges": -7500000.0,
        "Gain On Sale Of Ppe": -8000000.0,
        "Gain On Sale Of Business": NaN,
        "Restructuring And Mergern Acquisition": -500000.0,
        "Net Non Operating Interest Income Expense": -10400000.0,
        "Interest Expense Non Operating": 10400000.0,
        "Operating Income": 288200000.0,
        "Operating Expense": 149500000.0,
        "Selling General And Administration": 149500000.0,
        "General And Administrative Expense": 149500000.0,
        "Other Gand A": 149500000.0,
        "Salaries And Wages": -1100000.0,
        "Gross Profit": 437700000.0,
        "Cost Of Revenue": 1637600000.0,
        "Total Revenue": 2075300000.0,
        "Operating Revenue": 2075300000.0
    },
    "2024-09-30": {
        "Tax Effect Of Unusual Items": -2960100.0,
        "Tax Rate For Calcs": 0.253,
        "Normalized EBITDA": 472700000.0,
        "Total Unusual Items": -11700000.0,
        "Total Unusual Items Excluding Goodwill": -11700000.0,
        "Net Income From Continuing Operation Net Minority Interest": 238100000.0,
        "Reconciled Depreciation": 132700000.0,
        "Reconciled Cost Of Revenue": 1677200000.0,
        "EBITDA": 461000000.0,
        "EBIT": 328300000.0,
        "Net Interest Income": -9700000.0,
        "Interest Expense": 9700000.0,
        "Normalized Income": 246839900.0,
        "Net Income From Continuing And Discontinued Operation": 238100000.0,
        "Total Expenses": 1839200000.0,
        "Total Operating Income As Reported": 327100000.0,
        "Diluted Average Shares": 89500000.0,
        "Basic Average Shares": 89100000.0,
        "Diluted EPS": 2.64,
        "Basic EPS": 2.65,
        "Diluted NI Availto Com Stockholders": 236400000.0,
        "Net Income Common Stockholders": 236400000.0,
        "Otherunder Preferred Stock Dividend": 1700000.0,
        "Net Income": 238100000.0,
        "Net Income Including Noncontrolling Interests": 238100000.0,
        "Net Income Continuous Operations": 238100000.0,
        "Tax Provision": 80500000.0,
        "Pretax Income": 318600000.0,
        "Other Income Expense": -14900000.0,
        "Other Non Operating Income Expenses": -3200000.0,
        "Special Income Charges": -11700000.0,
        "Gain On Sale Of Ppe": -11400000.0,
        "Gain On Sale Of Business": -300000.0,
        "Restructuring And Mergern Acquisition": 0.0,
        "Net Non Operating Interest Income Expense": -9700000.0,
        "Interest Expense Non Operating": 9700000.0,
        "Operating Income": 343200000.0,
        "Operating Expense": 162000000.0,
        "Selling General And Administration": 162000000.0,
        "General And Administrative Expense": NaN,
        "Other Gand A": NaN,
        "Salaries And Wages": NaN,
        "Gross Profit": 505200000.0,
        "Cost Of Revenue": 1677200000.0,
        "Total Revenue": 2182400000.0,
        "Operating Revenue": 2182400000.0
    },
    "2024-12-31": {
        "Tax Effect Of Unusual Items": -3263888.888889,
        "Tax Rate For Calcs": 0.24177,
        "Normalized EBITDA": 452800000.0,
        "Total Unusual Items": -13500000.0,
        "Total Unusual Items Excluding Goodwill": -13500000.0,
        "Net Income From Continuing Operation Net Minority Interest": 221100000.0,
        "Reconciled Depreciation": 136000000.0,
        "Reconciled Cost Of Revenue": 1676400000.0,
        "EBITDA": 439300000.0,
        "EBIT": 303300000.0,
        "Net Interest Income": -11700000.0,
        "Interest Expense": 11700000.0,
        "Normalized Income": 231336111.111111,
        "Net Income From Continuing And Discontinued Operation": 221100000.0,
        "Total Expenses": 1823400000.0,
        "Total Operating Income As Reported": 302200000.0,
        "Diluted Average Shares": 89878049.0,
        "Basic Average Shares": 89878049.0,
        "Diluted EPS": 2.45,
        "Basic EPS": 2.46,
        "Diluted NI Availto Com Stockholders": 219600000.0,
        "Net Income Common Stockholders": 219600000.0,
        "Otherunder Preferred Stock Dividend": 1500000.0,
        "Net Income": 221100000.0,
        "Net Income Including Noncontrolling Interests": 221100000.0,
        "Net Income Continuous Operations": 221100000.0,
        "Tax Provision": 70500000.0,
        "Pretax Income": 291600000.0,
        "Other Income Expense": -19400000.0,
        "Other Non Operating Income Expenses": -5900000.0,
        "Special Income Charges": -13500000.0,
        "Gain On Sale Of Ppe": -12800000.0,
        "Gain On Sale Of Business": -700000.0,
        "Restructuring And Mergern Acquisition": 0.0,
        "Net Non Operating Interest Income Expense": -11700000.0,
        "Interest Expense Non Operating": 11700000.0,
        "Operating Income": 322700000.0,
        "Operating Expense": 147000000.0,
        "Selling General And Administration": 147000000.0,
        "General And Administrative Expense": NaN,
        "Other Gand A": NaN,
        "Salaries And Wages": NaN,
        "Gross Profit": 469700000.0,
        "Cost Of Revenue": 1676400000.0,
        "Total Revenue": 2146100000.0,
        "Operating Revenue": 2146100000.0
    },
    "2025-03-31": {
        "Tax Effect Of Unusual Items": -2499000.0,
        "Tax Rate For Calcs": 0.238,
        "Normalized EBITDA": 428800000.0,
        "Total Unusual Items": -10500000.0,
        "Total Unusual Items Excluding Goodwill": -10500000.0,
        "Net Income From Continuing Operation Net Minority Interest": 203800000.0,
        "Reconciled Depreciation": 138000000.0,
        "Reconciled Cost Of Revenue": 1686300000.0,
        "EBITDA": 418300000.0,
        "EBIT": 280300000.0,
        "Net Interest Income": -12900000.0,
        "Interest Expense": 12900000.0,
        "Normalized Income": 211801000.0,
        "Net Income From Continuing And Discontinued Operation": 203800000.0,
        "Total Expenses": 1847700000.0,
        "Total Operating Income As Reported": 280300000.0,
        "Diluted Average Shares": 89600000.0,
        "Basic Average Shares": 89200000.0,
        "Diluted EPS": 2.26,
        "Basic EPS": 2.27,
        "Diluted NI Availto Com Stockholders": 202400000.0,
        "Net Income Common Stockholders": 202400000.0,
        "Otherunder Preferred Stock Dividend": 1400000.0,
        "Net Income": 203800000.0,
        "Net Income Including Noncontrolling Interests": 203800000.0,
        "Net Income Continuous Operations": 203800000.0,
        "Tax Provision": 63600000.0,
        "Pretax Income": 267400000.0,
        "Other Income Expense": -13000000.0,
        "Other Non Operating Income Expenses": -2500000.0,
        "Special Income Charges": -10500000.0,
        "Gain On Sale Of Ppe": -8200000.0,
        "Gain On Sale Of Business": NaN,
        "Restructuring And Mergern Acquisition": 2300000.0,
        "Net Non Operating Interest Income Expense": -12900000.0,
        "Interest Expense Non Operating": 12900000.0,
        "Operating Income": 293300000.0,
        "Operating Expense": 161400000.0,
        "Selling General And Administration": 161400000.0,
        "General And Administrative Expense": 161400000.0,
        "Other Gand A": 161400000.0,
        "Salaries And Wages": NaN,
        "Gross Profit": 454700000.0,
        "Cost Of Revenue": 1686300000.0,
        "Total Revenue": 2141000000.0,
        "Operating Revenue": 2141000000.0
    }
}