{
    "2023-03-31": {
        "Tax Effect Of Unusual Items": NaN,
        "Tax Rate For Calcs": NaN,
        "Normalized EBITDA": NaN,
        "Total Unusual Items": NaN,
        "Total Unusual Items Excluding Goodwill": NaN,
        "Net Income From Continuing Operation Net Minority Interest": NaN,
        "Reconciled Depreciation": NaN,
        "Reconciled Cost Of Revenue": NaN,
        "EBITDA": NaN,
        "EBIT": NaN,
        "Net Interest Income": NaN,
        "Interest Expense": NaN,
        "Normalized Income": NaN,
        "Net Income From Continuing And Discontinued Operation": NaN,
        "Total Expenses": NaN,
        "Total Operating Income As Reported": NaN,
        "Diluted Average Shares": NaN,
        "Basic Average Shares": NaN,
        "Diluted EPS": NaN,
        "Basic EPS": NaN,
        "Diluted NI Availto Com Stockholders": NaN,
        "Net Income Common Stockholders": NaN,
        "Net Income": NaN,
        "Minority Interests": NaN,
        "Net Income Including Noncontrolling Interests": NaN,
        "Net Income Discontinuous Operations": NaN,
        "Net Income Continuous Operations": NaN,
        "Tax Provision": NaN,
        "Pretax Income": NaN,
        "Other Income Expense": NaN,
        "Other Non Operating Income Expenses": NaN,
        "Special Income Charges": NaN,
        "Gain On Sale Of Ppe": NaN,
        "Restructuring And Mergern Acquisition": NaN,
        "Net Non Operating Interest Income Expense": NaN,
        "Interest Expense Non Operating": NaN,
        "Operating Income": NaN,
        "Operating Expense": NaN,
        "Selling General And Administration": NaN,
        "General And Administrative Expense": NaN,
        "Other Gand A": NaN,
        "Salaries And Wages": -700000.0,
        "Gross Profit": NaN,
        "Cost Of Revenue": NaN,
        "Total Revenue": NaN,
        "Operating Revenue": NaN
    },
    "2022-12-31": {
        "Tax Effect Of Unusual Items": NaN,
        "Tax Rate For Calcs": NaN,
        "Normalized EBITDA": NaN,
        "Total Unusual Items": NaN,
        "Total Unusual Items Excluding Goodwill": NaN,
        "Net Income From Continuing Operation Net Minority Interest": NaN,
        "Reconciled Depreciation": NaN,
        "Reconciled Cost Of Revenue": NaN,
        "EBITDA": NaN,
        "EBIT": NaN,
        "Net Interest Income": NaN,
        "Interest Expense": NaN,
        "Normalized Income": NaN,
        "Net Income From Continuing And Discontinued Operation": NaN,
        "Total Expenses": NaN,
        "Total Operating Income As Reported": NaN,
        "Diluted Average Shares": 12100000.0,
        "Basic Average Shares": 12100000.0,
        "Diluted EPS": -1.98,
        "Basic EPS": -1.98,
        "Diluted NI Availto Com Stockholders": NaN,
        "Net Income Common Stockholders": NaN,
        "Net Income": NaN,
        "Minority Interests": NaN,
        "Net Income Including Noncontrolling Interests": NaN,
        "Net Income Discontinuous Operations": NaN,
        "Net Income Continuous Operations": NaN,
        "Tax Provision": NaN,
        "Pretax Income": NaN,
        "Other Income Expense": NaN,
        "Other Non Operating Income Expenses": 2800000.0,
        "Special Income Charges": NaN,
        "Gain On Sale Of Ppe": NaN,
        "Restructuring And Mergern Acquisition": NaN,
        "Net Non Operating Interest Income Expense": NaN,
        "Interest Expense Non Operating": NaN,
        "Operating Income": NaN,
        "Operating Expense": NaN,
        "Selling General And Administration": NaN,
        "General And Administrative Expense": NaN,
        "Other Gand A": NaN,
        "Salaries And Wages": NaN,
        "Gross Profit": NaN,
        "Cost Of Revenue": NaN,
        "Total Revenue": NaN,
        "Operating Revenue": NaN
    },
    "2022-09-30": {
        "Tax Effect Of Unusual Items": 0.0,
        "Tax Rate For Calcs": 0.4,
        "Normalized EBITDA": 19000000.0,
        "Total Unusual Items": 0.0,
        "Total Unusual Items Excluding Goodwill": 0.0,
        "Net Income From Continuing Operation Net Minority Interest": 2700000.0,
        "Reconciled Depreciation": 9300000.0,
        "Reconciled Cost Of Revenue": 385400000.0,
        "EBITDA": 19000000.0,
        "EBIT": 9700000.0,
        "Net Interest Income": -9600000.0,
        "Interest Expense": 9600000.0,
        "Normalized Income": 2700000.0,
        "Net Income From Continuing And Discontinued Operation": 2700000.0,
        "Total Expenses": 428800000.0,
        "Total Operating Income As Reported": 7000000.0,
        "Diluted Average Shares": 12200000.0,
        "Basic Average Shares": 12100000.0,
        "Diluted EPS": 0.22,
        "Basic EPS": 0.22,
        "Diluted NI Availto Com Stockholders": 2700000.0,
        "Net Income Common Stockholders": 2700000.0,
        "Net Income": 2700000.0,
        "Minority Interests": -400000.0,
        "Net Income Including Noncontrolling Interests": 3100000.0,
        "Net Income Discontinuous Operations": NaN,
        "Net Income Continuous Operations": 3100000.0,
        "Tax Provision": -3000000.0,
        "Pretax Income": 100000.0,
        "Other Income Expense": 2700000.0,
        "Other Non Operating Income Expenses": 2700000.0,
        "Special Income Charges": 0.0,
        "Gain On Sale Of Ppe": 0.0,
        "Restructuring And Mergern Acquisition": NaN,
        "Net Non Operating Interest Income Expense": -9600000.0,
        "Interest Expense Non Operating": 9600000.0,
        "Operating Income": 7000000.0,
        "Operating Expense": 43400000.0,
        "Selling General And Administration": 43400000.0,
        "Gross Profit": 50400000.0,
        "Cost Of Revenue": 385400000.0,
        "Total Revenue": 435800000.0,
        "Operating Revenue": 435800000.0
    },
    "2022-06-30": {
        "Tax Effect Of Unusual Items": 922727.272727,
        "Tax Rate For Calcs": 0.318182,
        "Normalized EBITDA": 7600000.0,
        "Total Unusual Items": 2900000.0,
        "Total Unusual Items Excluding Goodwill": 2900000.0,
        "Net Income From Continuing Operation Net Minority Interest": 1000000.0,
        "Reconciled Depreciation": 9200000.0,
        "Reconciled Cost Of Revenue": 378800000.0,
        "EBITDA": 10500000.0,
        "EBIT": 10500000.0,
        "Net Interest Income": -8300000.0,
        "Interest Expense": 8300000.0,
        "Normalized Income": -977272.727273,
        "Net Income From Continuing And Discontinued Operation": 1000000.0,
        "Total Expenses": 423800000.0,
        "Total Operating Income As Reported": 7700000.0,
        "Diluted Average Shares": 12200000.0,
        "Basic Average Shares": 12100000.0,
        "Diluted EPS": 0.08,
        "Basic EPS": 0.08,
        "Diluted NI Availto Com Stockholders": 1000000.0,
        "Net Income Common Stockholders": 1000000.0,
        "Net Income": 1000000.0,
        "Minority Interests": -500000.0,
        "Net Income Including Noncontrolling Interests": 1500000.0,
        "Net Income Discontinuous Operations": NaN,
        "Net Income Continuous Operations": 1500000.0,
        "Tax Provision": 700000.0,
        "Pretax Income": 2200000.0,
        "Other Income Expense": 5700000.0,
        "Other Non Operating Income Expenses": 2800000.0,
        "Special Income Charges": 2900000.0,
        "Gain On Sale Of Ppe": 2900000.0,
        "Restructuring And Mergern Acquisition": NaN,
        "Net Non Operating Interest Income Expense": -8300000.0,
        "Interest Expense Non Operating": 8300000.0,
        "Operating Income": 4800000.0,
        "Operating Expense": 45000000.0,
        "Selling General And Administration": 45000000.0,
        "Gross Profit": 49800000.0,
        "Cost Of Revenue": 378800000.0,
        "Total Revenue": 428600000.0,
        "Operating Revenue": 428600000.0
    },
    "2022-03-31": {
        "Diluted EPS": 0.5,
        "Total Revenue": 358,
        "Gross Profit": 49,
        "Operating Income": 5,
        "EBIT": 13,
        "Net Income": 6
    },
    "2021-12-31": {
        "Diluted EPS": -1.43,
        "Total Revenue": 209,
        "Gross Profit": 46,
        "Operating Income": 12,
        "EBIT": 14,
        "Net Income": -18
    },
    "2021-09-30": {
        "Diluted EPS": -0.6,
        "Total Revenue": 359,
        "Gross Profit": 40,
        "Operating Income": -5,
        "EBIT": 5,
        "Net Income": -7
    },
    "2021-06-30": {
        "Diluted EPS": -0.44,
        "Total Revenue": 350,
        "Gross Profit": 40,
        "Operating Income": -3,
        "EBIT": 7,
        "Net Income": -5
    },
    "2021-03-31": {
        "Diluted EPS": 0.45,
        "Total Revenue": 360,
        "Gross Profit": 52,
        "Operating Income": 12,
        "EBIT": 22,
        "Net Income": 6
    },
    "2020-12-31": {
        "Diluted EPS": 0.47,
        "Total Revenue": 217,
        "Gross Profit": 48,
        "Operating Income": 15,
        "EBIT": 17,
        "Net Income": 6
    },
    "2020-09-30": {
        "Diluted EPS": 0.44,
        "Total Revenue": 340,
        "Gross Profit": 50,
        "Operating Income": 11,
        "EBIT": 20,
        "Net Income": 5
    },
    "2020-06-30": {
        "Diluted EPS": -1.38,
        "Total Revenue": 228,
        "Gross Profit": 14,
        "Operating Income": -21,
        "EBIT": -12,
        "Net Income": -17
    },
    "2020-03-31": {
        "Diluted EPS": 0.1,
        "Total Revenue": 366,
        "Gross Profit": 54,
        "Operating Income": 13,
        "EBIT": 22,
        "Net Income": 1
    },
    "2019-12-31": {
        "Diluted EPS": 0.62,
        "Total Revenue": 380,
        "Gross Profit": 62,
        "Operating Income": 18,
        "EBIT": 26,
        "Net Income": 8
    },
    "2019-09-30": {
        "Diluted EPS": 0.99,
        "Total Revenue": 403,
        "Gross Profit": 67,
        "Operating Income": 24,
        "EBIT": 32,
        "Net Income": 12
    },
    "2019-06-30": {
        "Diluted EPS": 0.61,
        "Total Revenue": 415,
        "Gross Profit": 66,
        "Operating Income": 19,
        "EBIT": 28,
        "Net Income": 8
    },
    "2019-03-31": {
        "Diluted EPS": 0.9,
        "Total Revenue": 420,
        "Gross Profit": 65,
        "Operating Income": 23,
        "EBIT": 32,
        "Net Income": 11
    },
    "2018-12-31": {
        "Diluted EPS": 1.18,
        "Total Revenue": 406,
        "Gross Profit": 67,
        "Operating Income": 23,
        "EBIT": 32,
        "Net Income": 15
    },
    "2018-09-30": {
        "Diluted EPS": 1.14,
        "Total Revenue": 414,
        "Gross Profit": 66,
        "Operating Income": 25,
        "EBIT": 34,
        "Net Income": 14
    },
    "2018-06-30": {
        "Diluted EPS": 1.18,
        "Total Revenue": 432,
        "Gross Profit": 73,
        "Operating Income": 27,
        "EBIT": 36,
        "Net Income": 15
    },
    "2018-03-31": {
        "Diluted EPS": 0.78,
        "Total Revenue": 406,
        "Gross Profit": 65,
        "Operating Income": 22,
        "EBIT": 31,
        "Net Income": 10
    },
    "2017-12-31": {
        "Diluted EPS": 0.47,
        "Total Revenue": 366,
        "Gross Profit": 61,
        "Operating Income": 22,
        "EBIT": 30,
        "Net Income": 6
    },
    "2017-09-30": {
        "Diluted EPS": 0.8,
        "Total Revenue": 352,
        "Gross Profit": 57,
        "Operating Income": 19,
        "EBIT": 27,
        "Net Income": 10
    },
    "2017-06-30": {
        "Diluted EPS": 0.24,
        "Total Revenue": 351,
        "Gross Profit": 60,
        "Operating Income": 23,
        "EBIT": 31,
        "Net Income": 3
    },
    "2017-03-31": {
        "Diluted EPS": 0.79,
        "Total Revenue": 344,
        "Gross Profit": 55,
        "Operating Income": 21,
        "EBIT": 28,
        "Net Income": 10
    },
    "2016-12-31": {
        "Diluted EPS": 0.53,
        "Total Revenue": 307,
        "Gross Profit": 45,
        "Operating Income": 11,
        "EBIT": 18,
        "Net Income": 7
    },
    "2016-09-30": {
        "Diluted EPS": 1.1,
        "Total Revenue": 313,
        "Gross Profit": 54,
        "Operating Income": 21,
        "EBIT": 28,
        "Net Income": 14
    },
    "2016-06-30": {
        "Diluted EPS": 0.73,
        "Total Revenue": 329,
        "Gross Profit": 54,
        "Operating Income": 20,
        "EBIT": 28,
        "Net Income": 9
    },
    "2016-03-31": {
        "Diluted EPS": 0.22,
        "Total Revenue": 328,
        "Gross Profit": 48,
        "Operating Income": 11,
        "EBIT": 19,
        "Net Income": 3
    },
    "2015-12-31": {
        "Diluted EPS": 0.95,
        "Total Revenue": 347,
        "Gross Profit": 54,
        "Operating Income": 21,
        "EBIT": 28,
        "Net Income": 12
    },
    "2015-09-30": {
        "Diluted EPS": 1.06,
        "Total Revenue": 364,
        "Gross Profit": 62,
        "Operating Income": 27,
        "EBIT": 35,
        "Net Income": 13
    },
    "2015-06-30": {
        "Diluted EPS": 1.0,
        "Total Revenue": 377,
        "Gross Profit": 60,
        "Operating Income": 26,
        "EBIT": 33,
        "Net Income": 12
    },
    "2015-03-31": {
        "Diluted EPS": 0.87,
        "Total Revenue": 375,
        "Gross Profit": 58,
        "Operating Income": 24,
        "EBIT": 31,
        "Net Income": 11
    },
    "2014-12-31": {
        "Diluted EPS": 0.86,
        "Total Revenue": 373,
        "Gross Profit": 57,
        "Operating Income": 23,
        "EBIT": 30,
        "Net Income": 11
    },
    "2014-09-30": {
        "Diluted EPS": 1.0,
        "Total Revenue": 345,
        "Gross Profit": 61,
        "Operating Income": 26,
        "EBIT": 32,
        "Net Income": 12
    },
    "2014-06-30": {
        "Diluted EPS": 1.0,
        "Total Revenue": 343,
        "Gross Profit": 61,
        "Operating Income": 26,
        "EBIT": 31,
        "Net Income": 12
    },
    "2014-03-31": {
        "Diluted EPS": 0.82,
        "Total Revenue": 318,
        "Gross Profit": 56,
        "Operating Income": 22,
        "EBIT": 28,
        "Net Income": 10
    },
    "2013-12-31": {
        "Diluted EPS": 0.74,
        "Total Revenue": 309,
        "Gross Profit": 47,
        "Operating Income": 19,
        "EBIT": 25,
        "Net Income": 9
    },
    "2013-09-30": {
        "Diluted EPS": 0.99,
        "Total Revenue": 304,
        "Gross Profit": 55,
        "Operating Income": 18,
        "EBIT": 22,
        "Net Income": 12
    },
    "2013-06-30": {
        "Diluted EPS": 0.98,
        "Total Revenue": 307,
        "Gross Profit": 58,
        "Operating Income": 25,
        "EBIT": 30,
        "Net Income": 12
    },
    "2013-03-31": {
        "Diluted EPS": 0.85,
        "Total Revenue": 283,
        "Gross Profit": 52,
        "Operating Income": 23,
        "EBIT": 28,
        "Net Income": 10
    },
    "2012-12-31": {
        "Diluted EPS": 0.63,
        "Total Revenue": 271,
        "Gross Profit": 48,
        "Operating Income": 23,
        "EBIT": 28,
        "Net Income": 8
    },
    "2012-09-30": {
        "Diluted EPS": 0.88,
        "Total Revenue": 285,
        "Gross Profit": 54,
        "Operating Income": 24,
        "EBIT": 29,
        "Net Income": 11
    },
    "2012-06-30": {
        "Diluted EPS": 0.37,
        "Total Revenue": 309,
        "Gross Profit": 56,
        "Operating Income": 13,
        "EBIT": 18,
        "Net Income": 4
    },
    "2012-03-31": {
        "Diluted EPS": 0.74,
        "Total Revenue": 263,
        "Gross Profit": 49,
        "Operating Income": 20,
        "EBIT": 24,
        "Net Income": 9
    },
    "2011-12-31": {
        "Diluted EPS": 1.58,
        "Total Revenue": 229,
        "Gross Profit": 39,
        "Operating Income": 17,
        "EBIT": 22,
        "Net Income": 19
    },
    "2011-09-30": {
        "Diluted EPS": 0.24,
        "Total Revenue": 244,
        "Gross Profit": 42,
        "Operating Income": 10,
        "EBIT": 14,
        "Net Income": 3
    },
    "2011-06-30": {
        "Diluted EPS": -0.1,
        "Total Revenue": 247,
        "Gross Profit": 45,
        "Operating Income": 16,
        "EBIT": 21,
        "Net Income": -1
    },
    "2011-03-31": {
        "Diluted EPS": 0.73,
        "Total Revenue": 242,
        "Gross Profit": 42,
        "Operating Income": 16,
        "EBIT": 20,
        "Net Income": 9
    },
    "2010-12-31": {
        "Diluted EPS": 0.3,
        "Total Revenue": 221,
        "Gross Profit": 36,
        "Operating Income": 8,
        "EBIT": 13,
        "Net Income": 4
    },
    "2010-09-30": {
        "Diluted EPS": 0.52,
        "Total Revenue": 203,
        "Gross Profit": 35,
        "Operating Income": 12,
        "EBIT": 15,
        "Net Income": 6
    },
    "2010-06-30": {
        "Diluted EPS": 0.29,
        "Total Revenue": 198,
        "Gross Profit": 33,
        "Operating Income": 11,
        "EBIT": 15,
        "Net Income": 3
    },
    "2010-03-31": {
        "Diluted EPS": 0.18,
        "Total Revenue": 192,
        "Gross Profit": 29,
        "Operating Income": 8,
        "EBIT": 13,
        "Net Income": 2
    },
    "2009-12-31": {
        "Diluted EPS": 0.03,
        "Total Revenue": 188,
        "Gross Profit": 28,
        "Operating Income": 3,
        "EBIT": 8,
        "Net Income": 0
    },
    "2009-09-30": {
        "Diluted EPS": -0.29,
        "Total Revenue": 169,
        "Gross Profit": 23,
        "Operating Income": 3,
        "EBIT": 7,
        "Net Income": -3
    },
    "2009-06-30": {
        "Diluted EPS": 0.29,
        "Total Revenue": 163,
        "Gross Profit": 29,
        "Operating Income": 10,
        "EBIT": 15,
        "Net Income": 3
    },
    "2009-03-31": {
        "Diluted EPS": -0.5,
        "Total Revenue": 181,
        "Gross Profit": 24,
        "Operating Income": 1,
        "EBIT": 6,
        "Net Income": -5
    },
    "2023-06-30": {
        "Tax Effect Of Unusual Items": NaN,
        "Tax Rate For Calcs": NaN,
        "Normalized EBITDA": NaN,
        "Total Unusual Items": NaN,
        "Total Unusual Items Excluding Goodwill": NaN,
        "Net Income From Continuing Operation Net Minority Interest": NaN,
        "Reconciled Depreciation": NaN,
        "Reconciled Cost Of Revenue": NaN,
        "EBITDA": NaN,
        "EBIT": NaN,
        "Net Interest Income": NaN,
        "Interest Expense": NaN,
        "Normalized Income": NaN,
        "Net Income From Continuing And Discontinued Operation": NaN,
        "Total Expenses": NaN,
        "Total Operating Income As Reported": NaN,
        "Diluted Average Shares": NaN,
        "Basic Average Shares": NaN,
        "Diluted EPS": NaN,
        "Basic EPS": NaN,
        "Diluted NI Availto Com Stockholders": NaN,
        "Net Income Common Stockholders": NaN,
        "Net Income": NaN,
        "Minority Interests": NaN,
        "Net Income Including Noncontrolling Interests": NaN,
        "Net Income Discontinuous Operations": NaN,
        "Net Income Continuous Operations": NaN,
        "Tax Provision": NaN,
        "Pretax Income": NaN,
        "Other Income Expense": NaN,
        "Other Non Operating Income Expenses": NaN,
        "Special Income Charges": NaN,
        "Gain On Sale Of Ppe": NaN,
        "Restructuring And Mergern Acquisition": NaN,
        "Net Non Operating Interest Income Expense": NaN,
        "Interest Expense Non Operating": NaN,
        "Operating Income": NaN,
        "Operating Expense": NaN,
        "Selling General And Administration": NaN,
        "General And Administrative Expense": NaN,
        "Other Gand A": NaN,
        "Salaries And Wages": -600000.0,
        "Gross Profit": NaN,
        "Cost Of Revenue": NaN,
        "Total Revenue": NaN,
        "Operating Revenue": NaN
    },
    "2023-09-30": {
        "Tax Effect Of Unusual Items": NaN,
        "Tax Rate For Calcs": NaN,
        "Normalized EBITDA": NaN,
        "Total Unusual Items": NaN,
        "Total Unusual Items Excluding Goodwill": NaN,
        "Net Income From Continuing Operation Net Minority Interest": NaN,
        "Reconciled Depreciation": NaN,
        "Reconciled Cost Of Revenue": NaN,
        "EBITDA": NaN,
        "EBIT": NaN,
        "Net Interest Income": NaN,
        "Interest Expense": NaN,
        "Normalized Income": NaN,
        "Net Income From Continuing And Discontinued Operation": NaN,
        "Total Expenses": NaN,
        "Total Operating Income As Reported": NaN,
        "Diluted Average Shares": NaN,
        "Basic Average Shares": NaN,
        "Diluted EPS": NaN,
        "Basic EPS": NaN,
        "Diluted NI Availto Com Stockholders": NaN,
        "Net Income Common Stockholders": NaN,
        "Net Income": NaN,
        "Minority Interests": NaN,
        "Net Income Including Noncontrolling Interests": NaN,
        "Net Income Discontinuous Operations": NaN,
        "Net Income Continuous Operations": NaN,
        "Tax Provision": NaN,
        "Pretax Income": NaN,
        "Other Income Expense": NaN,
        "Other Non Operating Income Expenses": NaN,
        "Special Income Charges": NaN,
        "Gain On Sale Of Ppe": NaN,
        "Restructuring And Mergern Acquisition": NaN,
        "Net Non Operating Interest Income Expense": NaN,
        "Interest Expense Non Operating": NaN,
        "Operating Income": NaN,
        "Operating Expense": NaN,
        "Selling General And Administration": NaN,
        "General And Administrative Expense": 43000000.0,
        "Other Gand A": 43000000.0,
        "Salaries And Wages": -600000.0,
        "Gross Profit": NaN,
        "Cost Of Revenue": NaN,
        "Total Revenue": NaN,
        "Operating Revenue": NaN
    },
    "2023-12-31": {
        "Tax Effect Of Unusual Items": NaN,
        "Tax Rate For Calcs": NaN,
        "Normalized EBITDA": NaN,
        "Total Unusual Items": NaN,
        "Total Unusual Items Excluding Goodwill": NaN,
        "Net Income From Continuing Operation Net Minority Interest": NaN,
        "Reconciled Depreciation": NaN,
        "Reconciled Cost Of Revenue": NaN,
        "EBITDA": NaN,
        "EBIT": NaN,
        "Net Interest Income": NaN,
        "Interest Expense": NaN,
        "Normalized Income": NaN,
        "Net Income From Continuing And Discontinued Operation": NaN,
        "Total Expenses": NaN,
        "Total Operating Income As Reported": NaN,
        "Diluted Average Shares": NaN,
        "Basic Average Shares": NaN,
        "Diluted EPS": NaN,
        "Basic EPS": NaN,
        "Diluted NI Availto Com Stockholders": NaN,
        "Net Income Common Stockholders": NaN,
        "Net Income": NaN,
        "Minority Interests": NaN,
        "Net Income Including Noncontrolling Interests": NaN,
        "Net Income Discontinuous Operations": NaN,
        "Net Income Continuous Operations": NaN,
        "Tax Provision": NaN,
        "Pretax Income": NaN,
        "Other Income Expense": NaN,
        "Other Non Operating Income Expenses": NaN,
        "Special Income Charges": NaN,
        "Gain On Sale Of Ppe": 0.0,
        "Restructuring And Mergern Acquisition": NaN,
        "Net Non Operating Interest Income Expense": NaN,
        "Interest Expense Non Operating": NaN,
        "Operating Income": NaN,
        "Operating Expense": NaN,
        "Selling General And Administration": NaN,
        "General And Administrative Expense": 46400000.0,
        "Other Gand A": 46400000.0,
        "Salaries And Wages": -600000.0,
        "Gross Profit": NaN,
        "Cost Of Revenue": NaN,
        "Total Revenue": NaN,
        "Operating Revenue": NaN
    },
    "2024-03-31": {
        "Tax Effect Of Unusual Items": NaN,
        "Tax Rate For Calcs": NaN,
        "Normalized EBITDA": NaN,
        "Total Unusual Items": NaN,
        "Total Unusual Items Excluding Goodwill": NaN,
        "Net Income From Continuing Operation Net Minority Interest": NaN,
        "Reconciled Depreciation": NaN,
        "Reconciled Cost Of Revenue": NaN,
        "EBITDA": NaN,
        "EBIT": NaN,
        "Net Interest Income": NaN,
        "Interest Expense": NaN,
        "Normalized Income": NaN,
        "Net Income From Continuing And Discontinued Operation": NaN,
        "Total Expenses": NaN,
        "Total Operating Income As Reported": NaN,
        "Diluted Average Shares": NaN,
        "Basic Average Shares": NaN,
        "Diluted EPS": NaN,
        "Basic EPS": NaN,
        "Diluted NI Availto Com Stockholders": NaN,
        "Net Income Common Stockholders": NaN,
        "Net Income": NaN,
        "Minority Interests": NaN,
        "Net Income Including Noncontrolling Interests": NaN,
        "Net Income Discontinuous Operations": NaN,
        "Net Income Continuous Operations": NaN,
        "Tax Provision": NaN,
        "Pretax Income": NaN,
        "Other Income Expense": NaN,
        "Other Non Operating Income Expenses": NaN,
        "Special Income Charges": NaN,
        "Gain On Sale Of Ppe": 0.0,
        "Other Special Charges": NaN,
        "Restructuring And Mergern Acquisition": NaN,
        "Net Non Operating Interest Income Expense": NaN,
        "Interest Expense Non Operating": NaN,
        "Operating Income": NaN,
        "Operating Expense": NaN,
        "Selling General And Administration": NaN,
        "General And Administrative Expense": 47100000.0,
        "Other Gand A": 47100000.0,
        "Salaries And Wages": -1300000.0,
        "Gross Profit": NaN,
        "Cost Of Revenue": NaN,
        "Total Revenue": NaN,
        "Operating Revenue": NaN
    },
    "2024-06-30": {
        "Tax Effect Of Unusual Items": NaN,
        "Tax Rate For Calcs": NaN,
        "Normalized EBITDA": NaN,
        "Total Unusual Items": NaN,
        "Total Unusual Items Excluding Goodwill": NaN,
        "Net Income From Continuing Operation Net Minority Interest": NaN,
        "Reconciled Depreciation": NaN,
        "Reconciled Cost Of Revenue": NaN,
        "EBITDA": NaN,
        "EBIT": NaN,
        "Net Interest Income": NaN,
        "Interest Expense": NaN,
        "Normalized Income": NaN,
        "Net Income From Continuing And Discontinued Operation": NaN,
        "Total Expenses": NaN,
        "Total Operating Income As Reported": NaN,
        "Diluted Average Shares": NaN,
        "Basic Average Shares": NaN,
        "Diluted EPS": NaN,
        "Basic EPS": NaN,
        "Diluted NI Availto Com Stockholders": NaN,
        "Net Income Common Stockholders": NaN,
        "Net Income": NaN,
        "Minority Interests": NaN,
        "Net Income Including Noncontrolling Interests": NaN,
        "Net Income Discontinuous Operations": NaN,
        "Net Income Continuous Operations": NaN,
        "Tax Provision": NaN,
        "Pretax Income": NaN,
        "Other Income Expense": NaN,
        "Other Non Operating Income Expenses": NaN,
        "Special Income Charges": NaN,
        "Gain On Sale Of Ppe": 0.0,
        "Other Special Charges": NaN,
        "Restructuring And Mergern Acquisition": NaN,
        "Net Non Operating Interest Income Expense": NaN,
        "Interest Expense Non Operating": NaN,
        "Operating Income": NaN,
        "Operating Expense": NaN,
        "Selling General And Administration": NaN,
        "General And Administrative Expense": 47400000.0,
        "Other Gand A": 47400000.0,
        "Gross Profit": NaN,
        "Cost Of Revenue": NaN,
        "Total Revenue": NaN,
        "Operating Revenue": NaN
    },
    "2024-09-30": {
        "Tax Effect Of Unusual Items": -189000.0,
        "Tax Rate For Calcs": 0.21,
        "Normalized EBITDA": 34100000.0,
        "Total Unusual Items": -900000.0,
        "Total Unusual Items Excluding Goodwill": -900000.0,
        "Net Income From Continuing Operation Net Minority Interest": 13700000.0,
        "Reconciled Depreciation": 8500000.0,
        "Reconciled Cost Of Revenue": 345300000.0,
        "EBITDA": 33200000.0,
        "EBIT": 24700000.0,
        "Net Interest Income": -12100000.0,
        "Interest Expense": 12100000.0,
        "Normalized Income": 14411000.0,
        "Net Income From Continuing And Discontinued Operation": 9800000.0,
        "Total Expenses": 393100000.0,
        "Total Operating Income As Reported": 23600000.0,
        "Diluted Average Shares": 13400000.0,
        "Basic Average Shares": 13100000.0,
        "Diluted EPS": 0.73,
        "Basic EPS": 0.75,
        "Diluted NI Availto Com Stockholders": 9800000.0,
        "Net Income Common Stockholders": 9800000.0,
        "Net Income": 9800000.0,
        "Minority Interests": 500000.0,
        "Net Income Including Noncontrolling Interests": 9300000.0,
        "Net Income Discontinuous Operations": -3900000.0,
        "Net Income Continuous Operations": 13200000.0,
        "Tax Provision": -600000.0,
        "Pretax Income": 12600000.0,
        "Other Income Expense": 200000.0,
        "Other Non Operating Income Expenses": 1100000.0,
        "Special Income Charges": -900000.0,
        "Gain On Sale Of Ppe": 0.0,
        "Other Special Charges": NaN,
        "Restructuring And Mergern Acquisition": 900000.0,
        "Net Non Operating Interest Income Expense": -12100000.0,
        "Interest Expense Non Operating": 12100000.0,
        "Operating Income": 24500000.0,
        "Operating Expense": 47800000.0,
        "Selling General And Administration": 47800000.0,
        "General And Administrative Expense": 47800000.0,
        "Other Gand A": 47800000.0,
        "Gross Profit": 72300000.0,
        "Cost Of Revenue": 345300000.0,
        "Total Revenue": 417600000.0,
        "Operating Revenue": 417600000.0
    },
    "2024-12-31": {
        "Tax Effect Of Unusual Items": 0.0,
        "Tax Rate For Calcs": 0.21,
        "Normalized EBITDA": 24200000.0,
        "Total Unusual Items": 0.0,
        "Total Unusual Items Excluding Goodwill": 0.0,
        "Net Income From Continuing Operation Net Minority Interest": 5600000.0,
        "Reconciled Depreciation": 8400000.0,
        "Reconciled Cost Of Revenue": 323900000.0,
        "EBITDA": 24200000.0,
        "EBIT": 15800000.0,
        "Net Interest Income": -11400000.0,
        "Interest Expense": 11400000.0,
        "Normalized Income": 5600000.0,
        "Net Income From Continuing And Discontinued Operation": 500000.0,
        "Total Expenses": 374000000.0,
        "Total Operating Income As Reported": 14400000.0,
        "Diluted Average Shares": 13900000.0,
        "Basic Average Shares": 13600000.0,
        "Diluted EPS": 0.04,
        "Basic EPS": 0.04,
        "Diluted NI Availto Com Stockholders": 500000.0,
        "Net Income Common Stockholders": 500000.0,
        "Net Income": 500000.0,
        "Minority Interests": 800000.0,
        "Net Income Including Noncontrolling Interests": -300000.0,
        "Net Income Discontinuous Operations": -5100000.0,
        "Net Income Continuous Operations": 4800000.0,
        "Tax Provision": -400000.0,
        "Pretax Income": 4400000.0,
        "Other Income Expense": 1400000.0,
        "Other Non Operating Income Expenses": 1400000.0,
        "Special Income Charges": 0.0,
        "Gain On Sale Of Ppe": 2500000.0,
        "Other Special Charges": NaN,
        "Restructuring And Mergern Acquisition": 2500000.0,
        "Net Non Operating Interest Income Expense": -11400000.0,
        "Interest Expense Non Operating": 11400000.0,
        "Operating Income": 14400000.0,
        "Operating Expense": 50100000.0,
        "Selling General And Administration": 45100000.0,
        "General And Administrative Expense": NaN,
        "Other Gand A": NaN,
        "Gross Profit": 64500000.0,
        "Cost Of Revenue": 323900000.0,
        "Total Revenue": 388400000.0,
        "Operating Revenue": 388400000.0
    },
    "2025-03-31": {
        "Tax Effect Of Unusual Items": -200000.0,
        "Tax Rate For Calcs": 0.2,
        "Normalized EBITDA": 30000000.0,
        "Total Unusual Items": -1000000.0,
        "Total Unusual Items Excluding Goodwill": -1000000.0,
        "Net Income From Continuing Operation Net Minority Interest": 8500000.0,
        "Reconciled Depreciation": 8300000.0,
        "Reconciled Cost Of Revenue": 337300000.0,
        "EBITDA": 29000000.0,
        "EBIT": 20700000.0,
        "Net Interest Income": -11000000.0,
        "Interest Expense": 11000000.0,
        "Normalized Income": 9300000.0,
        "Net Income From Continuing And Discontinued Operation": 8300000.0,
        "Total Expenses": 385500000.0,
        "Total Operating Income As Reported": 18900000.0,
        "Diluted Average Shares": 13900000.0,
        "Basic Average Shares": 13600000.0,
        "Diluted EPS": 0.6,
        "Basic EPS": 0.62,
        "Diluted NI Availto Com Stockholders": 8300000.0,
        "Net Income Common Stockholders": 8300000.0,
        "Net Income": 8300000.0,
        "Minority Interests": 700000.0,
        "Net Income Including Noncontrolling Interests": 7600000.0,
        "Net Income Discontinuous Operations": -200000.0,
        "Net Income Continuous Operations": 7800000.0,
        "Tax Provision": 1900000.0,
        "Pretax Income": 9700000.0,
        "Other Income Expense": 800000.0,
        "Other Non Operating Income Expenses": 1800000.0,
        "Special Income Charges": -1000000.0,
        "Gain On Sale Of Ppe": NaN,
        "Other Special Charges": NaN,
        "Restructuring And Mergern Acquisition": 1000000.0,
        "Net Non Operating Interest Income Expense": -11000000.0,
        "Interest Expense Non Operating": 11000000.0,
        "Operating Income": 19900000.0,
        "Operating Expense": 48200000.0,
        "Selling General And Administration": 48200000.0,
        "General And Administrative Expense": NaN,
        "Other Gand A": NaN,
        "Gross Profit": 68100000.0,
        "Cost Of Revenue": 337300000.0,
        "Total Revenue": 405400000.0,
        "Operating Revenue": 405400000.0
    },
    "2025-06-30": {
        "Tax Effect Of Unusual Items": -221000.0,
        "Tax Rate For Calcs": 0.17,
        "Normalized EBITDA": 31400000.0,
        "Total Unusual Items": -1300000.0,
        "Total Unusual Items Excluding Goodwill": -1300000.0,
        "Net Income From Continuing Operation Net Minority Interest": 9300000.0,
        "Reconciled Depreciation": 8200000.0,
        "Reconciled Cost Of Revenue": 331900000.0,
        "EBITDA": 30100000.0,
        "EBIT": 21900000.0,
        "Net Interest Income": -11200000.0,
        "Interest Expense": 11200000.0,
        "Normalized Income": 10379000.0,
        "Net Income From Continuing And Discontinued Operation": 9200000.0,
        "Total Expenses": 378700000.0,
        "Total Operating Income As Reported": 20100000.0,
        "Diluted Average Shares": 14000000.0,
        "Basic Average Shares": 13700000.0,
        "Diluted EPS": 0.66,
        "Basic EPS": 0.67,
        "Diluted NI Availto Com Stockholders": 9200000.0,
        "Net Income Common Stockholders": 9200000.0,
        "Net Income": 9200000.0,
        "Minority Interests": 400000.0,
        "Net Income Including Noncontrolling Interests": 8800000.0,
        "Net Income Discontinuous Operations": -100000.0,
        "Net Income Continuous Operations": 8900000.0,
        "Tax Provision": 1800000.0,
        "Pretax Income": 10700000.0,
        "Other Income Expense": 500000.0,
        "Other Non Operating Income Expenses": 1800000.0,
        "Special Income Charges": -1300000.0,
        "Gain On Sale Of Ppe": NaN,
        "Other Special Charges": NaN,
        "Restructuring And Mergern Acquisition": 1300000.0,
        "Net Non Operating Interest Income Expense": -11200000.0,
        "Interest Expense Non Operating": 11200000.0,
        "Operating Income": 21400000.0,
        "Operating Expense": 46800000.0,
        "Selling General And Administration": 46800000.0,
        "General And Administrative Expense": NaN,
        "Other Gand A": NaN,
        "Gross Profit": 68200000.0,
        "Cost Of Revenue": 331900000.0,
        "Total Revenue": 400100000.0,
        "Operating Revenue": 400100000.0
    },
    "2025-09-30": {
        "Tax Effect Of Unusual Items": -1008000.0,
        "Tax Rate For Calcs": 0.21,
        "Normalized EBITDA": 30100000.0,
        "Total Unusual Items": -4800000.0,
        "Total Unusual Items Excluding Goodwill": -4800000.0,
        "Net Income From Continuing Operation Net Minority Interest": 5500000.0,
        "Reconciled Depreciation": 8300000.0,
        "Reconciled Cost Of Revenue": 332000000.0,
        "EBITDA": 25300000.0,
        "EBIT": 17000000.0,
        "Net Interest Income": -12500000.0,
        "Interest Expense": 12500000.0,
        "Normalized Income": 9292000.0,
        "Net Income From Continuing And Discontinued Operation": 5300000.0,
        "Total Expenses": 378500000.0,
        "Total Operating Income As Reported": 17300000.0,
        "Diluted Average Shares": 14000000.0,
        "Basic Average Shares": 13900000.0,
        "Diluted EPS": 0.38,
        "Basic EPS": 0.39,
        "Diluted NI Availto Com Stockholders": 5300000.0,
        "Net Income Common Stockholders": 5300000.0,
        "Net Income": 5300000.0,
        "Minority Interests": 600000.0,
        "Net Income Including Noncontrolling Interests": 4700000.0,
        "Net Income Discontinuous Operations": -200000.0,
        "Net Income Continuous Operations": 4900000.0,
        "Tax Provision": -400000.0,
        "Pretax Income": 4500000.0,
        "Other Income Expense": -3100000.0,
        "Other Non Operating Income Expenses": 1700000.0,
        "Special Income Charges": -4800000.0,
        "Gain On Sale Of Ppe": NaN,
        "Other Special Charges": 2000000.0,
        "Restructuring And Mergern Acquisition": 2800000.0,
        "Net Non Operating Interest Income Expense": -12500000.0,
        "Interest Expense Non Operating": 12500000.0,
        "Operating Income": 20100000.0,
        "Operating Expense": 46500000.0,
        "Selling General And Administration": 46500000.0,
        "General And Administrative Expense": NaN,
        "Other Gand A": NaN,
        "Gross Profit": 66600000.0,
        "Cost Of Revenue": 332000000.0,
        "Total Revenue": 398600000.0,
        "Operating Revenue": 398600000.0
    }
}