{
    "2023-04-30": {
        "Tax Effect Of Unusual Items": 2840270.0,
        "Tax Rate For Calcs": 0.265,
        "Normalized EBITDA": 90012000.0,
        "Total Unusual Items": 10718000.0,
        "Total Unusual Items Excluding Goodwill": 10718000.0,
        "Net Income From Continuing Operation Net Minority Interest": 39929000.0,
        "Reconciled Depreciation": 19980000.0,
        "Reconciled Cost Of Revenue": 140904000.0,
        "EBITDA": 100730000.0,
        "EBIT": 80750000.0,
        "Net Interest Income": 2853000.0,
        "Interest Expense": 134000.0,
        "Interest Income": 2987000.0,
        "Normalized Income": 32051270.0,
        "Net Income From Continuing And Discontinued Operation": 39929000.0,
        "Total Expenses": 162261000.0,
        "Total Operating Income As Reported": 67045000.0,
        "Diluted Average Shares": 61507000.0,
        "Basic Average Shares": 61138000.0,
        "Diluted EPS": 0.65,
        "Basic EPS": 0.65,
        "Diluted NI Availto Com Stockholders": 39929000.0,
        "Average Dilution Earnings": 0.0,
        "Net Income Common Stockholders": 39929000.0,
        "Net Income": 39929000.0,
        "Minority Interests": -19344000.0,
        "Net Income Including Noncontrolling Interests": 59273000.0,
        "Net Income Continuous Operations": 59273000.0,
        "Tax Provision": 21343000.0,
        "Pretax Income": 80616000.0,
        "Other Income Expense": 10718000.0,
        "Gain On Sale Of Security": 10718000.0,
        "Net Non Operating Interest Income Expense": 2853000.0,
        "Interest Expense Non Operating": 134000.0,
        "Interest Income Non Operating": 2987000.0,
        "Operating Income": 67045000.0,
        "Operating Expense": 21357000.0,
        "Other Operating Expenses": NaN,
        "Research And Development": 3479000.0,
        "Selling General And Administration": 17878000.0,
        "Gross Profit": 88402000.0,
        "Cost Of Revenue": 140904000.0,
        "Total Revenue": 229306000.0,
        "Operating Revenue": 229306000.0
    },
    "2023-01-31": {
        "Tax Effect Of Unusual Items": -5134032.0,
        "Tax Rate For Calcs": 0.303,
        "Normalized EBITDA": 77646000.0,
        "Total Unusual Items": -16944000.0,
        "Total Unusual Items Excluding Goodwill": -16944000.0,
        "Net Income From Continuing Operation Net Minority Interest": 13986000.0,
        "Reconciled Depreciation": 19105000.0,
        "Reconciled Cost Of Revenue": 135013000.0,
        "EBITDA": 60702000.0,
        "EBIT": 41597000.0,
        "Net Interest Income": 2519000.0,
        "Interest Expense": 65000.0,
        "Interest Income": 2584000.0,
        "Normalized Income": 25795968.0,
        "Net Income From Continuing And Discontinued Operation": 13986000.0,
        "Total Expenses": 155133000.0,
        "Total Operating Income As Reported": 55957000.0,
        "Diluted Average Shares": 61470000.0,
        "Basic Average Shares": 60894000.0,
        "Diluted EPS": 0.23,
        "Basic EPS": 0.23,
        "Diluted NI Availto Com Stockholders": 13986000.0,
        "Average Dilution Earnings": 0.0,
        "Net Income Common Stockholders": 13986000.0,
        "Net Income": 13986000.0,
        "Minority Interests": -14964000.0,
        "Net Income Including Noncontrolling Interests": 28950000.0,
        "Net Income Continuous Operations": 28950000.0,
        "Tax Provision": 12582000.0,
        "Pretax Income": 41532000.0,
        "Other Income Expense": -16944000.0,
        "Gain On Sale Of Security": -16944000.0,
        "Net Non Operating Interest Income Expense": 2519000.0,
        "Interest Expense Non Operating": 65000.0,
        "Interest Income Non Operating": 2584000.0,
        "Operating Income": 55957000.0,
        "Operating Expense": 20120000.0,
        "Other Operating Expenses": NaN,
        "Research And Development": 3302000.0,
        "Selling General And Administration": 16818000.0,
        "Gross Profit": 76077000.0,
        "Cost Of Revenue": 135013000.0,
        "Total Revenue": 211090000.0,
        "Operating Revenue": 211090000.0
    },
    "2022-10-31": {
        "Tax Effect Of Unusual Items": NaN,
        "Tax Rate For Calcs": NaN,
        "Normalized EBITDA": NaN,
        "Total Unusual Items": NaN,
        "Total Unusual Items Excluding Goodwill": NaN,
        "Net Income From Continuing Operation Net Minority Interest": NaN,
        "Reconciled Depreciation": NaN,
        "Reconciled Cost Of Revenue": NaN,
        "EBITDA": NaN,
        "EBIT": NaN,
        "Net Interest Income": NaN,
        "Interest Expense": NaN,
        "Interest Income": NaN,
        "Normalized Income": NaN,
        "Net Income From Continuing And Discontinued Operation": NaN,
        "Total Expenses": NaN,
        "Total Operating Income As Reported": NaN,
        "Diluted Average Shares": NaN,
        "Basic Average Shares": NaN,
        "Diluted EPS": NaN,
        "Basic EPS": NaN,
        "Diluted NI Availto Com Stockholders": NaN,
        "Average Dilution Earnings": NaN,
        "Net Income Common Stockholders": NaN,
        "Net Income": NaN,
        "Minority Interests": NaN,
        "Net Income Including Noncontrolling Interests": NaN,
        "Net Income Continuous Operations": NaN,
        "Tax Provision": NaN,
        "Pretax Income": NaN,
        "Other Income Expense": NaN,
        "Gain On Sale Of Security": NaN,
        "Net Non Operating Interest Income Expense": NaN,
        "Interest Expense Non Operating": NaN,
        "Interest Income Non Operating": NaN,
        "Operating Income": NaN,
        "Operating Expense": NaN,
        "Other Operating Expenses": 0.0,
        "Research And Development": NaN,
        "Selling General And Administration": NaN,
        "Gross Profit": NaN,
        "Cost Of Revenue": NaN,
        "Total Revenue": NaN,
        "Operating Revenue": NaN
    },
    "2022-07-31": {
        "Tax Effect Of Unusual Items": 0.0,
        "Tax Rate For Calcs": 0.269348,
        "Normalized EBITDA": 63729000.0,
        "Total Unusual Items": 3862000.0,
        "Total Unusual Items Excluding Goodwill": 3862000.0,
        "Net Income From Continuing Operation Net Minority Interest": 31230000.0,
        "Reconciled Depreciation": 19805000.0,
        "Reconciled Cost Of Revenue": 136085000.0,
        "EBITDA": 63729000.0,
        "EBIT": 63729000.0,
        "Net Interest Income": -221000.0,
        "Interest Expense": 622000.0,
        "Interest Income": 401000.0,
        "Normalized Income": 31230000.0,
        "Net Income From Continuing And Discontinued Operation": 31230000.0,
        "Total Expenses": 156219000.0,
        "Total Operating Income As Reported": 63729000.0,
        "Diluted Average Shares": 61299000.0,
        "Basic Average Shares": 60701000.0,
        "Diluted EPS": 0.51,
        "Basic EPS": 0.51,
        "Diluted NI Availto Com Stockholders": 31230000.0,
        "Average Dilution Earnings": 0.0,
        "Net Income Common Stockholders": 31230000.0,
        "Net Income": 31230000.0,
        "Minority Interests": -17994000.0,
        "Net Income Including Noncontrolling Interests": 49224000.0,
        "Net Income Continuous Operations": 49224000.0,
        "Tax Provision": 18146000.0,
        "Pretax Income": 67370000.0,
        "Other Income Expense": 3641000.0,
        "Other Non Operating Income Expenses": 3641000.0,
        "Gain On Sale Of Security": 3862000.0,
        "Net Non Operating Interest Income Expense": -221000.0,
        "Interest Expense Non Operating": 622000.0,
        "Interest Income Non Operating": 401000.0,
        "Operating Income": 63729000.0,
        "Operating Expense": 20134000.0,
        "Other Operating Expenses": 23000.0,
        "Research And Development": 4151000.0,
        "Selling General And Administration": 15960000.0,
        "Gross Profit": 83863000.0,
        "Cost Of Revenue": 136085000.0,
        "Total Revenue": 219948000.0,
        "Operating Revenue": 219948000.0
    },
    "2022-04-30": {
        "Diluted EPS": 0.45,
        "Total Revenue": 205,
        "Gross Profit": 70,
        "Operating Income": 49,
        "EBIT": 70,
        "Net Income": 27
    },
    "2022-01-31": {
        "Diluted EPS": 0.38,
        "Total Revenue": 190,
        "Gross Profit": 60,
        "Operating Income": 38,
        "EBIT": 59,
        "Net Income": 23
    },
    "2021-10-31": {
        "Diluted EPS": 0.31,
        "Total Revenue": 181,
        "Gross Profit": 52,
        "Operating Income": 34,
        "EBIT": 55,
        "Net Income": 20
    },
    "2021-07-31": {
        "Diluted EPS": 0.28,
        "Total Revenue": 171,
        "Gross Profit": 45,
        "Operating Income": 28,
        "EBIT": 51,
        "Net Income": 17
    },
    "2021-04-30": {
        "Diluted EPS": 0.17,
        "Total Revenue": 160,
        "Gross Profit": 39,
        "Operating Income": 21,
        "EBIT": 44,
        "Net Income": 11
    },
    "2021-01-31": {
        "Diluted EPS": 0.13,
        "Total Revenue": 152,
        "Gross Profit": 31,
        "Operating Income": 12,
        "EBIT": 35,
        "Net Income": 8
    },
    "2020-10-31": {
        "Diluted EPS": 0.09,
        "Total Revenue": 149,
        "Gross Profit": 32,
        "Operating Income": 15,
        "EBIT": 38,
        "Net Income": 6
    },
    "2020-07-31": {
        "Diluted EPS": 0.17,
        "Total Revenue": 158,
        "Gross Profit": 38,
        "Operating Income": 20,
        "EBIT": 43,
        "Net Income": 11
    },
    "2020-04-30": {
        "Diluted EPS": 0.1,
        "Total Revenue": 143,
        "Gross Profit": 30,
        "Operating Income": 13,
        "EBIT": 36,
        "Net Income": 6
    },
    "2020-01-31": {
        "Diluted EPS": 0.16,
        "Total Revenue": 160,
        "Gross Profit": 35,
        "Operating Income": 16,
        "EBIT": 41,
        "Net Income": 10
    },
    "2019-10-31": {
        "Diluted EPS": 0.13,
        "Total Revenue": 156,
        "Gross Profit": 38,
        "Operating Income": 21,
        "EBIT": 45,
        "Net Income": 10
    },
    "2019-07-31": {
        "Diluted EPS": 0.1,
        "Total Revenue": 138,
        "Gross Profit": 31,
        "Operating Income": 13,
        "EBIT": 35,
        "Net Income": 6
    },
    "2019-04-30": {
        "Diluted EPS": 0.13,
        "Total Revenue": 132,
        "Gross Profit": 26,
        "Operating Income": 9,
        "EBIT": 29,
        "Net Income": 8
    },
    "2019-01-31": {
        "Diluted EPS": 0.08,
        "Total Revenue": 125,
        "Gross Profit": 26,
        "Operating Income": 8,
        "EBIT": 27,
        "Net Income": 5
    },
    "2018-10-31": {
        "Diluted EPS": 0.17,
        "Total Revenue": 145,
        "Gross Profit": 35,
        "Operating Income": 18,
        "EBIT": 38,
        "Net Income": 12
    },
    "2018-07-31": {
        "Diluted EPS": 0.18,
        "Total Revenue": 136,
        "Gross Profit": 36,
        "Operating Income": 20,
        "EBIT": 40,
        "Net Income": 13
    },
    "2018-04-30": {
        "Diluted EPS": 0.15,
        "Total Revenue": 131,
        "Gross Profit": 33,
        "Operating Income": 15,
        "EBIT": 37,
        "Net Income": 11
    },
    "2018-01-31": {
        "Diluted EPS": 0.09,
        "Total Revenue": 123,
        "Gross Profit": 28,
        "Operating Income": 12,
        "EBIT": 34,
        "Net Income": 6
    },
    "2017-10-31": {
        "Diluted EPS": 0.07,
        "Total Revenue": 121,
        "Gross Profit": 26,
        "Operating Income": 12,
        "EBIT": 35,
        "Net Income": 5
    },
    "2017-07-31": {
        "Diluted EPS": 0.06,
        "Total Revenue": 112,
        "Gross Profit": 22,
        "Operating Income": 5,
        "EBIT": 27,
        "Net Income": 4
    },
    "2017-04-30": {
        "Diluted EPS": 0.03,
        "Total Revenue": 108,
        "Gross Profit": 20,
        "Operating Income": 6,
        "EBIT": 27,
        "Net Income": 2
    },
    "2017-01-31": {
        "Diluted EPS": 0.03,
        "Total Revenue": 110,
        "Gross Profit": 23,
        "Operating Income": 9,
        "EBIT": 30,
        "Net Income": 2
    },
    "2016-10-31": {
        "Diluted EPS": 0.08,
        "Total Revenue": 107,
        "Gross Profit": 21,
        "Operating Income": 5,
        "EBIT": 28,
        "Net Income": 5
    },
    "2016-07-31": {
        "Diluted EPS": 0.12,
        "Total Revenue": 123,
        "Gross Profit": 31,
        "Operating Income": 15,
        "EBIT": 34,
        "Net Income": 8
    },
    "2016-04-30": {
        "Diluted EPS": 0.16,
        "Total Revenue": 123,
        "Gross Profit": 31,
        "Operating Income": 15,
        "EBIT": 35,
        "Net Income": 12
    },
    "2016-01-31": {
        "Diluted EPS": 0.28,
        "Total Revenue": 130,
        "Gross Profit": 35,
        "Operating Income": 18,
        "EBIT": 38,
        "Net Income": 21
    },
    "2015-10-31": {
        "Diluted EPS": 0.26,
        "Total Revenue": 142,
        "Gross Profit": 45,
        "Operating Income": 27,
        "EBIT": 48,
        "Net Income": 19
    },
    "2015-07-31": {
        "Diluted EPS": 0.17,
        "Total Revenue": 132,
        "Gross Profit": 37,
        "Operating Income": 19,
        "EBIT": 40,
        "Net Income": 12
    },
    "2015-04-30": {
        "Diluted EPS": 0.14,
        "Total Revenue": 127,
        "Gross Profit": 33,
        "Operating Income": 15,
        "EBIT": 34,
        "Net Income": 10
    },
    "2015-01-31": {
        "Diluted EPS": 0.06,
        "Total Revenue": 124,
        "Gross Profit": 28,
        "Operating Income": 12,
        "EBIT": 32,
        "Net Income": 4
    },
    "2014-10-31": {
        "Diluted EPS": 0.09,
        "Total Revenue": 124,
        "Gross Profit": 27,
        "Operating Income": 9,
        "EBIT": 31,
        "Net Income": 4
    },
    "2014-07-31": {
        "Diluted EPS": 0.07,
        "Total Revenue": 125,
        "Gross Profit": 29,
        "Operating Income": 11,
        "EBIT": 33,
        "Net Income": 4
    },
    "2014-04-30": {
        "Diluted EPS": 0.22,
        "Total Revenue": 105,
        "Gross Profit": 22,
        "Operating Income": 3,
        "EBIT": 22,
        "Net Income": 16
    },
    "2014-01-31": {
        "Diluted EPS": 0.03,
        "Total Revenue": 102,
        "Gross Profit": 23,
        "Operating Income": 6,
        "EBIT": 24,
        "Net Income": 2
    },
    "2013-10-31": {
        "Diluted EPS": 0.07,
        "Total Revenue": 106,
        "Gross Profit": 27,
        "Operating Income": 7,
        "EBIT": 25,
        "Net Income": 5
    },
    "2013-07-31": {
        "Diluted EPS": 0.1,
        "Total Revenue": 110,
        "Gross Profit": 27,
        "Operating Income": 10,
        "EBIT": 28,
        "Net Income": 6
    },
    "2013-04-30": {
        "Diluted EPS": 0.08,
        "Total Revenue": 107,
        "Gross Profit": 25,
        "Operating Income": 8,
        "EBIT": 26,
        "Net Income": 5
    },
    "2013-01-31": {
        "Diluted EPS": 0.04,
        "Total Revenue": 100,
        "Gross Profit": 21,
        "Operating Income": 5,
        "EBIT": 24,
        "Net Income": 2
    },
    "2012-10-31": {
        "Diluted EPS": 0.07,
        "Total Revenue": 104,
        "Gross Profit": 24,
        "Operating Income": 7,
        "EBIT": 28,
        "Net Income": 4
    },
    "2012-07-31": {
        "Diluted EPS": 0.16,
        "Total Revenue": 117,
        "Gross Profit": 32,
        "Operating Income": 15,
        "EBIT": 36,
        "Net Income": 11
    },
    "2012-04-30": {
        "Diluted EPS": 0.14,
        "Total Revenue": 117,
        "Gross Profit": 30,
        "Operating Income": 13,
        "EBIT": 35,
        "Net Income": 9
    },
    "2012-01-31": {
        "Diluted EPS": 0.07,
        "Total Revenue": 112,
        "Gross Profit": 25,
        "Operating Income": 9,
        "EBIT": 31,
        "Net Income": 4
    },
    "2011-10-31": {
        "Diluted EPS": 0.22,
        "Total Revenue": 122,
        "Gross Profit": 31,
        "Operating Income": 15,
        "EBIT": 39,
        "Net Income": 9
    },
    "2011-07-31": {
        "Diluted EPS": 0.16,
        "Total Revenue": 136,
        "Gross Profit": 38,
        "Operating Income": 23,
        "EBIT": 47,
        "Net Income": 11
    },
    "2011-04-30": {
        "Diluted EPS": -0.3,
        "Total Revenue": 133,
        "Gross Profit": 36,
        "Operating Income": 21,
        "EBIT": 44,
        "Net Income": -16
    },
    "2011-01-31": {
        "Diluted EPS": 0.2,
        "Total Revenue": 121,
        "Gross Profit": 31,
        "Operating Income": 16,
        "EBIT": 39,
        "Net Income": 12
    },
    "2010-10-31": {
        "Diluted EPS": 0.16,
        "Total Revenue": 110,
        "Gross Profit": 25,
        "Operating Income": 11,
        "EBIT": 34,
        "Net Income": 8
    },
    "2010-07-31": {
        "Diluted EPS": 0.13,
        "Total Revenue": 112,
        "Gross Profit": 26,
        "Operating Income": 12,
        "EBIT": 34,
        "Net Income": 8
    },
    "2010-04-30": {
        "Diluted EPS": 0.14,
        "Total Revenue": 105,
        "Gross Profit": 22,
        "Operating Income": 13,
        "EBIT": 36,
        "Net Income": 8
    },
    "2010-01-31": {
        "Diluted EPS": 0.0,
        "Total Revenue": 98,
        "Gross Profit": 18,
        "Operating Income": 4,
        "EBIT": 26,
        "Net Income": 0
    },
    "2009-10-31": {
        "Diluted EPS": 0.07,
        "Total Revenue": 95,
        "Gross Profit": 17,
        "Operating Income": 4,
        "EBIT": 30,
        "Net Income": 1
    },
    "2009-07-31": {
        "Diluted EPS": -0.55,
        "Total Revenue": 95,
        "Gross Profit": 18,
        "Operating Income": -6,
        "EBIT": 16,
        "Net Income": -23
    },
    "2009-04-30": {
        "Diluted EPS": -0.24,
        "Total Revenue": 83,
        "Gross Profit": 11,
        "Operating Income": -5,
        "EBIT": 15,
        "Net Income": -10
    },
    "2009-01-31": {
        "Diluted EPS": -0.25,
        "Total Revenue": 88,
        "Gross Profit": 11,
        "Operating Income": -5,
        "EBIT": 17,
        "Net Income": -10
    },
    "2023-07-31": {
        "Tax Effect Of Unusual Items": NaN,
        "Tax Rate For Calcs": NaN,
        "Normalized EBITDA": NaN,
        "Total Unusual Items": NaN,
        "Total Unusual Items Excluding Goodwill": NaN,
        "Net Income From Continuing Operation Net Minority Interest": NaN,
        "Reconciled Depreciation": NaN,
        "Reconciled Cost Of Revenue": NaN,
        "EBITDA": NaN,
        "EBIT": NaN,
        "Net Interest Income": NaN,
        "Interest Expense": NaN,
        "Interest Income": NaN,
        "Normalized Income": NaN,
        "Net Income From Continuing And Discontinued Operation": NaN,
        "Total Expenses": NaN,
        "Total Operating Income As Reported": NaN,
        "Diluted Average Shares": 61974000.0,
        "Basic Average Shares": 61233000.0,
        "Diluted EPS": 0.44,
        "Basic EPS": 0.44,
        "Diluted NI Availto Com Stockholders": NaN,
        "Average Dilution Earnings": NaN,
        "Net Income Common Stockholders": NaN,
        "Net Income": NaN,
        "Minority Interests": NaN,
        "Net Income Including Noncontrolling Interests": NaN,
        "Net Income Continuous Operations": NaN,
        "Tax Provision": NaN,
        "Pretax Income": NaN,
        "Other Income Expense": NaN,
        "Gain On Sale Of Security": NaN,
        "Net Non Operating Interest Income Expense": NaN,
        "Interest Expense Non Operating": NaN,
        "Interest Income Non Operating": NaN,
        "Operating Income": NaN,
        "Operating Expense": NaN,
        "Other Operating Expenses": NaN,
        "Research And Development": NaN,
        "Selling General And Administration": NaN,
        "Gross Profit": NaN,
        "Cost Of Revenue": NaN,
        "Total Revenue": NaN,
        "Operating Revenue": NaN
    },
    "2023-10-31": {
        "Tax Effect Of Unusual Items": NaN,
        "Tax Rate For Calcs": NaN,
        "Normalized EBITDA": NaN,
        "Total Unusual Items": NaN,
        "Total Unusual Items Excluding Goodwill": NaN,
        "Net Income From Continuing Operation Net Minority Interest": NaN,
        "Reconciled Depreciation": NaN,
        "Reconciled Cost Of Revenue": NaN,
        "EBITDA": NaN,
        "EBIT": NaN,
        "Net Interest Income": NaN,
        "Interest Expense": NaN,
        "Interest Income": NaN,
        "Normalized Income": NaN,
        "Net Income From Continuing And Discontinued Operation": NaN,
        "Total Expenses": NaN,
        "Total Operating Income As Reported": NaN,
        "Diluted Average Shares": NaN,
        "Basic Average Shares": NaN,
        "Diluted EPS": NaN,
        "Basic EPS": NaN,
        "Diluted NI Availto Com Stockholders": NaN,
        "Average Dilution Earnings": 0.0,
        "Net Income Common Stockholders": NaN,
        "Net Income": NaN,
        "Minority Interests": NaN,
        "Net Income Including Noncontrolling Interests": NaN,
        "Net Income Continuous Operations": NaN,
        "Tax Provision": NaN,
        "Pretax Income": NaN,
        "Other Income Expense": NaN,
        "Gain On Sale Of Security": NaN,
        "Net Non Operating Interest Income Expense": NaN,
        "Interest Expense Non Operating": NaN,
        "Interest Income Non Operating": NaN,
        "Operating Income": NaN,
        "Operating Expense": NaN,
        "Other Operating Expenses": NaN,
        "Research And Development": NaN,
        "Selling General And Administration": NaN,
        "Gross Profit": NaN,
        "Cost Of Revenue": NaN,
        "Total Revenue": NaN,
        "Operating Revenue": NaN
    },
    "2024-01-31": {
        "Tax Effect Of Unusual Items": NaN,
        "Tax Rate For Calcs": NaN,
        "Normalized EBITDA": NaN,
        "Total Unusual Items": NaN,
        "Total Unusual Items Excluding Goodwill": NaN,
        "Net Income From Continuing Operation Net Minority Interest": NaN,
        "Reconciled Depreciation": NaN,
        "Reconciled Cost Of Revenue": NaN,
        "EBITDA": NaN,
        "EBIT": NaN,
        "Net Interest Income": NaN,
        "Interest Expense": NaN,
        "Interest Income": NaN,
        "Normalized Income": NaN,
        "Net Income From Continuing And Discontinued Operation": NaN,
        "Total Expenses": NaN,
        "Total Operating Income As Reported": NaN,
        "Diluted Average Shares": NaN,
        "Basic Average Shares": NaN,
        "Diluted EPS": NaN,
        "Basic EPS": NaN,
        "Diluted NI Availto Com Stockholders": NaN,
        "Average Dilution Earnings": 0.0,
        "Net Income Common Stockholders": NaN,
        "Net Income": NaN,
        "Minority Interests": NaN,
        "Net Income Including Noncontrolling Interests": NaN,
        "Net Income Continuous Operations": NaN,
        "Tax Provision": NaN,
        "Pretax Income": NaN,
        "Other Income Expense": NaN,
        "Gain On Sale Of Security": NaN,
        "Net Non Operating Interest Income Expense": NaN,
        "Interest Expense Non Operating": NaN,
        "Interest Income Non Operating": NaN,
        "Operating Income": NaN,
        "Operating Expense": NaN,
        "Other Operating Expenses": NaN,
        "Research And Development": NaN,
        "Selling General And Administration": NaN,
        "Gross Profit": NaN,
        "Cost Of Revenue": NaN,
        "Total Revenue": NaN,
        "Operating Revenue": NaN
    },
    "2024-04-30": {
        "Tax Effect Of Unusual Items": NaN,
        "Tax Rate For Calcs": NaN,
        "Normalized EBITDA": NaN,
        "Total Unusual Items": NaN,
        "Total Unusual Items Excluding Goodwill": NaN,
        "Net Income From Continuing Operation Net Minority Interest": NaN,
        "Reconciled Depreciation": NaN,
        "Reconciled Cost Of Revenue": NaN,
        "EBITDA": NaN,
        "EBIT": NaN,
        "Net Interest Income": NaN,
        "Interest Expense": NaN,
        "Interest Income": NaN,
        "Normalized Income": NaN,
        "Net Income From Continuing And Discontinued Operation": NaN,
        "Total Expenses": NaN,
        "Total Operating Income As Reported": NaN,
        "Diluted Average Shares": NaN,
        "Basic Average Shares": NaN,
        "Diluted EPS": NaN,
        "Basic EPS": NaN,
        "Diluted NI Availto Com Stockholders": NaN,
        "Average Dilution Earnings": 0.0,
        "Net Income Common Stockholders": NaN,
        "Net Income": NaN,
        "Minority Interests": NaN,
        "Net Income Including Noncontrolling Interests": NaN,
        "Net Income Continuous Operations": NaN,
        "Tax Provision": NaN,
        "Pretax Income": NaN,
        "Other Income Expense": NaN,
        "Gain On Sale Of Security": NaN,
        "Net Non Operating Interest Income Expense": NaN,
        "Interest Expense Non Operating": NaN,
        "Interest Income Non Operating": NaN,
        "Operating Income": NaN,
        "Operating Expense": NaN,
        "Other Operating Expenses": -89000.0,
        "Research And Development": NaN,
        "Selling General And Administration": NaN,
        "Gross Profit": NaN,
        "Cost Of Revenue": NaN,
        "Total Revenue": NaN,
        "Operating Revenue": NaN
    },
    "2024-07-31": {
        "Tax Effect Of Unusual Items": 922357.760904,
        "Tax Rate For Calcs": 0.226735,
        "Normalized EBITDA": 78409000.0,
        "Total Unusual Items": 4068000.0,
        "Total Unusual Items Excluding Goodwill": 4068000.0,
        "Net Income From Continuing Operation Net Minority Interest": 34388000.0,
        "Reconciled Depreciation": 20126000.0,
        "Reconciled Cost Of Revenue": 135846000.0,
        "EBITDA": 82477000.0,
        "EBIT": 62351000.0,
        "Net Interest Income": 6077000.0,
        "Interest Expense": 58000.0,
        "Interest Income": 6135000.0,
        "Normalized Income": 31242357.760904,
        "Net Income From Continuing And Discontinued Operation": 34388000.0,
        "Total Expenses": 158836000.0,
        "Total Operating Income As Reported": 52148000.0,
        "Diluted Average Shares": 62414000.0,
        "Basic Average Shares": 61815000.0,
        "Diluted EPS": 0.55,
        "Basic EPS": 0.56,
        "Diluted NI Availto Com Stockholders": 34388000.0,
        "Average Dilution Earnings": 0.0,
        "Net Income Common Stockholders": 34388000.0,
        "Net Income": 34388000.0,
        "Minority Interests": -13781000.0,
        "Net Income Including Noncontrolling Interests": 48169000.0,
        "Net Income Continuous Operations": 48169000.0,
        "Tax Provision": 14124000.0,
        "Pretax Income": 62293000.0,
        "Other Income Expense": 4068000.0,
        "Gain On Sale Of Security": 4068000.0,
        "Net Non Operating Interest Income Expense": 6077000.0,
        "Interest Expense Non Operating": 58000.0,
        "Interest Income Non Operating": 6135000.0,
        "Operating Income": 52148000.0,
        "Operating Expense": 22990000.0,
        "Other Operating Expenses": -1000.0,
        "Research And Development": 3555000.0,
        "Selling General And Administration": 19436000.0,
        "Gross Profit": 75138000.0,
        "Cost Of Revenue": 135846000.0,
        "Total Revenue": 210984000.0,
        "Operating Revenue": 210984000.0
    },
    "2024-10-31": {
        "Tax Effect Of Unusual Items": -2062749.607621,
        "Tax Rate For Calcs": 0.265887,
        "Normalized EBITDA": 83820000.0,
        "Total Unusual Items": -7758000.0,
        "Total Unusual Items Excluding Goodwill": -7758000.0,
        "Net Income From Continuing Operation Net Minority Interest": 33869000.0,
        "Reconciled Depreciation": 21192000.0,
        "Reconciled Cost Of Revenue": 140326000.0,
        "EBITDA": 76062000.0,
        "EBIT": 54870000.0,
        "Net Interest Income": 6724000.0,
        "Interest Expense": 76000.0,
        "Interest Income": 6800000.0,
        "Normalized Income": 39564250.392379,
        "Net Income From Continuing And Discontinued Operation": 33869000.0,
        "Total Expenses": 166800000.0,
        "Total Operating Income As Reported": 55828000.0,
        "Diluted Average Shares": 62456000.0,
        "Basic Average Shares": 61863000.0,
        "Diluted EPS": 0.54,
        "Basic EPS": 0.55,
        "Diluted NI Availto Com Stockholders": 33869000.0,
        "Average Dilution Earnings": 0.0,
        "Net Income Common Stockholders": 33869000.0,
        "Net Income": 33869000.0,
        "Minority Interests": -6356000.0,
        "Net Income Including Noncontrolling Interests": 40225000.0,
        "Net Income Continuous Operations": 40225000.0,
        "Tax Provision": 14569000.0,
        "Pretax Income": 54794000.0,
        "Other Income Expense": -7758000.0,
        "Gain On Sale Of Security": -7758000.0,
        "Net Non Operating Interest Income Expense": 6724000.0,
        "Interest Expense Non Operating": 76000.0,
        "Interest Income Non Operating": 6800000.0,
        "Operating Income": 55828000.0,
        "Operating Expense": 26474000.0,
        "Other Operating Expenses": 182000.0,
        "Research And Development": 5285000.0,
        "Selling General And Administration": 21007000.0,
        "Gross Profit": 82302000.0,
        "Cost Of Revenue": 140326000.0,
        "Total Revenue": 222628000.0,
        "Operating Revenue": 222628000.0
    },
    "2025-01-31": {
        "Tax Effect Of Unusual Items": 4518535.0,
        "Tax Rate For Calcs": 0.245,
        "Normalized EBITDA": 79554000.0,
        "Total Unusual Items": 18443000.0,
        "Total Unusual Items Excluding Goodwill": 18443000.0,
        "Net Income From Continuing Operation Net Minority Interest": 42851000.0,
        "Reconciled Depreciation": 20792000.0,
        "Reconciled Cost Of Revenue": 136603000.0,
        "EBITDA": 97997000.0,
        "EBIT": 77205000.0,
        "Net Interest Income": 6538000.0,
        "Interest Expense": 47000.0,
        "Interest Income": 6585000.0,
        "Normalized Income": 28926535.0,
        "Net Income From Continuing And Discontinued Operation": 42851000.0,
        "Total Expenses": 159961000.0,
        "Total Operating Income As Reported": 52177000.0,
        "Diluted Average Shares": 62661000.0,
        "Basic Average Shares": 62093000.0,
        "Diluted EPS": 0.68,
        "Basic EPS": 0.69,
        "Diluted NI Availto Com Stockholders": 42851000.0,
        "Average Dilution Earnings": NaN,
        "Net Income Common Stockholders": 42851000.0,
        "Net Income": 42851000.0,
        "Minority Interests": -15406000.0,
        "Net Income Including Noncontrolling Interests": 58257000.0,
        "Net Income Continuous Operations": 58257000.0,
        "Tax Provision": 18901000.0,
        "Pretax Income": 77158000.0,
        "Other Income Expense": 18443000.0,
        "Gain On Sale Of Security": 18443000.0,
        "Net Non Operating Interest Income Expense": 6538000.0,
        "Interest Expense Non Operating": 47000.0,
        "Interest Income Non Operating": 6585000.0,
        "Operating Income": 52177000.0,
        "Operating Expense": 23358000.0,
        "Other Operating Expenses": NaN,
        "Research And Development": 4257000.0,
        "Selling General And Administration": 19101000.0,
        "Gross Profit": 75535000.0,
        "Cost Of Revenue": 136603000.0,
        "Total Revenue": 212138000.0,
        "Operating Revenue": 212138000.0
    },
    "2025-04-30": {
        "Tax Effect Of Unusual Items": -5942201.0,
        "Tax Rate For Calcs": 0.191,
        "Normalized EBITDA": 80640000.0,
        "Total Unusual Items": -31111000.0,
        "Total Unusual Items Excluding Goodwill": -31111000.0,
        "Net Income From Continuing Operation Net Minority Interest": 8861000.0,
        "Reconciled Depreciation": 19594000.0,
        "Reconciled Cost Of Revenue": 133086000.0,
        "EBITDA": 49529000.0,
        "EBIT": 29935000.0,
        "Net Interest Income": 5325000.0,
        "Interest Expense": 4000.0,
        "Interest Income": 5329000.0,
        "Normalized Income": 34029799.0,
        "Net Income From Continuing And Discontinued Operation": 8861000.0,
        "Total Expenses": 155275000.0,
        "Total Operating Income As Reported": 55717000.0,
        "Diluted Average Shares": 60974000.0,
        "Basic Average Shares": 60793000.0,
        "Diluted EPS": 0.15,
        "Basic EPS": 0.15,
        "Diluted NI Availto Com Stockholders": 8861000.0,
        "Average Dilution Earnings": NaN,
        "Net Income Common Stockholders": 8861000.0,
        "Net Income": 8861000.0,
        "Minority Interests": -15356000.0,
        "Net Income Including Noncontrolling Interests": 24217000.0,
        "Net Income Continuous Operations": 24217000.0,
        "Tax Provision": 5714000.0,
        "Pretax Income": 29931000.0,
        "Other Income Expense": -31111000.0,
        "Gain On Sale Of Security": -31111000.0,
        "Net Non Operating Interest Income Expense": 5325000.0,
        "Interest Expense Non Operating": 4000.0,
        "Interest Income Non Operating": 5329000.0,
        "Operating Income": 55717000.0,
        "Operating Expense": 22189000.0,
        "Other Operating Expenses": NaN,
        "Research And Development": 4090000.0,
        "Selling General And Administration": 18099000.0,
        "Gross Profit": 77906000.0,
        "Cost Of Revenue": 133086000.0,
        "Total Revenue": 210992000.0,
        "Operating Revenue": 210992000.0
    },
    "2025-07-31": {
        "Tax Effect Of Unusual Items": -3531646.193169,
        "Tax Rate For Calcs": 0.247696,
        "Normalized EBITDA": 71839000.0,
        "Total Unusual Items": -14258000.0,
        "Total Unusual Items Excluding Goodwill": -14258000.0,
        "Net Income From Continuing Operation Net Minority Interest": 22891000.0,
        "Reconciled Depreciation": 18848000.0,
        "Reconciled Cost Of Revenue": 139539000.0,
        "EBITDA": 57581000.0,
        "EBIT": 38733000.0,
        "Net Interest Income": 4830000.0,
        "Interest Expense": 0.0,
        "Interest Income": 4830000.0,
        "Normalized Income": 33617353.806831,
        "Net Income From Continuing And Discontinued Operation": 22891000.0,
        "Total Expenses": 162233000.0,
        "Total Operating Income As Reported": 48161000.0,
        "Diluted Average Shares": 58068000.0,
        "Basic Average Shares": 57937000.0,
        "Diluted EPS": 0.39,
        "Basic EPS": 0.4,
        "Diluted NI Availto Com Stockholders": 22891000.0,
        "Average Dilution Earnings": NaN,
        "Net Income Common Stockholders": 22891000.0,
        "Net Income": 22891000.0,
        "Minority Interests": -6248000.0,
        "Net Income Including Noncontrolling Interests": 29139000.0,
        "Net Income Continuous Operations": 29139000.0,
        "Tax Provision": 9594000.0,
        "Pretax Income": 38733000.0,
        "Other Income Expense": -14258000.0,
        "Gain On Sale Of Security": -14258000.0,
        "Net Non Operating Interest Income Expense": 4830000.0,
        "Interest Expense Non Operating": 0.0,
        "Interest Income Non Operating": 4830000.0,
        "Operating Income": 48161000.0,
        "Operating Expense": 22694000.0,
        "Other Operating Expenses": NaN,
        "Research And Development": 4271000.0,
        "Selling General And Administration": 18423000.0,
        "Gross Profit": 70855000.0,
        "Cost Of Revenue": 139539000.0,
        "Total Revenue": 210394000.0,
        "Operating Revenue": 210394000.0
    }
}