{
    "2023-04-30": {
        "Tax Effect Of Unusual Items": NaN,
        "Tax Rate For Calcs": NaN,
        "Normalized EBITDA": NaN,
        "Total Unusual Items": NaN,
        "Total Unusual Items Excluding Goodwill": NaN,
        "Net Income From Continuing Operation Net Minority Interest": NaN,
        "Reconciled Depreciation": NaN,
        "Reconciled Cost Of Revenue": NaN,
        "EBITDA": NaN,
        "EBIT": NaN,
        "Net Interest Income": NaN,
        "Interest Expense": NaN,
        "Interest Income": 1900000.0,
        "Normalized Income": NaN,
        "Net Income From Continuing And Discontinued Operation": NaN,
        "Total Expenses": NaN,
        "Total Operating Income As Reported": NaN,
        "Diluted Average Shares": 48470000.0,
        "Basic Average Shares": 47930000.0,
        "Diluted EPS": 1.45,
        "Basic EPS": 1.46,
        "Diluted NI Availto Com Stockholders": NaN,
        "Net Income Common Stockholders": NaN,
        "Net Income": NaN,
        "Net Income Including Noncontrolling Interests": NaN,
        "Net Income Continuous Operations": NaN,
        "Tax Provision": NaN,
        "Pretax Income": NaN,
        "Other Income Expense": NaN,
        "Special Income Charges": NaN,
        "Other Special Charges": NaN,
        "Net Non Operating Interest Income Expense": NaN,
        "Total Other Finance Cost": 3000000.0,
        "Interest Expense Non Operating": NaN,
        "Interest Income Non Operating": 1900000.0,
        "Operating Income": NaN,
        "Operating Expense": NaN,
        "Other Operating Expenses": NaN,
        "Depreciation Amortization Depletion Income Statement": NaN,
        "Depreciation And Amortization In Income Statement": NaN,
        "Selling General And Administration": NaN,
        "General And Administrative Expense": NaN,
        "Other Gand A": NaN,
        "Salaries And Wages": NaN,
        "Gross Profit": NaN,
        "Cost Of Revenue": NaN,
        "Total Revenue": NaN,
        "Operating Revenue": NaN
    },
    "2023-01-31": {
        "Tax Effect Of Unusual Items": NaN,
        "Tax Rate For Calcs": NaN,
        "Normalized EBITDA": NaN,
        "Total Unusual Items": NaN,
        "Total Unusual Items Excluding Goodwill": NaN,
        "Net Income From Continuing Operation Net Minority Interest": NaN,
        "Reconciled Depreciation": NaN,
        "Reconciled Cost Of Revenue": NaN,
        "EBITDA": NaN,
        "EBIT": NaN,
        "Net Interest Income": NaN,
        "Interest Expense": NaN,
        "Interest Income": NaN,
        "Normalized Income": NaN,
        "Net Income From Continuing And Discontinued Operation": NaN,
        "Total Expenses": NaN,
        "Total Operating Income As Reported": NaN,
        "Diluted Average Shares": 49006140.0,
        "Basic Average Shares": 48328524.0,
        "Diluted EPS": 0.8,
        "Basic EPS": 0.81,
        "Diluted NI Availto Com Stockholders": NaN,
        "Net Income Common Stockholders": NaN,
        "Net Income": NaN,
        "Net Income Including Noncontrolling Interests": NaN,
        "Net Income Continuous Operations": NaN,
        "Tax Provision": NaN,
        "Pretax Income": NaN,
        "Other Income Expense": NaN,
        "Special Income Charges": NaN,
        "Other Special Charges": NaN,
        "Net Non Operating Interest Income Expense": NaN,
        "Total Other Finance Cost": NaN,
        "Interest Expense Non Operating": NaN,
        "Interest Income Non Operating": NaN,
        "Operating Income": NaN,
        "Operating Expense": NaN,
        "Other Operating Expenses": NaN,
        "Depreciation Amortization Depletion Income Statement": NaN,
        "Depreciation And Amortization In Income Statement": NaN,
        "Selling General And Administration": NaN,
        "General And Administrative Expense": NaN,
        "Other Gand A": NaN,
        "Salaries And Wages": NaN,
        "Gross Profit": NaN,
        "Cost Of Revenue": NaN,
        "Total Revenue": NaN,
        "Operating Revenue": NaN
    },
    "2022-10-31": {
        "Tax Effect Of Unusual Items": NaN,
        "Tax Rate For Calcs": NaN,
        "Normalized EBITDA": NaN,
        "Total Unusual Items": NaN,
        "Total Unusual Items Excluding Goodwill": NaN,
        "Net Income From Continuing Operation Net Minority Interest": NaN,
        "Reconciled Depreciation": NaN,
        "Reconciled Cost Of Revenue": NaN,
        "EBITDA": NaN,
        "EBIT": NaN,
        "Net Interest Income": NaN,
        "Interest Expense": NaN,
        "Normalized Income": NaN,
        "Net Income From Continuing And Discontinued Operation": NaN,
        "Total Expenses": NaN,
        "Total Operating Income As Reported": NaN,
        "Diluted Average Shares": 48740000.0,
        "Basic Average Shares": 48260000.0,
        "Diluted EPS": 0.04,
        "Basic EPS": 0.04,
        "Diluted NI Availto Com Stockholders": NaN,
        "Net Income Common Stockholders": NaN,
        "Net Income": NaN,
        "Net Income Including Noncontrolling Interests": NaN,
        "Net Income Continuous Operations": NaN,
        "Tax Provision": NaN,
        "Pretax Income": NaN,
        "Other Income Expense": NaN,
        "Special Income Charges": NaN,
        "Other Special Charges": NaN,
        "Net Non Operating Interest Income Expense": NaN,
        "Total Other Finance Cost": NaN,
        "Interest Expense Non Operating": NaN,
        "Operating Income": NaN,
        "Operating Expense": NaN,
        "Other Operating Expenses": NaN,
        "Depreciation Amortization Depletion Income Statement": NaN,
        "Depreciation And Amortization In Income Statement": NaN,
        "Selling General And Administration": NaN,
        "General And Administrative Expense": NaN,
        "Other Gand A": NaN,
        "Salaries And Wages": NaN,
        "Gross Profit": NaN,
        "Cost Of Revenue": NaN,
        "Total Revenue": NaN,
        "Operating Revenue": NaN
    },
    "2022-07-31": {
        "Tax Effect Of Unusual Items": 0.0,
        "Tax Rate For Calcs": 0.232,
        "Normalized EBITDA": 93607000.0,
        "Total Unusual Items": NaN,
        "Total Unusual Items Excluding Goodwill": NaN,
        "Net Income From Continuing Operation Net Minority Interest": 29088000.0,
        "Reconciled Depreciation": 38614000.0,
        "Reconciled Cost Of Revenue": 75536000.0,
        "EBITDA": 93607000.0,
        "EBIT": 54993000.0,
        "Net Interest Income": -18597000.0,
        "Interest Expense": 17118000.0,
        "Normalized Income": 29088000.0,
        "Net Income From Continuing And Discontinued Operation": 29088000.0,
        "Total Expenses": 411887000.0,
        "Total Operating Income As Reported": 56472000.0,
        "Diluted Average Shares": 49270000.0,
        "Basic Average Shares": 48830000.0,
        "Diluted EPS": 0.59,
        "Basic EPS": 0.6,
        "Diluted NI Availto Com Stockholders": 29088000.0,
        "Net Income Common Stockholders": 29088000.0,
        "Net Income": 29088000.0,
        "Net Income Including Noncontrolling Interests": 29088000.0,
        "Net Income Continuous Operations": 29088000.0,
        "Tax Provision": 8787000.0,
        "Pretax Income": 37875000.0,
        "Other Income Expense": NaN,
        "Special Income Charges": NaN,
        "Other Special Charges": NaN,
        "Net Non Operating Interest Income Expense": -18597000.0,
        "Total Other Finance Cost": 1479000.0,
        "Interest Expense Non Operating": 17118000.0,
        "Operating Income": 56472000.0,
        "Operating Expense": 336351000.0,
        "Other Operating Expenses": 146353000.0,
        "Depreciation Amortization Depletion Income Statement": 38614000.0,
        "Depreciation And Amortization In Income Statement": 38614000.0,
        "Selling General And Administration": 151384000.0,
        "General And Administrative Expense": 151384000.0,
        "Other Gand A": 37710000.0,
        "Salaries And Wages": 113674000.0,
        "Gross Profit": 392823000.0,
        "Cost Of Revenue": 75536000.0,
        "Total Revenue": 468359000.0,
        "Operating Revenue": 468359000.0
    },
    "2022-04-30": {
        "Diluted EPS": 1.35,
        "Total Revenue": 451,
        "Gross Profit": 381,
        "Operating Income": 99,
        "EBIT": 132,
        "Net Income": 67
    },
    "2022-01-31": {
        "Diluted EPS": 0.53,
        "Total Revenue": 343,
        "Gross Profit": 288,
        "Operating Income": 47,
        "EBIT": 81,
        "Net Income": 26
    },
    "2021-10-31": {
        "Diluted EPS": 0.21,
        "Total Revenue": 318,
        "Gross Profit": 265,
        "Operating Income": 24,
        "EBIT": 59,
        "Net Income": 11
    },
    "2021-07-31": {
        "Diluted EPS": 1.07,
        "Total Revenue": 378,
        "Gross Profit": 320,
        "Operating Income": 79,
        "EBIT": 114,
        "Net Income": 53
    },
    "2021-04-30": {
        "Diluted EPS": 0.4,
        "Total Revenue": 265,
        "Gross Profit": 226,
        "Operating Income": 37,
        "EBIT": 72,
        "Net Income": 20
    },
    "2021-01-31": {
        "Diluted EPS": -1.13,
        "Total Revenue": 117,
        "Gross Profit": 97,
        "Operating Income": -54,
        "EBIT": -20,
        "Net Income": -57
    },
    "2020-10-31": {
        "Diluted EPS": -1.01,
        "Total Revenue": 109,
        "Gross Profit": 91,
        "Operating Income": -56,
        "EBIT": -22,
        "Net Income": -48
    },
    "2020-07-31": {
        "Diluted EPS": -1.24,
        "Total Revenue": 51,
        "Gross Profit": 42,
        "Operating Income": -81,
        "EBIT": -46,
        "Net Income": -59
    },
    "2020-04-30": {
        "Diluted EPS": -1.37,
        "Total Revenue": 160,
        "Gross Profit": 132,
        "Operating Income": -61,
        "EBIT": -26,
        "Net Income": -44
    },
    "2020-01-31": {
        "Diluted EPS": 0.89,
        "Total Revenue": 347,
        "Gross Profit": 287,
        "Operating Income": 38,
        "EBIT": 73,
        "Net Income": 25
    },
    "2019-10-31": {
        "Diluted EPS": 0.02,
        "Total Revenue": 299,
        "Gross Profit": 247,
        "Operating Income": 6,
        "EBIT": 40,
        "Net Income": 0
    },
    "2019-07-31": {
        "Diluted EPS": 0.9,
        "Total Revenue": 345,
        "Gross Profit": 285,
        "Operating Income": 46,
        "EBIT": 79,
        "Net Income": 32
    },
    "2019-04-30": {
        "Diluted EPS": 1.13,
        "Total Revenue": 364,
        "Gross Profit": 302,
        "Operating Income": 58,
        "EBIT": 89,
        "Net Income": 42
    },
    "2019-01-31": {
        "Diluted EPS": 0.75,
        "Total Revenue": 332,
        "Gross Profit": 273,
        "Operating Income": 41,
        "EBIT": 72,
        "Net Income": 29
    },
    "2018-10-31": {
        "Diluted EPS": 0.3,
        "Total Revenue": 282,
        "Gross Profit": 233,
        "Operating Income": 15,
        "EBIT": 46,
        "Net Income": 12
    },
    "2018-07-31": {
        "Diluted EPS": 0.84,
        "Total Revenue": 319,
        "Gross Profit": 264,
        "Operating Income": 46,
        "EBIT": 75,
        "Net Income": 34
    },
    "2018-04-30": {
        "Diluted EPS": 1.04,
        "Total Revenue": 332,
        "Gross Profit": 275,
        "Operating Income": 59,
        "EBIT": 86,
        "Net Income": 42
    },
    "2018-01-31": {
        "Diluted EPS": 0.86,
        "Total Revenue": 305,
        "Gross Profit": 250,
        "Operating Income": 42,
        "EBIT": 71,
        "Net Income": 36
    },
    "2017-10-31": {
        "Diluted EPS": 0.29,
        "Total Revenue": 250,
        "Gross Profit": 205,
        "Operating Income": 20,
        "EBIT": 46,
        "Net Income": 12
    },
    "2017-07-31": {
        "Diluted EPS": 0.71,
        "Total Revenue": 281,
        "Gross Profit": 232,
        "Operating Income": 39,
        "EBIT": 64,
        "Net Income": 30
    },
    "2017-04-30": {
        "Diluted EPS": 0.98,
        "Total Revenue": 304,
        "Gross Profit": 255,
        "Operating Income": 64,
        "EBIT": 88,
        "Net Income": 43
    },
    "2017-01-31": {
        "Diluted EPS": 0.63,
        "Total Revenue": 270,
        "Gross Profit": 222,
        "Operating Income": 45,
        "EBIT": 68,
        "Net Income": 27
    },
    "2016-10-31": {
        "Diluted EPS": 0.25,
        "Total Revenue": 229,
        "Gross Profit": 187,
        "Operating Income": 19,
        "EBIT": 42,
        "Net Income": 11
    },
    "2016-07-31": {
        "Diluted EPS": 0.5,
        "Total Revenue": 244,
        "Gross Profit": 200,
        "Operating Income": 36,
        "EBIT": 57,
        "Net Income": 22
    },
    "2016-04-30": {
        "Diluted EPS": 0.72,
        "Total Revenue": 262,
        "Gross Profit": 216,
        "Operating Income": 51,
        "EBIT": 72,
        "Net Income": 31
    },
    "2016-01-31": {
        "Diluted EPS": 0.53,
        "Total Revenue": 234,
        "Gross Profit": 191,
        "Operating Income": 38,
        "EBIT": 58,
        "Net Income": 23
    },
    "2015-10-31": {
        "Diluted EPS": 0.11,
        "Total Revenue": 193,
        "Gross Profit": 156,
        "Operating Income": 9,
        "EBIT": 29,
        "Net Income": 5
    },
    "2015-07-31": {
        "Diluted EPS": 0.29,
        "Total Revenue": 217,
        "Gross Profit": 176,
        "Operating Income": 27,
        "EBIT": 46,
        "Net Income": 13
    },
    "2015-04-30": {
        "Diluted EPS": 0.46,
        "Total Revenue": 223,
        "Gross Profit": 180,
        "Operating Income": 36,
        "EBIT": 54,
        "Net Income": 20
    },
    "2015-01-31": {
        "Diluted EPS": 0.42,
        "Total Revenue": 207,
        "Gross Profit": 166,
        "Operating Income": 28,
        "EBIT": 47,
        "Net Income": 15
    },
    "2014-10-31": {
        "Diluted EPS": -0.13,
        "Total Revenue": 163,
        "Gross Profit": 131,
        "Operating Income": 1,
        "EBIT": 19,
        "Net Income": -5
    },
    "2014-07-31": {
        "Diluted EPS": -0.42,
        "Total Revenue": 181,
        "Gross Profit": 146,
        "Operating Income": 17,
        "EBIT": 37,
        "Net Income": -14
    },
    "2014-04-30": {
        "Diluted EPS": 0.34,
        "Total Revenue": 195,
        "Gross Profit": 158,
        "Operating Income": 28,
        "EBIT": 51,
        "Net Income": 11
    },
    "2014-01-31": {
        "Diluted EPS": 0.0,
        "Total Revenue": NaN,
        "Gross Profit": NaN,
        "Operating Income": NaN,
        "EBIT": NaN,
        "Net Income": NaN
    },
    "2013-10-31": {
        "Diluted EPS": -0.31,
        "Total Revenue": 142,
        "Gross Profit": 114,
        "Operating Income": -1,
        "EBIT": -1,
        "Net Income": -10
    },
    "2013-01-31": {
        "Diluted EPS": 0.0,
        "Total Revenue": NaN,
        "Gross Profit": NaN,
        "Operating Income": NaN,
        "EBIT": NaN,
        "Net Income": NaN
    },
    "2012-01-31": {
        "Diluted EPS": 0.0,
        "Total Revenue": NaN,
        "Gross Profit": NaN,
        "Operating Income": NaN,
        "EBIT": NaN,
        "Net Income": NaN
    },
    "2023-07-31": {
        "Tax Effect Of Unusual Items": NaN,
        "Tax Rate For Calcs": NaN,
        "Normalized EBITDA": NaN,
        "Total Unusual Items": NaN,
        "Total Unusual Items Excluding Goodwill": NaN,
        "Net Income From Continuing Operation Net Minority Interest": NaN,
        "Reconciled Depreciation": NaN,
        "Reconciled Cost Of Revenue": NaN,
        "EBITDA": NaN,
        "EBIT": NaN,
        "Net Interest Income": NaN,
        "Interest Expense": NaN,
        "Interest Income": 0.0,
        "Normalized Income": NaN,
        "Net Income From Continuing And Discontinued Operation": NaN,
        "Total Expenses": NaN,
        "Total Operating Income As Reported": NaN,
        "Diluted Average Shares": 43380000.0,
        "Basic Average Shares": 43010000.0,
        "Diluted EPS": 0.6,
        "Basic EPS": 0.6,
        "Diluted NI Availto Com Stockholders": NaN,
        "Net Income Common Stockholders": NaN,
        "Net Income": NaN,
        "Net Income Including Noncontrolling Interests": NaN,
        "Net Income Continuous Operations": NaN,
        "Tax Provision": NaN,
        "Pretax Income": NaN,
        "Other Income Expense": NaN,
        "Special Income Charges": NaN,
        "Other Special Charges": NaN,
        "Net Non Operating Interest Income Expense": NaN,
        "Total Other Finance Cost": 3000000.0,
        "Interest Expense Non Operating": NaN,
        "Interest Income Non Operating": 0.0,
        "Operating Income": NaN,
        "Operating Expense": NaN,
        "Other Operating Expenses": NaN,
        "Depreciation Amortization Depletion Income Statement": NaN,
        "Depreciation And Amortization In Income Statement": NaN,
        "Selling General And Administration": NaN,
        "General And Administrative Expense": NaN,
        "Other Gand A": NaN,
        "Salaries And Wages": NaN,
        "Gross Profit": NaN,
        "Cost Of Revenue": NaN,
        "Total Revenue": NaN,
        "Operating Revenue": NaN
    },
    "2023-10-31": {
        "Tax Effect Of Unusual Items": NaN,
        "Tax Rate For Calcs": NaN,
        "Normalized EBITDA": NaN,
        "Total Unusual Items": NaN,
        "Total Unusual Items Excluding Goodwill": NaN,
        "Net Income From Continuing Operation Net Minority Interest": NaN,
        "Reconciled Depreciation": NaN,
        "Reconciled Cost Of Revenue": NaN,
        "EBITDA": NaN,
        "EBIT": NaN,
        "Net Interest Income": NaN,
        "Interest Expense": NaN,
        "Interest Income": 3100000.0,
        "Normalized Income": NaN,
        "Net Income From Continuing And Discontinued Operation": NaN,
        "Total Expenses": NaN,
        "Total Operating Income As Reported": NaN,
        "Diluted Average Shares": 41810000.0,
        "Basic Average Shares": 41810000.0,
        "Diluted EPS": -0.12,
        "Basic EPS": -0.12,
        "Diluted NI Availto Com Stockholders": NaN,
        "Net Income Common Stockholders": NaN,
        "Net Income": NaN,
        "Net Income Including Noncontrolling Interests": NaN,
        "Net Income Continuous Operations": NaN,
        "Tax Provision": NaN,
        "Pretax Income": NaN,
        "Other Income Expense": NaN,
        "Special Income Charges": NaN,
        "Other Special Charges": NaN,
        "Net Non Operating Interest Income Expense": NaN,
        "Total Other Finance Cost": 2600000.0,
        "Interest Expense Non Operating": NaN,
        "Interest Income Non Operating": 3100000.0,
        "Operating Income": NaN,
        "Operating Expense": NaN,
        "Other Operating Expenses": NaN,
        "Depreciation Amortization Depletion Income Statement": NaN,
        "Depreciation And Amortization In Income Statement": NaN,
        "Selling General And Administration": NaN,
        "General And Administrative Expense": NaN,
        "Other Gand A": NaN,
        "Salaries And Wages": NaN,
        "Gross Profit": NaN,
        "Cost Of Revenue": NaN,
        "Total Revenue": NaN,
        "Operating Revenue": NaN
    },
    "2024-01-31": {
        "Tax Effect Of Unusual Items": -2900603.62173,
        "Tax Rate For Calcs": 0.273642,
        "Normalized EBITDA": 146700000.0,
        "Total Unusual Items": -10600000.0,
        "Total Unusual Items Excluding Goodwill": -10600000.0,
        "Net Income From Continuing Operation Net Minority Interest": 36100000.0,
        "Reconciled Depreciation": 58600000.0,
        "Reconciled Cost Of Revenue": 90300000.0,
        "EBITDA": 136100000.0,
        "EBIT": 77500000.0,
        "Net Interest Income": -34900000.0,
        "Interest Expense": 27800000.0,
        "Interest Income": NaN,
        "Normalized Income": 43799396.37827,
        "Net Income From Continuing And Discontinued Operation": 36100000.0,
        "Total Expenses": 503800000.0,
        "Total Operating Income As Reported": 89500000.0,
        "Diluted Average Shares": NaN,
        "Basic Average Shares": NaN,
        "Diluted EPS": NaN,
        "Basic EPS": NaN,
        "Diluted NI Availto Com Stockholders": 36100000.0,
        "Net Income Common Stockholders": 36100000.0,
        "Net Income": 36100000.0,
        "Net Income Including Noncontrolling Interests": 36100000.0,
        "Net Income Continuous Operations": 36100000.0,
        "Tax Provision": 13600000.0,
        "Pretax Income": 49700000.0,
        "Other Income Expense": -10600000.0,
        "Special Income Charges": -10600000.0,
        "Other Special Charges": 10600000.0,
        "Net Non Operating Interest Income Expense": -34900000.0,
        "Total Other Finance Cost": NaN,
        "Interest Expense Non Operating": 27800000.0,
        "Interest Income Non Operating": NaN,
        "Operating Income": 95200000.0,
        "Operating Expense": 413500000.0,
        "Other Operating Expenses": 175800000.0,
        "Depreciation Amortization Depletion Income Statement": 58600000.0,
        "Depreciation And Amortization In Income Statement": 58600000.0,
        "Selling General And Administration": 179100000.0,
        "General And Administrative Expense": 179100000.0,
        "Other Gand A": 30600000.0,
        "Salaries And Wages": 148500000.0,
        "Gross Profit": 508700000.0,
        "Cost Of Revenue": 90300000.0,
        "Total Revenue": 599000000.0,
        "Operating Revenue": 599000000.0
    },
    "2024-04-30": {
        "Tax Effect Of Unusual Items": -693000.0,
        "Tax Rate For Calcs": 0.21,
        "Normalized EBITDA": 148900000.0,
        "Total Unusual Items": -3300000.0,
        "Total Unusual Items Excluding Goodwill": -3300000.0,
        "Net Income From Continuing Operation Net Minority Interest": 41400000.0,
        "Reconciled Depreciation": 62800000.0,
        "Reconciled Cost Of Revenue": 87300000.0,
        "EBITDA": 145600000.0,
        "EBIT": 82800000.0,
        "Net Interest Income": -33100000.0,
        "Interest Expense": 30400000.0,
        "Interest Income": 100000.0,
        "Normalized Income": 44007000.0,
        "Net Income From Continuing And Discontinued Operation": 41400000.0,
        "Total Expenses": 499300000.0,
        "Total Operating Income As Reported": 85500000.0,
        "Diluted Average Shares": 41640000.0,
        "Basic Average Shares": 40320000.0,
        "Diluted EPS": 0.99,
        "Basic EPS": 1.03,
        "Diluted NI Availto Com Stockholders": 41400000.0,
        "Net Income Common Stockholders": 41400000.0,
        "Net Income": 41400000.0,
        "Net Income Including Noncontrolling Interests": 41400000.0,
        "Net Income Continuous Operations": 41400000.0,
        "Tax Provision": 11000000.0,
        "Pretax Income": 52400000.0,
        "Other Income Expense": -3300000.0,
        "Special Income Charges": -3300000.0,
        "Other Special Charges": 3300000.0,
        "Net Non Operating Interest Income Expense": -33100000.0,
        "Total Other Finance Cost": 2800000.0,
        "Interest Expense Non Operating": 30400000.0,
        "Interest Income Non Operating": 100000.0,
        "Operating Income": 88800000.0,
        "Operating Expense": 412000000.0,
        "Other Operating Expenses": 179600000.0,
        "Depreciation Amortization Depletion Income Statement": 62800000.0,
        "Depreciation And Amortization In Income Statement": 62800000.0,
        "Selling General And Administration": 169600000.0,
        "General And Administrative Expense": 169600000.0,
        "Other Gand A": 28000000.0,
        "Salaries And Wages": 141600000.0,
        "Gross Profit": 500800000.0,
        "Cost Of Revenue": 87300000.0,
        "Total Revenue": 588100000.0,
        "Operating Revenue": 588100000.0
    },
    "2024-07-31": {
        "Tax Effect Of Unusual Items": -834584.980237,
        "Tax Rate For Calcs": 0.203557,
        "Normalized EBITDA": 143500000.0,
        "Total Unusual Items": -4100000.0,
        "Total Unusual Items Excluding Goodwill": -4100000.0,
        "Net Income From Continuing Operation Net Minority Interest": 40300000.0,
        "Reconciled Depreciation": 57500000.0,
        "Reconciled Cost Of Revenue": 81800000.0,
        "EBITDA": 139400000.0,
        "EBIT": 81900000.0,
        "Net Interest Income": -33900000.0,
        "Interest Expense": 31300000.0,
        "Interest Income": 200000.0,
        "Normalized Income": 43565415.019763,
        "Net Income From Continuing And Discontinued Operation": 40300000.0,
        "Total Expenses": 468500000.0,
        "Total Operating Income As Reported": 84500000.0,
        "Diluted Average Shares": 40780000.0,
        "Basic Average Shares": 39670000.0,
        "Diluted EPS": 0.99,
        "Basic EPS": 1.02,
        "Diluted NI Availto Com Stockholders": 40300000.0,
        "Net Income Common Stockholders": 40300000.0,
        "Net Income": 40300000.0,
        "Net Income Including Noncontrolling Interests": 40300000.0,
        "Net Income Continuous Operations": 40300000.0,
        "Tax Provision": 10300000.0,
        "Pretax Income": 50600000.0,
        "Other Income Expense": -4100000.0,
        "Special Income Charges": -4100000.0,
        "Other Special Charges": 4100000.0,
        "Net Non Operating Interest Income Expense": -33900000.0,
        "Total Other Finance Cost": 2800000.0,
        "Interest Expense Non Operating": 31300000.0,
        "Interest Income Non Operating": 200000.0,
        "Operating Income": 88600000.0,
        "Operating Expense": 386700000.0,
        "Other Operating Expenses": 170000000.0,
        "Depreciation Amortization Depletion Income Statement": 57500000.0,
        "Depreciation And Amortization In Income Statement": 57500000.0,
        "Selling General And Administration": 159200000.0,
        "General And Administrative Expense": 159200000.0,
        "Other Gand A": 28000000.0,
        "Salaries And Wages": 131200000.0,
        "Gross Profit": 475300000.0,
        "Cost Of Revenue": 81800000.0,
        "Total Revenue": 557100000.0,
        "Operating Revenue": 557100000.0
    },
    "2024-10-31": {
        "Tax Effect Of Unusual Items": -4447200.0,
        "Tax Rate For Calcs": 0.218,
        "Normalized EBITDA": 62700000.0,
        "Total Unusual Items": -20400000.0,
        "Total Unusual Items Excluding Goodwill": -20400000.0,
        "Net Income From Continuing Operation Net Minority Interest": -32700000.0,
        "Reconciled Depreciation": 53900000.0,
        "Reconciled Cost Of Revenue": 67800000.0,
        "EBITDA": 42300000.0,
        "EBIT": -11600000.0,
        "Net Interest Income": -32900000.0,
        "Interest Expense": 30200000.0,
        "Interest Income": 100000.0,
        "Normalized Income": -16747200.0,
        "Net Income From Continuing And Discontinued Operation": -32700000.0,
        "Total Expenses": 441500000.0,
        "Total Operating Income As Reported": 6300000.0,
        "Diluted Average Shares": 39110000.0,
        "Basic Average Shares": 39110000.0,
        "Diluted EPS": -0.84,
        "Basic EPS": -0.84,
        "Diluted NI Availto Com Stockholders": -32700000.0,
        "Net Income Common Stockholders": -32700000.0,
        "Net Income": -32700000.0,
        "Net Income Including Noncontrolling Interests": -32700000.0,
        "Net Income Continuous Operations": -32700000.0,
        "Tax Provision": -9100000.0,
        "Pretax Income": -41800000.0,
        "Other Income Expense": -20400000.0,
        "Special Income Charges": -20400000.0,
        "Other Special Charges": 20400000.0,
        "Net Non Operating Interest Income Expense": -32900000.0,
        "Total Other Finance Cost": 2800000.0,
        "Interest Expense Non Operating": 30200000.0,
        "Interest Income Non Operating": 100000.0,
        "Operating Income": 11500000.0,
        "Operating Expense": 373700000.0,
        "Other Operating Expenses": 174300000.0,
        "Depreciation Amortization Depletion Income Statement": 53900000.0,
        "Depreciation And Amortization In Income Statement": 53900000.0,
        "Selling General And Administration": 145500000.0,
        "General And Administrative Expense": 145500000.0,
        "Other Gand A": 24600000.0,
        "Salaries And Wages": 120900000.0,
        "Gross Profit": 385200000.0,
        "Cost Of Revenue": 67800000.0,
        "Total Revenue": 453000000.0,
        "Operating Revenue": 453000000.0
    },
    "2025-01-31": {
        "Tax Effect Of Unusual Items": -1281000.0,
        "Tax Rate For Calcs": 0.21,
        "Normalized EBITDA": 112000000.0,
        "Total Unusual Items": -6100000.0,
        "Total Unusual Items Excluding Goodwill": -6100000.0,
        "Net Income From Continuing Operation Net Minority Interest": 9300000.0,
        "Reconciled Depreciation": 64000000.0,
        "Reconciled Cost Of Revenue": 77500000.0,
        "EBITDA": 105900000.0,
        "EBIT": 41900000.0,
        "Net Interest Income": -35400000.0,
        "Interest Expense": 33200000.0,
        "Interest Income": 0.0,
        "Normalized Income": 14119000.0,
        "Net Income From Continuing And Discontinued Operation": 9300000.0,
        "Total Expenses": 484300000.0,
        "Total Operating Income As Reported": 44100000.0,
        "Diluted Average Shares": 38180000.0,
        "Basic Average Shares": 37370000.0,
        "Diluted EPS": 0.24,
        "Basic EPS": 0.25,
        "Diluted NI Availto Com Stockholders": 9300000.0,
        "Net Income Common Stockholders": 9300000.0,
        "Net Income": 9300000.0,
        "Net Income Including Noncontrolling Interests": 9300000.0,
        "Net Income Continuous Operations": 9300000.0,
        "Tax Provision": -600000.0,
        "Pretax Income": 8700000.0,
        "Other Income Expense": -6100000.0,
        "Special Income Charges": -6100000.0,
        "Other Special Charges": 6100000.0,
        "Net Non Operating Interest Income Expense": -35400000.0,
        "Total Other Finance Cost": 2200000.0,
        "Interest Expense Non Operating": 33200000.0,
        "Interest Income Non Operating": 0.0,
        "Operating Income": 50200000.0,
        "Operating Expense": 406800000.0,
        "Other Operating Expenses": 202600000.0,
        "Depreciation Amortization Depletion Income Statement": 64000000.0,
        "Depreciation And Amortization In Income Statement": 64000000.0,
        "Selling General And Administration": 140200000.0,
        "General And Administrative Expense": 140200000.0,
        "Other Gand A": 10400000.0,
        "Salaries And Wages": 129800000.0,
        "Gross Profit": 457000000.0,
        "Cost Of Revenue": 77500000.0,
        "Total Revenue": 534500000.0,
        "Operating Revenue": 534500000.0
    },
    "2025-04-30": {
        "Tax Effect Of Unusual Items": -1085800.0,
        "Tax Rate For Calcs": 0.178,
        "Normalized EBITDA": 130500000.0,
        "Total Unusual Items": -6100000.0,
        "Total Unusual Items Excluding Goodwill": -6100000.0,
        "Net Income From Continuing Operation Net Minority Interest": 21700000.0,
        "Reconciled Depreciation": 63200000.0,
        "Reconciled Cost Of Revenue": 82100000.0,
        "EBITDA": 124400000.0,
        "EBIT": 61200000.0,
        "Net Interest Income": -36800000.0,
        "Interest Expense": 34800000.0,
        "Interest Income": 400000.0,
        "Normalized Income": 26714200.0,
        "Net Income From Continuing And Discontinued Operation": 21700000.0,
        "Total Expenses": 498400000.0,
        "Total Operating Income As Reported": 63200000.0,
        "Diluted Average Shares": 35190000.0,
        "Basic Average Shares": 34720000.0,
        "Diluted EPS": 0.62,
        "Basic EPS": 0.63,
        "Diluted NI Availto Com Stockholders": 21700000.0,
        "Net Income Common Stockholders": 21700000.0,
        "Net Income": 21700000.0,
        "Net Income Including Noncontrolling Interests": 21700000.0,
        "Net Income Continuous Operations": 21700000.0,
        "Tax Provision": 4700000.0,
        "Pretax Income": 26400000.0,
        "Other Income Expense": -6100000.0,
        "Special Income Charges": -6100000.0,
        "Other Special Charges": 6100000.0,
        "Net Non Operating Interest Income Expense": -36800000.0,
        "Total Other Finance Cost": 2400000.0,
        "Interest Expense Non Operating": 34800000.0,
        "Interest Income Non Operating": 400000.0,
        "Operating Income": 69300000.0,
        "Operating Expense": 416300000.0,
        "Other Operating Expenses": 193700000.0,
        "Depreciation Amortization Depletion Income Statement": 63200000.0,
        "Depreciation And Amortization In Income Statement": 63200000.0,
        "Selling General And Administration": 159400000.0,
        "General And Administrative Expense": 159400000.0,
        "Other Gand A": 24400000.0,
        "Salaries And Wages": 135000000.0,
        "Gross Profit": 485600000.0,
        "Cost Of Revenue": 82100000.0,
        "Total Revenue": 567700000.0,
        "Operating Revenue": 567700000.0
    },
    "2025-07-31": {
        "Tax Effect Of Unusual Items": -831468.531469,
        "Tax Rate For Calcs": 0.202797,
        "Normalized EBITDA": 120400000.0,
        "Total Unusual Items": -4100000.0,
        "Total Unusual Items Excluding Goodwill": -4100000.0,
        "Net Income From Continuing Operation Net Minority Interest": 11400000.0,
        "Reconciled Depreciation": 65200000.0,
        "Reconciled Cost Of Revenue": 76400000.0,
        "EBITDA": 116300000.0,
        "EBIT": 51100000.0,
        "Net Interest Income": -38700000.0,
        "Interest Expense": 36800000.0,
        "Interest Income": 100000.0,
        "Normalized Income": 14668531.468531,
        "Net Income From Continuing And Discontinued Operation": 11400000.0,
        "Total Expenses": 500300000.0,
        "Total Operating Income As Reported": 53000000.0,
        "Diluted Average Shares": 35140000.0,
        "Basic Average Shares": 34520000.0,
        "Diluted EPS": 0.32,
        "Basic EPS": 0.33,
        "Diluted NI Availto Com Stockholders": 11400000.0,
        "Net Income Common Stockholders": 11400000.0,
        "Net Income": 11400000.0,
        "Net Income Including Noncontrolling Interests": 11400000.0,
        "Net Income Continuous Operations": 11400000.0,
        "Tax Provision": 2900000.0,
        "Pretax Income": 14300000.0,
        "Other Income Expense": -4100000.0,
        "Special Income Charges": -4100000.0,
        "Other Special Charges": 4100000.0,
        "Net Non Operating Interest Income Expense": -38700000.0,
        "Total Other Finance Cost": 2000000.0,
        "Interest Expense Non Operating": 36800000.0,
        "Interest Income Non Operating": 100000.0,
        "Operating Income": 57100000.0,
        "Operating Expense": 423900000.0,
        "Other Operating Expenses": 188000000.0,
        "Depreciation Amortization Depletion Income Statement": 65200000.0,
        "Depreciation And Amortization In Income Statement": 65200000.0,
        "Selling General And Administration": 170700000.0,
        "General And Administrative Expense": 170700000.0,
        "Other Gand A": 32000000.0,
        "Salaries And Wages": 138700000.0,
        "Gross Profit": 481000000.0,
        "Cost Of Revenue": 76400000.0,
        "Total Revenue": 557400000.0,
        "Operating Revenue": 557400000.0
    },
    "2025-10-31": {
        "Tax Effect Of Unusual Items": -1193800.0,
        "Tax Rate For Calcs": 0.254,
        "Normalized EBITDA": 49200000.0,
        "Total Unusual Items": -4700000.0,
        "Total Unusual Items Excluding Goodwill": -4700000.0,
        "Net Income From Continuing Operation Net Minority Interest": -42100000.0,
        "Reconciled Depreciation": 63000000.0,
        "Reconciled Cost Of Revenue": 63500000.0,
        "EBITDA": 44500000.0,
        "EBIT": -18500000.0,
        "Net Interest Income": -40200000.0,
        "Interest Expense": 37900000.0,
        "Interest Income": 0.0,
        "Normalized Income": -38593800.0,
        "Net Income From Continuing And Discontinued Operation": -42100000.0,
        "Total Expenses": 459700000.0,
        "Total Operating Income As Reported": -16200000.0,
        "Diluted Average Shares": 34530000.0,
        "Basic Average Shares": 34530000.0,
        "Diluted EPS": -1.22,
        "Basic EPS": -1.22,
        "Diluted NI Availto Com Stockholders": -42100000.0,
        "Net Income Common Stockholders": -42100000.0,
        "Net Income": -42100000.0,
        "Net Income Including Noncontrolling Interests": -42100000.0,
        "Net Income Continuous Operations": -42100000.0,
        "Tax Provision": -14300000.0,
        "Pretax Income": -56400000.0,
        "Other Income Expense": -4700000.0,
        "Special Income Charges": -4700000.0,
        "Other Special Charges": 4700000.0,
        "Net Non Operating Interest Income Expense": -40200000.0,
        "Total Other Finance Cost": 2300000.0,
        "Interest Expense Non Operating": 37900000.0,
        "Interest Income Non Operating": 0.0,
        "Operating Income": -11500000.0,
        "Operating Expense": 396200000.0,
        "Other Operating Expenses": 175400000.0,
        "Depreciation Amortization Depletion Income Statement": 63000000.0,
        "Depreciation And Amortization In Income Statement": 63000000.0,
        "Selling General And Administration": 157800000.0,
        "General And Administrative Expense": 157800000.0,
        "Other Gand A": 32900000.0,
        "Salaries And Wages": 124900000.0,
        "Gross Profit": 384700000.0,
        "Cost Of Revenue": 63500000.0,
        "Total Revenue": 448200000.0,
        "Operating Revenue": 448200000.0
    }
}