{
    "2023-03-31": {
        "Tax Effect Of Unusual Items": NaN,
        "Tax Rate For Calcs": NaN,
        "Normalized EBITDA": NaN,
        "Total Unusual Items": NaN,
        "Total Unusual Items Excluding Goodwill": NaN,
        "Net Income From Continuing Operation Net Minority Interest": NaN,
        "Reconciled Depreciation": NaN,
        "Reconciled Cost Of Revenue": NaN,
        "EBITDA": NaN,
        "EBIT": NaN,
        "Net Interest Income": NaN,
        "Interest Expense": NaN,
        "Normalized Income": NaN,
        "Net Income From Continuing And Discontinued Operation": NaN,
        "Total Expenses": NaN,
        "Total Operating Income As Reported": NaN,
        "Diluted Average Shares": NaN,
        "Basic Average Shares": NaN,
        "Diluted EPS": NaN,
        "Basic EPS": NaN,
        "Diluted NI Availto Com Stockholders": NaN,
        "Net Income Common Stockholders": NaN,
        "Net Income": NaN,
        "Net Income Including Noncontrolling Interests": NaN,
        "Net Income Discontinuous Operations": NaN,
        "Net Income Continuous Operations": NaN,
        "Tax Provision": NaN,
        "Pretax Income": NaN,
        "Other Income Expense": NaN,
        "Other Non Operating Income Expenses": NaN,
        "Special Income Charges": NaN,
        "Gain On Sale Of Ppe": NaN,
        "Other Special Charges": 1848000.0,
        "Write Off": 0.0,
        "Impairment Of Capital Assets": NaN,
        "Restructuring And Mergern Acquisition": -192000.0,
        "Gain On Sale Of Security": -3018000.0,
        "Net Non Operating Interest Income Expense": NaN,
        "Interest Expense Non Operating": NaN,
        "Operating Income": NaN,
        "Operating Expense": NaN,
        "Other Operating Expenses": NaN,
        "Selling General And Administration": NaN,
        "Selling And Marketing Expense": 50927000.0,
        "General And Administrative Expense": 41405000.0,
        "Other Gand A": 41405000.0,
        "Gross Profit": NaN,
        "Cost Of Revenue": NaN,
        "Total Revenue": NaN,
        "Operating Revenue": NaN
    },
    "2022-12-31": {
        "Tax Effect Of Unusual Items": NaN,
        "Tax Rate For Calcs": NaN,
        "Normalized EBITDA": NaN,
        "Total Unusual Items": NaN,
        "Total Unusual Items Excluding Goodwill": NaN,
        "Net Income From Continuing Operation Net Minority Interest": NaN,
        "Reconciled Depreciation": NaN,
        "Reconciled Cost Of Revenue": NaN,
        "EBITDA": NaN,
        "EBIT": NaN,
        "Net Interest Income": NaN,
        "Interest Expense": NaN,
        "Normalized Income": NaN,
        "Net Income From Continuing And Discontinued Operation": NaN,
        "Total Expenses": NaN,
        "Total Operating Income As Reported": NaN,
        "Diluted Average Shares": NaN,
        "Basic Average Shares": NaN,
        "Diluted EPS": NaN,
        "Basic EPS": NaN,
        "Diluted NI Availto Com Stockholders": NaN,
        "Net Income Common Stockholders": NaN,
        "Net Income": NaN,
        "Net Income Including Noncontrolling Interests": NaN,
        "Net Income Discontinuous Operations": NaN,
        "Net Income Continuous Operations": NaN,
        "Tax Provision": NaN,
        "Pretax Income": NaN,
        "Other Income Expense": NaN,
        "Other Non Operating Income Expenses": NaN,
        "Special Income Charges": NaN,
        "Gain On Sale Of Ppe": -113000.0,
        "Other Special Charges": 1046000.0,
        "Write Off": NaN,
        "Impairment Of Capital Assets": NaN,
        "Restructuring And Mergern Acquisition": NaN,
        "Gain On Sale Of Security": NaN,
        "Net Non Operating Interest Income Expense": NaN,
        "Interest Expense Non Operating": NaN,
        "Operating Income": NaN,
        "Operating Expense": NaN,
        "Other Operating Expenses": NaN,
        "Selling General And Administration": NaN,
        "Selling And Marketing Expense": 46458000.0,
        "General And Administrative Expense": 46458000.0,
        "Other Gand A": 46458000.0,
        "Gross Profit": NaN,
        "Cost Of Revenue": NaN,
        "Total Revenue": NaN,
        "Operating Revenue": NaN
    },
    "2022-09-30": {
        "Tax Effect Of Unusual Items": NaN,
        "Tax Rate For Calcs": NaN,
        "Normalized EBITDA": NaN,
        "Total Unusual Items": NaN,
        "Total Unusual Items Excluding Goodwill": NaN,
        "Net Income From Continuing Operation Net Minority Interest": NaN,
        "Reconciled Depreciation": NaN,
        "Reconciled Cost Of Revenue": NaN,
        "EBITDA": NaN,
        "EBIT": NaN,
        "Net Interest Income": NaN,
        "Interest Expense": NaN,
        "Normalized Income": NaN,
        "Net Income From Continuing And Discontinued Operation": NaN,
        "Total Expenses": NaN,
        "Total Operating Income As Reported": NaN,
        "Diluted Average Shares": NaN,
        "Basic Average Shares": NaN,
        "Diluted EPS": NaN,
        "Basic EPS": NaN,
        "Diluted NI Availto Com Stockholders": NaN,
        "Net Income Common Stockholders": NaN,
        "Net Income": NaN,
        "Net Income Including Noncontrolling Interests": NaN,
        "Net Income Discontinuous Operations": NaN,
        "Net Income Continuous Operations": NaN,
        "Tax Provision": NaN,
        "Pretax Income": NaN,
        "Other Income Expense": NaN,
        "Other Non Operating Income Expenses": NaN,
        "Special Income Charges": NaN,
        "Gain On Sale Of Ppe": 5802000.0,
        "Other Special Charges": 220000.0,
        "Write Off": NaN,
        "Restructuring And Mergern Acquisition": -1371000.0,
        "Gain On Sale Of Security": 9149000.0,
        "Net Non Operating Interest Income Expense": NaN,
        "Interest Expense Non Operating": NaN,
        "Operating Income": NaN,
        "Operating Expense": NaN,
        "Other Operating Expenses": NaN,
        "Selling General And Administration": NaN,
        "Selling And Marketing Expense": 43692000.0,
        "General And Administrative Expense": 43692000.0,
        "Other Gand A": 43692000.0,
        "Gross Profit": NaN,
        "Cost Of Revenue": NaN,
        "Total Revenue": NaN,
        "Operating Revenue": NaN
    },
    "2022-06-30": {
        "Tax Effect Of Unusual Items": 0.0,
        "Tax Rate For Calcs": 0.058,
        "Normalized EBITDA": -109000.0,
        "Total Unusual Items": 0.0,
        "Total Unusual Items Excluding Goodwill": 0.0,
        "Net Income From Continuing Operation Net Minority Interest": -8315000.0,
        "Reconciled Depreciation": 4637000.0,
        "Reconciled Cost Of Revenue": 28058000.0,
        "EBITDA": -109000.0,
        "EBIT": -4746000.0,
        "Net Interest Income": -4083000.0,
        "Interest Expense": 4083000.0,
        "Normalized Income": -8315000.0,
        "Net Income From Continuing And Discontinued Operation": -8315000.0,
        "Total Expenses": 71597000.0,
        "Total Operating Income As Reported": -6183000.0,
        "Diluted Average Shares": 46604046.0,
        "Basic Average Shares": 46604046.0,
        "Diluted EPS": -0.17,
        "Basic EPS": -0.17,
        "Diluted NI Availto Com Stockholders": -8315000.0,
        "Net Income Common Stockholders": -8315000.0,
        "Net Income": -8315000.0,
        "Net Income Including Noncontrolling Interests": -8315000.0,
        "Net Income Discontinuous Operations": NaN,
        "Net Income Continuous Operations": -8315000.0,
        "Tax Provision": -514000.0,
        "Pretax Income": -8829000.0,
        "Other Income Expense": 1437000.0,
        "Other Non Operating Income Expenses": 1437000.0,
        "Special Income Charges": 0.0,
        "Gain On Sale Of Ppe": NaN,
        "Other Special Charges": NaN,
        "Write Off": NaN,
        "Restructuring And Mergern Acquisition": NaN,
        "Gain On Sale Of Security": NaN,
        "Net Non Operating Interest Income Expense": -4083000.0,
        "Interest Expense Non Operating": 4083000.0,
        "Operating Income": -6183000.0,
        "Operating Expense": 43539000.0,
        "Other Operating Expenses": 2574000.0,
        "Selling General And Administration": 40965000.0,
        "Selling And Marketing Expense": 40965000.0,
        "Gross Profit": 37356000.0,
        "Cost Of Revenue": 28058000.0,
        "Total Revenue": 65414000.0,
        "Operating Revenue": 65414000.0
    },
    "2022-03-31": {
        "Diluted EPS": 0.12,
        "Total Revenue": 69,
        "Gross Profit": 40,
        "Operating Income": 7,
        "EBIT": 12,
        "Net Income": 6
    },
    "2021-12-31": {
        "Diluted EPS": -1.45,
        "Total Revenue": 96,
        "Gross Profit": 48,
        "Operating Income": -55,
        "EBIT": -50,
        "Net Income": -56
    },
    "2021-09-30": {
        "Diluted EPS": -0.18,
        "Total Revenue": 58,
        "Gross Profit": 32,
        "Operating Income": -6,
        "EBIT": -1,
        "Net Income": -8
    },
    "2021-06-30": {
        "Diluted EPS": -0.24,
        "Total Revenue": 50,
        "Gross Profit": 26,
        "Operating Income": -3,
        "EBIT": -1,
        "Net Income": -9
    },
    "2021-03-31": {
        "Diluted EPS": -0.17,
        "Total Revenue": 43,
        "Gross Profit": 24,
        "Operating Income": -5,
        "EBIT": -3,
        "Net Income": -5
    },
    "2020-12-31": {
        "Diluted EPS": -0.02,
        "Total Revenue": 46,
        "Gross Profit": 23,
        "Operating Income": 5,
        "EBIT": 5,
        "Net Income": -1
    },
    "2020-09-30": {
        "Diluted EPS": 0.05,
        "Total Revenue": 35,
        "Gross Profit": 19,
        "Operating Income": 4,
        "EBIT": 5,
        "Net Income": 1
    },
    "2020-06-30": {
        "Diluted EPS": -0.16,
        "Total Revenue": 35,
        "Gross Profit": 15,
        "Operating Income": 2,
        "EBIT": 2,
        "Net Income": -4
    },
    "2020-03-31": {
        "Diluted EPS": -0.11,
        "Total Revenue": 32,
        "Gross Profit": 15,
        "Operating Income": 3,
        "EBIT": 3,
        "Net Income": -2
    },
    "2019-12-31": {
        "Diluted EPS": 0.0,
        "Total Revenue": NaN,
        "Gross Profit": NaN,
        "Operating Income": NaN,
        "EBIT": NaN,
        "Net Income": NaN
    },
    "2023-06-30": {
        "Tax Effect Of Unusual Items": NaN,
        "Tax Rate For Calcs": NaN,
        "Normalized EBITDA": NaN,
        "Total Unusual Items": NaN,
        "Total Unusual Items Excluding Goodwill": NaN,
        "Net Income From Continuing Operation Net Minority Interest": NaN,
        "Reconciled Depreciation": NaN,
        "Reconciled Cost Of Revenue": NaN,
        "EBITDA": NaN,
        "EBIT": NaN,
        "Net Interest Income": NaN,
        "Interest Expense": NaN,
        "Normalized Income": NaN,
        "Net Income From Continuing And Discontinued Operation": NaN,
        "Total Expenses": NaN,
        "Total Operating Income As Reported": NaN,
        "Diluted Average Shares": NaN,
        "Basic Average Shares": NaN,
        "Diluted EPS": NaN,
        "Basic EPS": NaN,
        "Diluted NI Availto Com Stockholders": NaN,
        "Net Income Common Stockholders": NaN,
        "Net Income": NaN,
        "Net Income Including Noncontrolling Interests": NaN,
        "Net Income Discontinuous Operations": NaN,
        "Net Income Continuous Operations": NaN,
        "Tax Provision": NaN,
        "Pretax Income": NaN,
        "Other Income Expense": NaN,
        "Other Non Operating Income Expenses": NaN,
        "Special Income Charges": NaN,
        "Gain On Sale Of Ppe": NaN,
        "Other Special Charges": -7980000.0,
        "Write Off": 146240000.0,
        "Impairment Of Capital Assets": 146240000.0,
        "Restructuring And Mergern Acquisition": -75000.0,
        "Gain On Sale Of Security": 9523000.0,
        "Net Non Operating Interest Income Expense": NaN,
        "Interest Expense Non Operating": NaN,
        "Operating Income": NaN,
        "Operating Expense": NaN,
        "Other Operating Expenses": -259000.0,
        "Selling General And Administration": NaN,
        "Selling And Marketing Expense": 32517000.0,
        "General And Administrative Expense": 32517000.0,
        "Other Gand A": 32517000.0,
        "Gross Profit": NaN,
        "Cost Of Revenue": NaN,
        "Total Revenue": NaN,
        "Operating Revenue": NaN
    },
    "2023-09-30": {
        "Tax Effect Of Unusual Items": NaN,
        "Tax Rate For Calcs": NaN,
        "Normalized EBITDA": NaN,
        "Total Unusual Items": NaN,
        "Total Unusual Items Excluding Goodwill": NaN,
        "Net Income From Continuing Operation Net Minority Interest": NaN,
        "Reconciled Depreciation": NaN,
        "Reconciled Cost Of Revenue": NaN,
        "EBITDA": NaN,
        "EBIT": NaN,
        "Net Interest Income": NaN,
        "Interest Expense": NaN,
        "Normalized Income": NaN,
        "Net Income From Continuing And Discontinued Operation": NaN,
        "Total Expenses": NaN,
        "Total Operating Income As Reported": NaN,
        "Diluted Average Shares": NaN,
        "Basic Average Shares": NaN,
        "Diluted EPS": NaN,
        "Basic EPS": NaN,
        "Diluted NI Availto Com Stockholders": NaN,
        "Net Income Common Stockholders": NaN,
        "Net Income": NaN,
        "Net Income Including Noncontrolling Interests": NaN,
        "Net Income Discontinuous Operations": NaN,
        "Net Income Continuous Operations": NaN,
        "Tax Provision": NaN,
        "Pretax Income": NaN,
        "Other Income Expense": NaN,
        "Other Non Operating Income Expenses": NaN,
        "Special Income Charges": NaN,
        "Gain On Sale Of Ppe": 0.0,
        "Other Special Charges": NaN,
        "Write Off": 392000.0,
        "Impairment Of Capital Assets": 392000.0,
        "Restructuring And Mergern Acquisition": -219000.0,
        "Net Non Operating Interest Income Expense": NaN,
        "Interest Expense Non Operating": NaN,
        "Operating Income": NaN,
        "Operating Expense": NaN,
        "Other Operating Expenses": NaN,
        "Selling General And Administration": NaN,
        "Selling And Marketing Expense": NaN,
        "General And Administrative Expense": NaN,
        "Other Gand A": NaN,
        "Gross Profit": NaN,
        "Cost Of Revenue": NaN,
        "Total Revenue": NaN,
        "Operating Revenue": NaN
    },
    "2023-12-31": {
        "Tax Effect Of Unusual Items": NaN,
        "Tax Rate For Calcs": NaN,
        "Normalized EBITDA": NaN,
        "Total Unusual Items": NaN,
        "Total Unusual Items Excluding Goodwill": NaN,
        "Net Income From Continuing Operation Net Minority Interest": NaN,
        "Reconciled Depreciation": NaN,
        "Reconciled Cost Of Revenue": NaN,
        "EBITDA": NaN,
        "EBIT": NaN,
        "Net Interest Income": NaN,
        "Interest Expense": NaN,
        "Normalized Income": NaN,
        "Net Income From Continuing And Discontinued Operation": NaN,
        "Total Expenses": NaN,
        "Total Operating Income As Reported": NaN,
        "Diluted Average Shares": NaN,
        "Basic Average Shares": NaN,
        "Diluted EPS": NaN,
        "Basic EPS": NaN,
        "Diluted NI Availto Com Stockholders": NaN,
        "Net Income Common Stockholders": NaN,
        "Net Income": NaN,
        "Net Income Including Noncontrolling Interests": NaN,
        "Net Income Discontinuous Operations": 5881000.0,
        "Net Income Continuous Operations": NaN,
        "Tax Provision": NaN,
        "Pretax Income": NaN,
        "Other Income Expense": NaN,
        "Other Non Operating Income Expenses": NaN,
        "Special Income Charges": NaN,
        "Gain On Sale Of Ppe": 0.0,
        "Other Special Charges": 0.0,
        "Write Off": -980000.0,
        "Impairment Of Capital Assets": NaN,
        "Restructuring And Mergern Acquisition": -2704000.0,
        "Net Non Operating Interest Income Expense": NaN,
        "Interest Expense Non Operating": NaN,
        "Operating Income": NaN,
        "Operating Expense": NaN,
        "Other Operating Expenses": NaN,
        "Selling General And Administration": NaN,
        "Selling And Marketing Expense": NaN,
        "General And Administrative Expense": NaN,
        "Other Gand A": NaN,
        "Gross Profit": NaN,
        "Cost Of Revenue": NaN,
        "Total Revenue": NaN,
        "Operating Revenue": NaN
    },
    "2024-03-31": {
        "Tax Effect Of Unusual Items": NaN,
        "Tax Rate For Calcs": NaN,
        "Normalized EBITDA": NaN,
        "Total Unusual Items": NaN,
        "Total Unusual Items Excluding Goodwill": NaN,
        "Net Income From Continuing Operation Net Minority Interest": NaN,
        "Reconciled Depreciation": NaN,
        "Reconciled Cost Of Revenue": NaN,
        "EBITDA": NaN,
        "EBIT": NaN,
        "Net Interest Income": NaN,
        "Interest Expense": NaN,
        "Normalized Income": NaN,
        "Net Income From Continuing And Discontinued Operation": NaN,
        "Total Expenses": NaN,
        "Total Operating Income As Reported": NaN,
        "Diluted Average Shares": NaN,
        "Basic Average Shares": NaN,
        "Diluted EPS": NaN,
        "Basic EPS": NaN,
        "Diluted NI Availto Com Stockholders": NaN,
        "Net Income Common Stockholders": NaN,
        "Net Income": NaN,
        "Net Income Including Noncontrolling Interests": NaN,
        "Net Income Discontinuous Operations": 0.0,
        "Net Income Continuous Operations": NaN,
        "Tax Provision": NaN,
        "Pretax Income": NaN,
        "Other Income Expense": NaN,
        "Other Non Operating Income Expenses": NaN,
        "Special Income Charges": NaN,
        "Write Off": 2417000.0,
        "Impairment Of Capital Assets": NaN,
        "Net Non Operating Interest Income Expense": NaN,
        "Interest Expense Non Operating": NaN,
        "Operating Income": NaN,
        "Operating Expense": NaN,
        "Other Operating Expenses": 300000.0,
        "Selling General And Administration": NaN,
        "Selling And Marketing Expense": 22012000.0,
        "General And Administrative Expense": 22312000.0,
        "Other Gand A": 22312000.0,
        "Gross Profit": NaN,
        "Cost Of Revenue": NaN,
        "Total Revenue": NaN,
        "Operating Revenue": NaN
    },
    "2024-06-30": {
        "Tax Effect Of Unusual Items": -125790.0,
        "Tax Rate For Calcs": 0.21,
        "Normalized EBITDA": -4596000.0,
        "Total Unusual Items": -599000.0,
        "Total Unusual Items Excluding Goodwill": -599000.0,
        "Net Income From Continuing Operation Net Minority Interest": -16652000.0,
        "Reconciled Depreciation": 4253000.0,
        "Reconciled Cost Of Revenue": 8018000.0,
        "EBITDA": -5195000.0,
        "EBIT": -9448000.0,
        "Net Interest Income": -6588000.0,
        "Interest Expense": 6588000.0,
        "Normalized Income": -16178790.0,
        "Net Income From Continuing And Discontinued Operation": -16652000.0,
        "Total Expenses": 33489000.0,
        "Total Operating Income As Reported": -9203000.0,
        "Diluted Average Shares": 73040566.0,
        "Basic Average Shares": 73040566.0,
        "Diluted EPS": -0.23,
        "Basic EPS": -0.23,
        "Diluted NI Availto Com Stockholders": -16652000.0,
        "Net Income Common Stockholders": -16652000.0,
        "Net Income": -16652000.0,
        "Net Income Including Noncontrolling Interests": -16652000.0,
        "Net Income Discontinuous Operations": 0.0,
        "Net Income Continuous Operations": -16652000.0,
        "Tax Provision": 616000.0,
        "Pretax Income": -16036000.0,
        "Other Income Expense": -844000.0,
        "Other Non Operating Income Expenses": -245000.0,
        "Special Income Charges": -599000.0,
        "Write Off": NaN,
        "Impairment Of Capital Assets": 599000.0,
        "Net Non Operating Interest Income Expense": -6588000.0,
        "Interest Expense Non Operating": 6588000.0,
        "Operating Income": -8604000.0,
        "Operating Expense": 25471000.0,
        "Other Operating Expenses": -18000.0,
        "Selling General And Administration": 25489000.0,
        "Selling And Marketing Expense": 25489000.0,
        "General And Administrative Expense": 25489000.0,
        "Other Gand A": 25489000.0,
        "Gross Profit": 16867000.0,
        "Cost Of Revenue": 8018000.0,
        "Total Revenue": 24885000.0,
        "Operating Revenue": 19839000.0
    },
    "2024-09-30": {
        "Tax Effect Of Unusual Items": -4558470.0,
        "Tax Rate For Calcs": 0.21,
        "Normalized EBITDA": -4819000.0,
        "Total Unusual Items": -21707000.0,
        "Total Unusual Items Excluding Goodwill": -21707000.0,
        "Net Income From Continuing Operation Net Minority Interest": -33798000.0,
        "Reconciled Depreciation": -3370000.0,
        "Reconciled Cost Of Revenue": 3820000.0,
        "EBITDA": -26526000.0,
        "EBIT": -26526000.0,
        "Net Interest Income": -6686000.0,
        "Interest Expense": 6686000.0,
        "Normalized Income": -16649470.0,
        "Net Income From Continuing And Discontinued Operation": -33755000.0,
        "Total Expenses": 19299000.0,
        "Total Operating Income As Reported": -28142000.0,
        "Diluted Average Shares": 74589372.0,
        "Basic Average Shares": 74589372.0,
        "Diluted EPS": -0.45,
        "Basic EPS": -0.45,
        "Diluted NI Availto Com Stockholders": -33755000.0,
        "Net Income Common Stockholders": -33755000.0,
        "Net Income": -33755000.0,
        "Net Income Including Noncontrolling Interests": -33755000.0,
        "Net Income Discontinuous Operations": 43000.0,
        "Net Income Continuous Operations": -33798000.0,
        "Tax Provision": 586000.0,
        "Pretax Income": -33212000.0,
        "Other Income Expense": -20091000.0,
        "Other Non Operating Income Expenses": 1616000.0,
        "Special Income Charges": -21707000.0,
        "Write Off": NaN,
        "Impairment Of Capital Assets": 21707000.0,
        "Net Non Operating Interest Income Expense": -6686000.0,
        "Interest Expense Non Operating": 6686000.0,
        "Operating Income": -6435000.0,
        "Operating Expense": 15479000.0,
        "Other Operating Expenses": NaN,
        "Selling General And Administration": 15479000.0,
        "Selling And Marketing Expense": NaN,
        "General And Administrative Expense": NaN,
        "Other Gand A": NaN,
        "Gross Profit": 9044000.0,
        "Cost Of Revenue": 3820000.0,
        "Total Revenue": 12864000.0,
        "Operating Revenue": 12864000.0
    },
    "2024-12-31": {
        "Tax Effect Of Unusual Items": -284760.0,
        "Tax Rate For Calcs": 0.21,
        "Normalized EBITDA": 697000.0,
        "Total Unusual Items": -1356000.0,
        "Total Unusual Items Excluding Goodwill": -1356000.0,
        "Net Income From Continuing Operation Net Minority Interest": -14397000.0,
        "Reconciled Depreciation": 8832000.0,
        "Reconciled Cost Of Revenue": 32609000.0,
        "EBITDA": -659000.0,
        "EBIT": -9491000.0,
        "Net Interest Income": -4008000.0,
        "Interest Expense": 4008000.0,
        "Normalized Income": -13325760.0,
        "Net Income From Continuing And Discontinued Operation": -12543000.0,
        "Total Expenses": 88499000.0,
        "Total Operating Income As Reported": -6544000.0,
        "Diluted Average Shares": 83893637.0,
        "Basic Average Shares": 83893637.0,
        "Diluted EPS": -0.15,
        "Basic EPS": -0.15,
        "Diluted NI Availto Com Stockholders": -12543000.0,
        "Net Income Common Stockholders": -12543000.0,
        "Net Income": -12543000.0,
        "Net Income Including Noncontrolling Interests": -12543000.0,
        "Net Income Discontinuous Operations": 1854000.0,
        "Net Income Continuous Operations": -14397000.0,
        "Tax Provision": 898000.0,
        "Pretax Income": -13499000.0,
        "Other Income Expense": -4303000.0,
        "Other Non Operating Income Expenses": -2947000.0,
        "Special Income Charges": -1356000.0,
        "Write Off": NaN,
        "Impairment Of Capital Assets": NaN,
        "Net Non Operating Interest Income Expense": -4008000.0,
        "Interest Expense Non Operating": 4008000.0,
        "Operating Income": -5188000.0,
        "Operating Expense": 55890000.0,
        "Other Operating Expenses": 417000.0,
        "Selling General And Administration": 55473000.0,
        "Selling And Marketing Expense": NaN,
        "General And Administrative Expense": NaN,
        "Other Gand A": NaN,
        "Gross Profit": 50702000.0,
        "Cost Of Revenue": 32609000.0,
        "Total Revenue": 83311000.0,
        "Operating Revenue": 83311000.0
    },
    "2025-03-31": {
        "Tax Effect Of Unusual Items": -63210.0,
        "Tax Rate For Calcs": 0.21,
        "Normalized EBITDA": -3594000.0,
        "Total Unusual Items": -301000.0,
        "Total Unusual Items Excluding Goodwill": -301000.0,
        "Net Income From Continuing Operation Net Minority Interest": -9041000.0,
        "Reconciled Depreciation": 2163000.0,
        "Reconciled Cost Of Revenue": 9053000.0,
        "EBITDA": -3895000.0,
        "EBIT": -6058000.0,
        "Net Interest Income": -1888000.0,
        "Interest Expense": 1888000.0,
        "Normalized Income": -8803210.0,
        "Net Income From Continuing And Discontinued Operation": -9041000.0,
        "Total Expenses": 34834000.0,
        "Total Operating Income As Reported": -6260000.0,
        "Diluted Average Shares": 92653367.0,
        "Basic Average Shares": 92653367.0,
        "Diluted EPS": -0.1,
        "Basic EPS": -0.1,
        "Diluted NI Availto Com Stockholders": -9041000.0,
        "Net Income Common Stockholders": -9041000.0,
        "Net Income": -9041000.0,
        "Net Income Including Noncontrolling Interests": -9041000.0,
        "Net Income Discontinuous Operations": NaN,
        "Net Income Continuous Operations": -9041000.0,
        "Tax Provision": 1095000.0,
        "Pretax Income": -7946000.0,
        "Other Income Expense": -99000.0,
        "Other Non Operating Income Expenses": 202000.0,
        "Special Income Charges": -301000.0,
        "Write Off": 301000.0,
        "Impairment Of Capital Assets": NaN,
        "Net Non Operating Interest Income Expense": -1888000.0,
        "Interest Expense Non Operating": 1888000.0,
        "Operating Income": -5959000.0,
        "Operating Expense": 25781000.0,
        "Other Operating Expenses": 384000.0,
        "Selling General And Administration": 25397000.0,
        "Selling And Marketing Expense": 25397000.0,
        "General And Administrative Expense": NaN,
        "Other Gand A": NaN,
        "Gross Profit": 19822000.0,
        "Cost Of Revenue": 9053000.0,
        "Total Revenue": 28875000.0,
        "Operating Revenue": 28875000.0
    },
    "2025-06-30": {
        "Tax Effect Of Unusual Items": -323610.0,
        "Tax Rate For Calcs": 0.21,
        "Normalized EBITDA": -1174000.0,
        "Total Unusual Items": -1541000.0,
        "Total Unusual Items Excluding Goodwill": -1541000.0,
        "Net Income From Continuing Operation Net Minority Interest": -7679000.0,
        "Reconciled Depreciation": 2168000.0,
        "Reconciled Cost Of Revenue": 9739000.0,
        "EBITDA": -2715000.0,
        "EBIT": -4883000.0,
        "Net Interest Income": -1907000.0,
        "Interest Expense": 1907000.0,
        "Normalized Income": -6461610.0,
        "Net Income From Continuing And Discontinued Operation": -7679000.0,
        "Total Expenses": 32490000.0,
        "Total Operating Income As Reported": -5883000.0,
        "Diluted Average Shares": 94397910.0,
        "Basic Average Shares": 94397910.0,
        "Diluted EPS": -0.08,
        "Basic EPS": -0.08,
        "Diluted NI Availto Com Stockholders": -7679000.0,
        "Net Income Common Stockholders": -7679000.0,
        "Net Income": -7679000.0,
        "Net Income Including Noncontrolling Interests": -7679000.0,
        "Net Income Discontinuous Operations": NaN,
        "Net Income Continuous Operations": -7679000.0,
        "Tax Provision": 889000.0,
        "Pretax Income": -6790000.0,
        "Other Income Expense": -541000.0,
        "Other Non Operating Income Expenses": 1000000.0,
        "Special Income Charges": -1541000.0,
        "Write Off": NaN,
        "Impairment Of Capital Assets": 1541000.0,
        "Net Non Operating Interest Income Expense": -1907000.0,
        "Interest Expense Non Operating": 1907000.0,
        "Operating Income": -4342000.0,
        "Operating Expense": 22751000.0,
        "Other Operating Expenses": 385000.0,
        "Selling General And Administration": 22366000.0,
        "Selling And Marketing Expense": 22366000.0,
        "General And Administrative Expense": NaN,
        "Other Gand A": NaN,
        "Gross Profit": 18409000.0,
        "Cost Of Revenue": 9739000.0,
        "Total Revenue": 28148000.0,
        "Operating Revenue": 27560000.0
    }
}