{
    "2023-04-30": {
        "Tax Effect Of Unusual Items": NaN,
        "Tax Rate For Calcs": NaN,
        "Normalized EBITDA": NaN,
        "Total Unusual Items": NaN,
        "Total Unusual Items Excluding Goodwill": NaN,
        "Net Income From Continuing Operation Net Minority Interest": NaN,
        "Reconciled Depreciation": NaN,
        "Reconciled Cost Of Revenue": NaN,
        "EBITDA": NaN,
        "EBIT": NaN,
        "Net Interest Income": NaN,
        "Interest Expense": NaN,
        "Interest Income": NaN,
        "Normalized Income": NaN,
        "Net Income From Continuing And Discontinued Operation": NaN,
        "Total Expenses": NaN,
        "Total Operating Income As Reported": NaN,
        "Diluted Average Shares": NaN,
        "Basic Average Shares": NaN,
        "Diluted EPS": NaN,
        "Basic EPS": NaN,
        "Diluted NI Availto Com Stockholders": NaN,
        "Net Income Common Stockholders": NaN,
        "Net Income": NaN,
        "Net Income Including Noncontrolling Interests": NaN,
        "Net Income Continuous Operations": NaN,
        "Tax Provision": NaN,
        "Pretax Income": NaN,
        "Other Income Expense": -1750000.0,
        "Special Income Charges": NaN,
        "Impairment Of Capital Assets": NaN,
        "Net Non Operating Interest Income Expense": NaN,
        "Interest Expense Non Operating": NaN,
        "Interest Income Non Operating": NaN,
        "Operating Income": NaN,
        "Operating Expense": NaN,
        "Depreciation Amortization Depletion Income Statement": NaN,
        "Depreciation And Amortization In Income Statement": NaN,
        "Selling General And Administration": NaN,
        "Gross Profit": NaN,
        "Cost Of Revenue": NaN,
        "Total Revenue": NaN,
        "Operating Revenue": NaN
    },
    "2023-01-31": {
        "Tax Effect Of Unusual Items": NaN,
        "Tax Rate For Calcs": NaN,
        "Normalized EBITDA": NaN,
        "Total Unusual Items": NaN,
        "Total Unusual Items Excluding Goodwill": NaN,
        "Net Income From Continuing Operation Net Minority Interest": NaN,
        "Reconciled Depreciation": NaN,
        "Reconciled Cost Of Revenue": NaN,
        "EBITDA": NaN,
        "EBIT": NaN,
        "Net Interest Income": NaN,
        "Interest Expense": NaN,
        "Interest Income": NaN,
        "Normalized Income": NaN,
        "Net Income From Continuing And Discontinued Operation": NaN,
        "Total Expenses": NaN,
        "Total Operating Income As Reported": NaN,
        "Diluted Average Shares": 12332000.0,
        "Basic Average Shares": 12332000.0,
        "Diluted EPS": -4.1,
        "Basic EPS": -4.1,
        "Diluted NI Availto Com Stockholders": NaN,
        "Net Income Common Stockholders": NaN,
        "Net Income": NaN,
        "Net Income Including Noncontrolling Interests": NaN,
        "Net Income Continuous Operations": NaN,
        "Tax Provision": NaN,
        "Pretax Income": NaN,
        "Other Income Expense": -1877000.0,
        "Special Income Charges": NaN,
        "Impairment Of Capital Assets": NaN,
        "Net Non Operating Interest Income Expense": NaN,
        "Interest Expense Non Operating": NaN,
        "Interest Income Non Operating": NaN,
        "Operating Income": NaN,
        "Operating Expense": NaN,
        "Depreciation Amortization Depletion Income Statement": NaN,
        "Depreciation And Amortization In Income Statement": NaN,
        "Selling General And Administration": NaN,
        "Gross Profit": NaN,
        "Cost Of Revenue": NaN,
        "Total Revenue": NaN,
        "Operating Revenue": NaN
    },
    "2022-10-31": {
        "Tax Effect Of Unusual Items": NaN,
        "Tax Rate For Calcs": NaN,
        "Normalized EBITDA": NaN,
        "Total Unusual Items": NaN,
        "Total Unusual Items Excluding Goodwill": NaN,
        "Net Income From Continuing Operation Net Minority Interest": NaN,
        "Reconciled Depreciation": NaN,
        "Reconciled Cost Of Revenue": NaN,
        "EBITDA": NaN,
        "EBIT": NaN,
        "Net Interest Income": NaN,
        "Interest Expense": NaN,
        "Interest Income": NaN,
        "Normalized Income": NaN,
        "Net Income From Continuing And Discontinued Operation": NaN,
        "Total Expenses": NaN,
        "Total Operating Income As Reported": NaN,
        "Diluted Average Shares": 13162000.0,
        "Basic Average Shares": 13064000.0,
        "Diluted EPS": 3.26,
        "Basic EPS": 3.28,
        "Diluted NI Availto Com Stockholders": NaN,
        "Net Income Common Stockholders": NaN,
        "Net Income": NaN,
        "Net Income Including Noncontrolling Interests": NaN,
        "Net Income Continuous Operations": NaN,
        "Tax Provision": NaN,
        "Pretax Income": NaN,
        "Other Income Expense": NaN,
        "Special Income Charges": NaN,
        "Impairment Of Capital Assets": NaN,
        "Net Non Operating Interest Income Expense": NaN,
        "Interest Expense Non Operating": NaN,
        "Interest Income Non Operating": NaN,
        "Operating Income": NaN,
        "Operating Expense": NaN,
        "Depreciation Amortization Depletion Income Statement": NaN,
        "Depreciation And Amortization In Income Statement": NaN,
        "Selling General And Administration": NaN,
        "Gross Profit": NaN,
        "Cost Of Revenue": NaN,
        "Total Revenue": NaN,
        "Operating Revenue": NaN
    },
    "2022-07-31": {
        "Tax Effect Of Unusual Items": -262058.716043,
        "Tax Rate For Calcs": 0.190035,
        "Normalized EBITDA": 791000.0,
        "Total Unusual Items": -1379000.0,
        "Total Unusual Items Excluding Goodwill": -1379000.0,
        "Net Income From Continuing Operation Net Minority Interest": -13298000.0,
        "Reconciled Depreciation": 13241000.0,
        "Reconciled Cost Of Revenue": 265422000.0,
        "EBITDA": -588000.0,
        "EBIT": -13829000.0,
        "Net Interest Income": -2589000.0,
        "Interest Expense": 2589000.0,
        "Interest Income": 14000.0,
        "Normalized Income": -12181058.716043,
        "Net Income From Continuing And Discontinued Operation": -13298000.0,
        "Total Expenses": 393335000.0,
        "Total Operating Income As Reported": -13829000.0,
        "Diluted Average Shares": 13147000.0,
        "Basic Average Shares": 13147000.0,
        "Diluted EPS": -1.01,
        "Basic EPS": -1.01,
        "Diluted NI Availto Com Stockholders": -13298000.0,
        "Net Income Common Stockholders": -13298000.0,
        "Net Income": -13298000.0,
        "Net Income Including Noncontrolling Interests": -13298000.0,
        "Net Income Continuous Operations": -13298000.0,
        "Tax Provision": -3120000.0,
        "Pretax Income": -16418000.0,
        "Other Income Expense": -1379000.0,
        "Special Income Charges": -1379000.0,
        "Write Off": NaN,
        "Impairment Of Capital Assets": 1379000.0,
        "Net Non Operating Interest Income Expense": -2589000.0,
        "Total Other Finance Cost": NaN,
        "Interest Expense Non Operating": 2589000.0,
        "Interest Income Non Operating": 14000.0,
        "Operating Income": -12450000.0,
        "Operating Expense": 127913000.0,
        "Depreciation Amortization Depletion Income Statement": 13241000.0,
        "Depreciation And Amortization In Income Statement": 13241000.0,
        "Selling General And Administration": 114672000.0,
        "Gross Profit": 115463000.0,
        "Cost Of Revenue": 265422000.0,
        "Total Revenue": 380885000.0,
        "Operating Revenue": 380885000.0
    },
    "2022-04-30": {
        "Diluted EPS": 1.43,
        "Total Revenue": 362,
        "Gross Profit": 142,
        "Operating Income": 19,
        "EBIT": 33,
        "Net Income": 20
    },
    "2022-01-31": {
        "Diluted EPS": 2.68,
        "Total Revenue": 508,
        "Gross Profit": 194,
        "Operating Income": 58,
        "EBIT": 72,
        "Net Income": 39
    },
    "2021-10-31": {
        "Diluted EPS": 5.3,
        "Total Revenue": 558,
        "Gross Profit": 245,
        "Operating Income": 114,
        "EBIT": 128,
        "Net Income": 79
    },
    "2021-07-31": {
        "Diluted EPS": 1.6,
        "Total Revenue": 414,
        "Gross Profit": 168,
        "Operating Income": 38,
        "EBIT": 52,
        "Net Income": 24
    },
    "2021-04-30": {
        "Diluted EPS": 3.01,
        "Total Revenue": 435,
        "Gross Profit": 188,
        "Operating Income": 66,
        "EBIT": 81,
        "Net Income": 45
    },
    "2021-01-31": {
        "Diluted EPS": 0.55,
        "Total Revenue": 473,
        "Gross Profit": 140,
        "Operating Income": 14,
        "EBIT": 30,
        "Net Income": 8
    },
    "2020-10-31": {
        "Diluted EPS": 0.91,
        "Total Revenue": 426,
        "Gross Profit": 146,
        "Operating Income": 23,
        "EBIT": 39,
        "Net Income": 13
    },
    "2020-07-31": {
        "Diluted EPS": -3.19,
        "Total Revenue": 369,
        "Gross Profit": 67,
        "Operating Income": -64,
        "EBIT": -48,
        "Net Income": -47
    },
    "2020-04-30": {
        "Diluted EPS": -7.86,
        "Total Revenue": 255,
        "Gross Profit": -20,
        "Operating Income": -173,
        "EBIT": -155,
        "Net Income": -115
    },
    "2020-01-31": {
        "Diluted EPS": 1.53,
        "Total Revenue": 513,
        "Gross Profit": 166,
        "Operating Income": 30,
        "EBIT": 48,
        "Net Income": 24
    },
    "2019-10-31": {
        "Diluted EPS": 2.77,
        "Total Revenue": 525,
        "Gross Profit": 198,
        "Operating Income": 58,
        "EBIT": 77,
        "Net Income": 43
    },
    "2019-07-31": {
        "Diluted EPS": 0.1,
        "Total Revenue": 420,
        "Gross Profit": 139,
        "Operating Income": 4,
        "EBIT": -16,
        "Net Income": 2
    },
    "2019-04-30": {
        "Diluted EPS": 0.28,
        "Total Revenue": 412,
        "Gross Profit": 152,
        "Operating Income": 5,
        "EBIT": 62,
        "Net Income": 4
    },
    "2019-01-31": {
        "Diluted EPS": 0.75,
        "Total Revenue": 531,
        "Gross Profit": 164,
        "Operating Income": 14,
        "EBIT": 31,
        "Net Income": 12
    },
    "2018-10-31": {
        "Diluted EPS": 3.03,
        "Total Revenue": 522,
        "Gross Profit": 204,
        "Operating Income": 65,
        "EBIT": 82,
        "Net Income": 50
    },
    "2018-07-31": {
        "Diluted EPS": 0.45,
        "Total Revenue": 449,
        "Gross Profit": 155,
        "Operating Income": 10,
        "EBIT": 27,
        "Net Income": 7
    },
    "2018-04-30": {
        "Diluted EPS": 1.78,
        "Total Revenue": 436,
        "Gross Profit": 160,
        "Operating Income": 23,
        "EBIT": 40,
        "Net Income": 32
    },
    "2018-01-31": {
        "Diluted EPS": -0.53,
        "Total Revenue": 570,
        "Gross Profit": 210,
        "Operating Income": 52,
        "EBIT": 72,
        "Net Income": -10
    },
    "2017-10-31": {
        "Diluted EPS": 2.44,
        "Total Revenue": 490,
        "Gross Profit": 202,
        "Operating Income": 64,
        "EBIT": 81,
        "Net Income": 44
    },
    "2017-07-31": {
        "Diluted EPS": 0.79,
        "Total Revenue": 374,
        "Gross Profit": 128,
        "Operating Income": 3,
        "EBIT": 19,
        "Net Income": 14
    },
    "2017-04-30": {
        "Diluted EPS": 1.97,
        "Total Revenue": 437,
        "Gross Profit": 171,
        "Operating Income": 42,
        "EBIT": 58,
        "Net Income": 36
    },
    "2017-01-31": {
        "Diluted EPS": 1.82,
        "Total Revenue": 521,
        "Gross Profit": 188,
        "Operating Income": 49,
        "EBIT": 65,
        "Net Income": 34
    },
    "2016-10-31": {
        "Diluted EPS": 2.36,
        "Total Revenue": 474,
        "Gross Profit": 195,
        "Operating Income": 62,
        "EBIT": 79,
        "Net Income": 44
    },
    "2016-07-31": {
        "Diluted EPS": -0.11,
        "Total Revenue": 371,
        "Gross Profit": 124,
        "Operating Income": -3,
        "EBIT": 13,
        "Net Income": -2
    },
    "2016-04-30": {
        "Diluted EPS": 1.33,
        "Total Revenue": 419,
        "Gross Profit": 165,
        "Operating Income": 40,
        "EBIT": 56,
        "Net Income": 26
    },
    "2016-01-31": {
        "Diluted EPS": 0.86,
        "Total Revenue": 499,
        "Gross Profit": 178,
        "Operating Income": 29,
        "EBIT": 46,
        "Net Income": 17
    },
    "2015-10-31": {
        "Diluted EPS": 1.88,
        "Total Revenue": 456,
        "Gross Profit": 181,
        "Operating Income": 58,
        "EBIT": 74,
        "Net Income": 38
    },
    "2015-07-31": {
        "Diluted EPS": -0.67,
        "Total Revenue": 366,
        "Gross Profit": 115,
        "Operating Income": -20,
        "EBIT": -5,
        "Net Income": -14
    },
    "2015-04-30": {
        "Diluted EPS": 0.73,
        "Total Revenue": 405,
        "Gross Profit": 152,
        "Operating Income": 23,
        "EBIT": 38,
        "Net Income": 16
    },
    "2015-01-31": {
        "Diluted EPS": 0.77,
        "Total Revenue": 479,
        "Gross Profit": 165,
        "Operating Income": 21,
        "EBIT": 36,
        "Net Income": 17
    },
    "2014-10-31": {
        "Diluted EPS": 1.7,
        "Total Revenue": 487,
        "Gross Profit": 190,
        "Operating Income": 56,
        "EBIT": 71,
        "Net Income": 37
    },
    "2014-07-31": {
        "Diluted EPS": -0.49,
        "Total Revenue": 385,
        "Gross Profit": 119,
        "Operating Income": -16,
        "EBIT": -1,
        "Net Income": -11
    },
    "2014-04-30": {
        "Diluted EPS": 0.61,
        "Total Revenue": 410,
        "Gross Profit": 148,
        "Operating Income": 20,
        "EBIT": 34,
        "Net Income": 14
    },
    "2014-01-31": {
        "Diluted EPS": 0.7,
        "Total Revenue": 467,
        "Gross Profit": 164,
        "Operating Income": 22,
        "EBIT": 38,
        "Net Income": 16
    },
    "2013-10-31": {
        "Diluted EPS": 1.84,
        "Total Revenue": 493,
        "Gross Profit": 202,
        "Operating Income": 62,
        "EBIT": 78,
        "Net Income": 42
    },
    "2013-07-31": {
        "Diluted EPS": -1.05,
        "Total Revenue": 382,
        "Gross Profit": 126,
        "Operating Income": -36,
        "EBIT": -20,
        "Net Income": -24
    },
    "2013-04-30": {
        "Diluted EPS": 0.83,
        "Total Revenue": 423,
        "Gross Profit": 163,
        "Operating Income": 28,
        "EBIT": 45,
        "Net Income": 19
    },
    "2013-01-31": {
        "Diluted EPS": 0.81,
        "Total Revenue": 509,
        "Gross Profit": 189,
        "Operating Income": 26,
        "EBIT": 46,
        "Net Income": 19
    },
    "2012-10-31": {
        "Diluted EPS": 1.54,
        "Total Revenue": 501,
        "Gross Profit": 210,
        "Operating Income": 54,
        "EBIT": 77,
        "Net Income": 37
    },
    "2012-07-31": {
        "Diluted EPS": -0.74,
        "Total Revenue": 361,
        "Gross Profit": 115,
        "Operating Income": -27,
        "EBIT": -9,
        "Net Income": -18
    },
    "2012-04-30": {
        "Diluted EPS": 1.0,
        "Total Revenue": 439,
        "Gross Profit": 179,
        "Operating Income": 37,
        "EBIT": 54,
        "Net Income": 25
    },
    "2012-01-31": {
        "Diluted EPS": 0.85,
        "Total Revenue": 457,
        "Gross Profit": 160,
        "Operating Income": 18,
        "EBIT": 38,
        "Net Income": 21
    },
    "2011-10-31": {
        "Diluted EPS": 1.33,
        "Total Revenue": 484,
        "Gross Profit": 200,
        "Operating Income": 54,
        "EBIT": 73,
        "Net Income": 34
    },
    "2011-07-31": {
        "Diluted EPS": -0.38,
        "Total Revenue": 344,
        "Gross Profit": 116,
        "Operating Income": -16,
        "EBIT": 3,
        "Net Income": -10
    },
    "2011-04-30": {
        "Diluted EPS": 1.1,
        "Total Revenue": 431,
        "Gross Profit": 184,
        "Operating Income": 49,
        "EBIT": 67,
        "Net Income": 29
    },
    "2011-01-31": {
        "Diluted EPS": 1.04,
        "Total Revenue": 453,
        "Gross Profit": 185,
        "Operating Income": 45,
        "EBIT": 63,
        "Net Income": 28
    },
    "2010-10-31": {
        "Diluted EPS": 1.15,
        "Total Revenue": 453,
        "Gross Profit": 182,
        "Operating Income": 50,
        "EBIT": 68,
        "Net Income": 31
    },
    "2010-07-31": {
        "Diluted EPS": -0.3,
        "Total Revenue": 345,
        "Gross Profit": 114,
        "Operating Income": -13,
        "EBIT": 5,
        "Net Income": -8
    },
    "2010-04-30": {
        "Diluted EPS": 1.0,
        "Total Revenue": 422,
        "Gross Profit": 180,
        "Operating Income": 48,
        "EBIT": 65,
        "Net Income": 28
    },
    "2010-01-31": {
        "Diluted EPS": 1.16,
        "Total Revenue": 463,
        "Gross Profit": 186,
        "Operating Income": 48,
        "EBIT": 64,
        "Net Income": 34
    },
    "2009-10-31": {
        "Diluted EPS": 1.37,
        "Total Revenue": 463,
        "Gross Profit": 202,
        "Operating Income": 65,
        "EBIT": 83,
        "Net Income": 38
    },
    "2009-07-31": {
        "Diluted EPS": -0.24,
        "Total Revenue": 316,
        "Gross Profit": 105,
        "Operating Income": -19,
        "EBIT": 0,
        "Net Income": -7
    },
    "2009-04-30": {
        "Diluted EPS": 0.79,
        "Total Revenue": 402,
        "Gross Profit": 167,
        "Operating Income": 36,
        "EBIT": 55,
        "Net Income": 24
    },
    "2009-01-31": {
        "Diluted EPS": 1.31,
        "Total Revenue": 441,
        "Gross Profit": 176,
        "Operating Income": 33,
        "EBIT": 50,
        "Net Income": 39
    },
    "2023-07-31": {
        "Tax Effect Of Unusual Items": NaN,
        "Tax Rate For Calcs": NaN,
        "Normalized EBITDA": NaN,
        "Total Unusual Items": NaN,
        "Total Unusual Items Excluding Goodwill": NaN,
        "Net Income From Continuing Operation Net Minority Interest": NaN,
        "Reconciled Depreciation": NaN,
        "Reconciled Cost Of Revenue": NaN,
        "EBITDA": NaN,
        "EBIT": NaN,
        "Net Interest Income": NaN,
        "Interest Expense": NaN,
        "Interest Income": NaN,
        "Normalized Income": NaN,
        "Net Income From Continuing And Discontinued Operation": NaN,
        "Total Expenses": NaN,
        "Total Operating Income As Reported": NaN,
        "Diluted Average Shares": 12522000.0,
        "Basic Average Shares": 12522000.0,
        "Diluted EPS": -2.82,
        "Basic EPS": -2.82,
        "Diluted NI Availto Com Stockholders": NaN,
        "Net Income Common Stockholders": NaN,
        "Net Income": NaN,
        "Net Income Including Noncontrolling Interests": NaN,
        "Net Income Continuous Operations": NaN,
        "Tax Provision": NaN,
        "Pretax Income": NaN,
        "Other Income Expense": -782000.0,
        "Special Income Charges": NaN,
        "Impairment Of Capital Assets": NaN,
        "Net Non Operating Interest Income Expense": NaN,
        "Interest Expense Non Operating": NaN,
        "Interest Income Non Operating": NaN,
        "Operating Income": NaN,
        "Operating Expense": NaN,
        "Depreciation Amortization Depletion Income Statement": NaN,
        "Depreciation And Amortization In Income Statement": NaN,
        "Selling General And Administration": NaN,
        "Gross Profit": NaN,
        "Cost Of Revenue": NaN,
        "Total Revenue": NaN,
        "Operating Revenue": NaN
    },
    "2023-10-31": {
        "Tax Effect Of Unusual Items": NaN,
        "Tax Rate For Calcs": NaN,
        "Normalized EBITDA": NaN,
        "Total Unusual Items": NaN,
        "Total Unusual Items Excluding Goodwill": NaN,
        "Net Income From Continuing Operation Net Minority Interest": NaN,
        "Reconciled Depreciation": NaN,
        "Reconciled Cost Of Revenue": NaN,
        "EBITDA": NaN,
        "EBIT": NaN,
        "Net Interest Income": NaN,
        "Interest Expense": NaN,
        "Interest Income": NaN,
        "Normalized Income": NaN,
        "Net Income From Continuing And Discontinued Operation": NaN,
        "Total Expenses": NaN,
        "Total Operating Income As Reported": NaN,
        "Diluted Average Shares": 12619000.0,
        "Basic Average Shares": 12548000.0,
        "Diluted EPS": 3.05,
        "Basic EPS": 3.07,
        "Diluted NI Availto Com Stockholders": NaN,
        "Net Income Common Stockholders": NaN,
        "Net Income": NaN,
        "Net Income Including Noncontrolling Interests": NaN,
        "Net Income Continuous Operations": NaN,
        "Tax Provision": NaN,
        "Pretax Income": NaN,
        "Other Income Expense": -583000.0,
        "Special Income Charges": NaN,
        "Impairment Of Capital Assets": NaN,
        "Net Non Operating Interest Income Expense": NaN,
        "Interest Expense Non Operating": NaN,
        "Interest Income Non Operating": NaN,
        "Operating Income": NaN,
        "Operating Expense": NaN,
        "Depreciation Amortization Depletion Income Statement": NaN,
        "Depreciation And Amortization In Income Statement": NaN,
        "Selling General And Administration": NaN,
        "Gross Profit": NaN,
        "Cost Of Revenue": NaN,
        "Total Revenue": NaN,
        "Operating Revenue": NaN
    },
    "2024-01-31": {
        "Tax Effect Of Unusual Items": -6599880.0,
        "Tax Rate For Calcs": 0.21,
        "Normalized EBITDA": -18657000.0,
        "Total Unusual Items": -31428000.0,
        "Total Unusual Items Excluding Goodwill": -31428000.0,
        "Net Income From Continuing Operation Net Minority Interest": -128836000.0,
        "Reconciled Depreciation": 11652000.0,
        "Reconciled Cost Of Revenue": 356123000.0,
        "EBITDA": -50085000.0,
        "EBIT": -61737000.0,
        "Net Interest Income": -8519000.0,
        "Interest Expense": 8538000.0,
        "Interest Income": 19000.0,
        "Normalized Income": -104007880.0,
        "Net Income From Continuing And Discontinued Operation": -128836000.0,
        "Total Expenses": 485362000.0,
        "Total Operating Income As Reported": -61756000.0,
        "Diluted Average Shares": NaN,
        "Basic Average Shares": NaN,
        "Diluted EPS": NaN,
        "Basic EPS": NaN,
        "Diluted NI Availto Com Stockholders": -128836000.0,
        "Net Income Common Stockholders": -128836000.0,
        "Net Income": -128836000.0,
        "Net Income Including Noncontrolling Interests": -128836000.0,
        "Net Income Continuous Operations": -128836000.0,
        "Tax Provision": 58561000.0,
        "Pretax Income": -70275000.0,
        "Other Income Expense": -31428000.0,
        "Special Income Charges": -31428000.0,
        "Impairment Of Capital Assets": 31428000.0,
        "Net Non Operating Interest Income Expense": -8519000.0,
        "Interest Expense Non Operating": 8538000.0,
        "Interest Income Non Operating": 19000.0,
        "Operating Income": -30328000.0,
        "Operating Expense": 129239000.0,
        "Depreciation Amortization Depletion Income Statement": 11652000.0,
        "Depreciation And Amortization In Income Statement": 11652000.0,
        "Selling General And Administration": 117587000.0,
        "Gross Profit": 98911000.0,
        "Cost Of Revenue": 356123000.0,
        "Total Revenue": 455034000.0,
        "Operating Revenue": 455034000.0
    },
    "2024-04-30": {
        "Tax Effect Of Unusual Items": 0.0,
        "Tax Rate For Calcs": 0.21,
        "Normalized EBITDA": -16343000.0,
        "Total Unusual Items": 0.0,
        "Total Unusual Items Excluding Goodwill": 0.0,
        "Net Income From Continuing Operation Net Minority Interest": -37795000.0,
        "Reconciled Depreciation": 11635000.0,
        "Reconciled Cost Of Revenue": 175137000.0,
        "EBITDA": -16343000.0,
        "EBIT": -27978000.0,
        "Net Interest Income": -7721000.0,
        "Interest Expense": 7731000.0,
        "Interest Income": 10000.0,
        "Normalized Income": -37795000.0,
        "Net Income From Continuing And Discontinued Operation": -37795000.0,
        "Total Expenses": 295866000.0,
        "Total Operating Income As Reported": -27988000.0,
        "Diluted Average Shares": 12643000.0,
        "Basic Average Shares": 12643000.0,
        "Diluted EPS": -2.99,
        "Basic EPS": -2.99,
        "Diluted NI Availto Com Stockholders": -37795000.0,
        "Net Income Common Stockholders": -37795000.0,
        "Net Income": -37795000.0,
        "Net Income Including Noncontrolling Interests": -37795000.0,
        "Net Income Continuous Operations": -37795000.0,
        "Tax Provision": 2086000.0,
        "Pretax Income": -35709000.0,
        "Other Income Expense": NaN,
        "Special Income Charges": 0.0,
        "Impairment Of Capital Assets": 0.0,
        "Net Non Operating Interest Income Expense": -7721000.0,
        "Interest Expense Non Operating": 7731000.0,
        "Interest Income Non Operating": 10000.0,
        "Operating Income": -27988000.0,
        "Operating Expense": 120729000.0,
        "Depreciation Amortization Depletion Income Statement": 11635000.0,
        "Depreciation And Amortization In Income Statement": 11635000.0,
        "Selling General And Administration": 109094000.0,
        "Gross Profit": 92741000.0,
        "Cost Of Revenue": 175137000.0,
        "Total Revenue": 267878000.0,
        "Operating Revenue": 267878000.0
    },
    "2024-07-31": {
        "Tax Effect Of Unusual Items": -5880000.0,
        "Tax Rate For Calcs": 0.21,
        "Normalized EBITDA": 15743000.0,
        "Total Unusual Items": -28000000.0,
        "Total Unusual Items Excluding Goodwill": -28000000.0,
        "Net Income From Continuing Operation Net Minority Interest": -32114000.0,
        "Reconciled Depreciation": 9505000.0,
        "Reconciled Cost Of Revenue": 207861000.0,
        "EBITDA": -12257000.0,
        "EBIT": -21762000.0,
        "Net Interest Income": -9231000.0,
        "Interest Expense": 9245000.0,
        "Interest Income": 14000.0,
        "Normalized Income": -9994000.0,
        "Net Income From Continuing And Discontinued Operation": -32114000.0,
        "Total Expenses": 313431000.0,
        "Total Operating Income As Reported": -21776000.0,
        "Diluted Average Shares": 12772000.0,
        "Basic Average Shares": 12772000.0,
        "Diluted EPS": -2.51,
        "Basic EPS": -2.51,
        "Diluted NI Availto Com Stockholders": -32114000.0,
        "Net Income Common Stockholders": -32114000.0,
        "Net Income": -32114000.0,
        "Net Income Including Noncontrolling Interests": -32114000.0,
        "Net Income Continuous Operations": -32114000.0,
        "Tax Provision": 1107000.0,
        "Pretax Income": -31007000.0,
        "Other Income Expense": -28000000.0,
        "Special Income Charges": -28000000.0,
        "Impairment Of Capital Assets": 28000000.0,
        "Net Non Operating Interest Income Expense": -9231000.0,
        "Interest Expense Non Operating": 9245000.0,
        "Interest Income Non Operating": 14000.0,
        "Operating Income": 6224000.0,
        "Operating Expense": 105570000.0,
        "Depreciation Amortization Depletion Income Statement": 9505000.0,
        "Depreciation And Amortization In Income Statement": 9505000.0,
        "Selling General And Administration": 96065000.0,
        "Gross Profit": 111794000.0,
        "Cost Of Revenue": 207861000.0,
        "Total Revenue": 319655000.0,
        "Operating Revenue": 319655000.0
    },
    "2024-10-31": {
        "Tax Effect Of Unusual Items": 0.0,
        "Tax Rate For Calcs": 0.21,
        "Normalized EBITDA": 38538000.0,
        "Total Unusual Items": 0.0,
        "Total Unusual Items Excluding Goodwill": 0.0,
        "Net Income From Continuing Operation Net Minority Interest": 20080000.0,
        "Reconciled Depreciation": 9266000.0,
        "Reconciled Cost Of Revenue": 251832000.0,
        "EBITDA": 38538000.0,
        "EBIT": 29272000.0,
        "Net Interest Income": -10078000.0,
        "Interest Expense": 10092000.0,
        "Interest Income": 14000.0,
        "Normalized Income": 20080000.0,
        "Net Income From Continuing And Discontinued Operation": 20080000.0,
        "Total Expenses": 360915000.0,
        "Total Operating Income As Reported": 29258000.0,
        "Diluted Average Shares": 12800000.0,
        "Basic Average Shares": 12779000.0,
        "Diluted EPS": 1.57,
        "Basic EPS": 1.57,
        "Diluted NI Availto Com Stockholders": 20080000.0,
        "Net Income Common Stockholders": 20080000.0,
        "Net Income": 20080000.0,
        "Net Income Including Noncontrolling Interests": 20080000.0,
        "Net Income Continuous Operations": 20080000.0,
        "Tax Provision": -900000.0,
        "Pretax Income": 19180000.0,
        "Other Income Expense": NaN,
        "Special Income Charges": 0.0,
        "Impairment Of Capital Assets": 0.0,
        "Net Non Operating Interest Income Expense": -10078000.0,
        "Interest Expense Non Operating": 10092000.0,
        "Interest Income Non Operating": 14000.0,
        "Operating Income": 29258000.0,
        "Operating Expense": 109083000.0,
        "Depreciation Amortization Depletion Income Statement": 9266000.0,
        "Depreciation And Amortization In Income Statement": 9266000.0,
        "Selling General And Administration": 99817000.0,
        "Gross Profit": 138341000.0,
        "Cost Of Revenue": 251832000.0,
        "Total Revenue": 390173000.0,
        "Operating Revenue": 390173000.0
    },
    "2025-01-31": {
        "Tax Effect Of Unusual Items": 0.0,
        "Tax Rate For Calcs": 0.4,
        "Normalized EBITDA": 16019000.0,
        "Total Unusual Items": 0.0,
        "Total Unusual Items Excluding Goodwill": 0.0,
        "Net Income From Continuing Operation Net Minority Interest": -7990000.0,
        "Reconciled Depreciation": 9206000.0,
        "Reconciled Cost Of Revenue": 291978000.0,
        "EBITDA": 16019000.0,
        "EBIT": 6813000.0,
        "Net Interest Income": -8717000.0,
        "Interest Expense": 8725000.0,
        "Interest Income": 8000.0,
        "Normalized Income": -7990000.0,
        "Net Income From Continuing And Discontinued Operation": -7990000.0,
        "Total Expenses": 401758000.0,
        "Total Operating Income As Reported": 6805000.0,
        "Diluted Average Shares": NaN,
        "Basic Average Shares": NaN,
        "Diluted EPS": NaN,
        "Basic EPS": NaN,
        "Diluted NI Availto Com Stockholders": -7990000.0,
        "Net Income Common Stockholders": -7990000.0,
        "Net Income": -7990000.0,
        "Net Income Including Noncontrolling Interests": -7990000.0,
        "Net Income Continuous Operations": -7990000.0,
        "Tax Provision": 6078000.0,
        "Pretax Income": -1912000.0,
        "Other Income Expense": 0.0,
        "Special Income Charges": 0.0,
        "Impairment Of Capital Assets": 0.0,
        "Net Non Operating Interest Income Expense": -8717000.0,
        "Interest Expense Non Operating": 8725000.0,
        "Interest Income Non Operating": 8000.0,
        "Operating Income": 6805000.0,
        "Operating Expense": 109780000.0,
        "Depreciation Amortization Depletion Income Statement": 9206000.0,
        "Depreciation And Amortization In Income Statement": 9206000.0,
        "Selling General And Administration": 100574000.0,
        "Gross Profit": 116585000.0,
        "Cost Of Revenue": 291978000.0,
        "Total Revenue": 408563000.0,
        "Operating Revenue": 408563000.0
    }
}