{
    "2023-06-30": {
        "Tax Effect Of Unusual Items": NaN,
        "Tax Rate For Calcs": NaN,
        "Normalized EBITDA": NaN,
        "Total Unusual Items": 0.0,
        "Total Unusual Items Excluding Goodwill": 0.0,
        "Net Income From Continuing Operation Net Minority Interest": NaN,
        "Reconciled Depreciation": NaN,
        "Reconciled Cost Of Revenue": NaN,
        "EBITDA": NaN,
        "EBIT": NaN,
        "Net Interest Income": NaN,
        "Interest Expense": NaN,
        "Normalized Income": NaN,
        "Net Income From Continuing And Discontinued Operation": NaN,
        "Total Expenses": NaN,
        "Total Operating Income As Reported": NaN,
        "Diluted Average Shares": NaN,
        "Basic Average Shares": NaN,
        "Diluted EPS": NaN,
        "Basic EPS": NaN,
        "Diluted NI Availto Com Stockholders": NaN,
        "Net Income Common Stockholders": NaN,
        "Otherunder Preferred Stock Dividend": NaN,
        "Net Income": NaN,
        "Net Income Including Noncontrolling Interests": NaN,
        "Net Income Continuous Operations": NaN,
        "Tax Provision": NaN,
        "Pretax Income": NaN,
        "Other Income Expense": -89000.0,
        "Other Non Operating Income Expenses": -89000.0,
        "Special Income Charges": 0.0,
        "Other Special Charges": NaN,
        "Impairment Of Capital Assets": 0.0,
        "Net Non Operating Interest Income Expense": NaN,
        "Interest Expense Non Operating": NaN,
        "Operating Income": NaN,
        "Operating Expense": NaN,
        "Depreciation Amortization Depletion Income Statement": NaN,
        "Depreciation And Amortization In Income Statement": NaN,
        "Amortization": NaN,
        "Amortization Of Intangibles Income Statement": NaN,
        "Selling General And Administration": NaN,
        "Gross Profit": NaN,
        "Cost Of Revenue": NaN,
        "Total Revenue": NaN,
        "Operating Revenue": NaN
    },
    "2023-03-31": {
        "Tax Effect Of Unusual Items": NaN,
        "Tax Rate For Calcs": NaN,
        "Normalized EBITDA": NaN,
        "Total Unusual Items": 0.0,
        "Total Unusual Items Excluding Goodwill": 0.0,
        "Net Income From Continuing Operation Net Minority Interest": NaN,
        "Reconciled Depreciation": NaN,
        "Reconciled Cost Of Revenue": NaN,
        "EBITDA": NaN,
        "EBIT": NaN,
        "Net Interest Income": NaN,
        "Interest Expense": NaN,
        "Normalized Income": NaN,
        "Net Income From Continuing And Discontinued Operation": NaN,
        "Total Expenses": NaN,
        "Total Operating Income As Reported": NaN,
        "Diluted Average Shares": NaN,
        "Basic Average Shares": NaN,
        "Diluted EPS": NaN,
        "Basic EPS": NaN,
        "Diluted NI Availto Com Stockholders": NaN,
        "Net Income Common Stockholders": NaN,
        "Otherunder Preferred Stock Dividend": NaN,
        "Net Income": NaN,
        "Net Income Including Noncontrolling Interests": NaN,
        "Net Income Continuous Operations": NaN,
        "Tax Provision": NaN,
        "Pretax Income": NaN,
        "Other Income Expense": 35000.0,
        "Other Non Operating Income Expenses": 35000.0,
        "Special Income Charges": 0.0,
        "Impairment Of Capital Assets": 0.0,
        "Net Non Operating Interest Income Expense": NaN,
        "Interest Expense Non Operating": NaN,
        "Operating Income": NaN,
        "Operating Expense": NaN,
        "Depreciation Amortization Depletion Income Statement": NaN,
        "Depreciation And Amortization In Income Statement": NaN,
        "Amortization": NaN,
        "Amortization Of Intangibles Income Statement": NaN,
        "Selling General And Administration": NaN,
        "Gross Profit": NaN,
        "Cost Of Revenue": NaN,
        "Total Revenue": NaN,
        "Operating Revenue": NaN
    },
    "2022-12-31": {
        "Tax Effect Of Unusual Items": NaN,
        "Tax Rate For Calcs": NaN,
        "Normalized EBITDA": NaN,
        "Total Unusual Items": 0.0,
        "Total Unusual Items Excluding Goodwill": 0.0,
        "Net Income From Continuing Operation Net Minority Interest": NaN,
        "Reconciled Depreciation": NaN,
        "Reconciled Cost Of Revenue": NaN,
        "EBITDA": NaN,
        "EBIT": NaN,
        "Net Interest Income": NaN,
        "Interest Expense": NaN,
        "Normalized Income": NaN,
        "Net Income From Continuing And Discontinued Operation": NaN,
        "Total Expenses": NaN,
        "Total Operating Income As Reported": NaN,
        "Diluted Average Shares": NaN,
        "Basic Average Shares": NaN,
        "Diluted EPS": NaN,
        "Basic EPS": NaN,
        "Diluted NI Availto Com Stockholders": NaN,
        "Net Income Common Stockholders": NaN,
        "Otherunder Preferred Stock Dividend": NaN,
        "Net Income": NaN,
        "Net Income Including Noncontrolling Interests": NaN,
        "Net Income Continuous Operations": NaN,
        "Tax Provision": NaN,
        "Pretax Income": NaN,
        "Other Income Expense": NaN,
        "Other Non Operating Income Expenses": NaN,
        "Special Income Charges": 0.0,
        "Impairment Of Capital Assets": NaN,
        "Net Non Operating Interest Income Expense": NaN,
        "Interest Expense Non Operating": NaN,
        "Operating Income": NaN,
        "Operating Expense": NaN,
        "Depreciation Amortization Depletion Income Statement": NaN,
        "Depreciation And Amortization In Income Statement": NaN,
        "Amortization": NaN,
        "Amortization Of Intangibles Income Statement": NaN,
        "Selling General And Administration": NaN,
        "Gross Profit": NaN,
        "Cost Of Revenue": NaN,
        "Total Revenue": NaN,
        "Operating Revenue": NaN
    },
    "2022-09-30": {
        "Tax Effect Of Unusual Items": NaN,
        "Tax Rate For Calcs": NaN,
        "Normalized EBITDA": NaN,
        "Total Unusual Items": 0.0,
        "Total Unusual Items Excluding Goodwill": 0.0,
        "Net Income From Continuing Operation Net Minority Interest": NaN,
        "Reconciled Depreciation": NaN,
        "Reconciled Cost Of Revenue": NaN,
        "EBITDA": NaN,
        "EBIT": NaN,
        "Net Interest Income": NaN,
        "Interest Expense": NaN,
        "Normalized Income": NaN,
        "Net Income From Continuing And Discontinued Operation": NaN,
        "Total Expenses": NaN,
        "Total Operating Income As Reported": NaN,
        "Diluted Average Shares": NaN,
        "Basic Average Shares": NaN,
        "Diluted EPS": NaN,
        "Basic EPS": NaN,
        "Diluted NI Availto Com Stockholders": NaN,
        "Net Income Common Stockholders": NaN,
        "Otherunder Preferred Stock Dividend": NaN,
        "Net Income": NaN,
        "Net Income Including Noncontrolling Interests": NaN,
        "Net Income Continuous Operations": NaN,
        "Tax Provision": NaN,
        "Pretax Income": NaN,
        "Other Income Expense": NaN,
        "Other Non Operating Income Expenses": NaN,
        "Special Income Charges": 0.0,
        "Impairment Of Capital Assets": NaN,
        "Net Non Operating Interest Income Expense": NaN,
        "Interest Expense Non Operating": NaN,
        "Operating Income": NaN,
        "Operating Expense": NaN,
        "Depreciation Amortization Depletion Income Statement": NaN,
        "Depreciation And Amortization In Income Statement": NaN,
        "Amortization": NaN,
        "Amortization Of Intangibles Income Statement": NaN,
        "Selling General And Administration": NaN,
        "Gross Profit": NaN,
        "Cost Of Revenue": NaN,
        "Total Revenue": NaN,
        "Operating Revenue": NaN
    },
    "2022-06-30": {
        "Tax Effect Of Unusual Items": 0.0,
        "Tax Rate For Calcs": 0.232,
        "Normalized EBITDA": 28193000.0,
        "Total Unusual Items": 0.0,
        "Total Unusual Items Excluding Goodwill": 0.0,
        "Net Income From Continuing Operation Net Minority Interest": 17725000.0,
        "Reconciled Depreciation": 2630000.0,
        "Reconciled Cost Of Revenue": 136328000.0,
        "EBITDA": 28193000.0,
        "EBIT": 25563000.0,
        "Net Interest Income": -2473000.0,
        "Interest Expense": 2473000.0,
        "Normalized Income": 17725000.0,
        "Net Income From Continuing And Discontinued Operation": 17725000.0,
        "Total Expenses": 161982000.0,
        "Total Operating Income As Reported": 25579000.0,
        "Diluted Average Shares": 22907414.0,
        "Basic Average Shares": 22907414.0,
        "Diluted EPS": 0.75,
        "Basic EPS": 0.76,
        "Diluted NI Availto Com Stockholders": 17725000.0,
        "Net Income Common Stockholders": 17725000.0,
        "Otherunder Preferred Stock Dividend": NaN,
        "Net Income": 17725000.0,
        "Net Income Including Noncontrolling Interests": 17725000.0,
        "Net Income Continuous Operations": 17725000.0,
        "Tax Provision": 5365000.0,
        "Pretax Income": 23090000.0,
        "Other Income Expense": -16000.0,
        "Other Non Operating Income Expenses": -16000.0,
        "Special Income Charges": 0.0,
        "Write Off": NaN,
        "Net Non Operating Interest Income Expense": -2473000.0,
        "Interest Expense Non Operating": 2473000.0,
        "Operating Income": 25579000.0,
        "Operating Expense": 25654000.0,
        "Depreciation Amortization Depletion Income Statement": 2630000.0,
        "Depreciation And Amortization In Income Statement": 2630000.0,
        "Amortization": 2630000.0,
        "Amortization Of Intangibles Income Statement": 2630000.0,
        "Selling General And Administration": 23024000.0,
        "Gross Profit": 51233000.0,
        "Cost Of Revenue": 136328000.0,
        "Total Revenue": 187561000.0,
        "Operating Revenue": 187561000.0
    },
    "2022-03-31": {
        "Diluted EPS": -0.18,
        "Total Revenue": 103,
        "Gross Profit": 21,
        "Operating Income": -3,
        "EBIT": 2,
        "Net Income": -4
    },
    "2021-12-31": {
        "Diluted EPS": 0.36,
        "Total Revenue": 153,
        "Gross Profit": 36,
        "Operating Income": 13,
        "EBIT": 18,
        "Net Income": 8
    },
    "2021-09-30": {
        "Diluted EPS": 0.3,
        "Total Revenue": 128,
        "Gross Profit": 31,
        "Operating Income": 10,
        "EBIT": 16,
        "Net Income": 7
    },
    "2021-06-30": {
        "Diluted EPS": 0.6,
        "Total Revenue": 158,
        "Gross Profit": 49,
        "Operating Income": 24,
        "EBIT": 30,
        "Net Income": 14
    },
    "2021-03-31": {
        "Diluted EPS": 0.03,
        "Total Revenue": 103,
        "Gross Profit": 26,
        "Operating Income": 4,
        "EBIT": 9,
        "Net Income": 1
    },
    "2020-12-31": {
        "Diluted EPS": 0.79,
        "Total Revenue": 158,
        "Gross Profit": 48,
        "Operating Income": 28,
        "EBIT": 33,
        "Net Income": 18
    },
    "2020-09-30": {
        "Diluted EPS": 0.39,
        "Total Revenue": 134,
        "Gross Profit": 37,
        "Operating Income": 18,
        "EBIT": 23,
        "Net Income": 9
    },
    "2020-06-30": {
        "Diluted EPS": -4.55,
        "Total Revenue": 120,
        "Gross Profit": 32,
        "Operating Income": -112,
        "EBIT": -107,
        "Net Income": -104
    },
    "2020-03-31": {
        "Diluted EPS": -0.44,
        "Total Revenue": 68,
        "Gross Profit": 12,
        "Operating Income": -8,
        "EBIT": -3,
        "Net Income": -10
    },
    "2019-12-31": {
        "Diluted EPS": 0.49,
        "Total Revenue": 160,
        "Gross Profit": 46,
        "Operating Income": 25,
        "EBIT": 30,
        "Net Income": 11
    },
    "2019-09-30": {
        "Diluted EPS": 0.53,
        "Total Revenue": 142,
        "Gross Profit": 40,
        "Operating Income": 20,
        "EBIT": 25,
        "Net Income": 12
    },
    "2019-06-30": {
        "Diluted EPS": 1.1,
        "Total Revenue": 176,
        "Gross Profit": 60,
        "Operating Income": 38,
        "EBIT": 43,
        "Net Income": 25
    },
    "2019-03-31": {
        "Diluted EPS": -0.01,
        "Total Revenue": 93,
        "Gross Profit": 23,
        "Operating Income": 4,
        "EBIT": 9,
        "Net Income": 0
    },
    "2018-12-31": {
        "Diluted EPS": 0.63,
        "Total Revenue": 152,
        "Gross Profit": 44,
        "Operating Income": 25,
        "EBIT": 30,
        "Net Income": 14
    },
    "2018-09-30": {
        "Diluted EPS": 0.43,
        "Total Revenue": 125,
        "Gross Profit": 35,
        "Operating Income": 15,
        "EBIT": 21,
        "Net Income": 10
    },
    "2018-06-30": {
        "Diluted EPS": 0.91,
        "Total Revenue": 163,
        "Gross Profit": 56,
        "Operating Income": 32,
        "EBIT": 37,
        "Net Income": 21
    },
    "2018-03-31": {
        "Diluted EPS": -0.08,
        "Total Revenue": 84,
        "Gross Profit": 20,
        "Operating Income": 1,
        "EBIT": 6,
        "Net Income": -2
    },
    "2017-12-31": {
        "Diluted EPS": 1.5,
        "Total Revenue": 138,
        "Gross Profit": 45,
        "Operating Income": 26,
        "EBIT": 31,
        "Net Income": 35
    },
    "2017-09-30": {
        "Diluted EPS": 0.4,
        "Total Revenue": 125,
        "Gross Profit": 36,
        "Operating Income": 20,
        "EBIT": 25,
        "Net Income": 9
    },
    "2017-06-30": {
        "Diluted EPS": 0.64,
        "Total Revenue": 139,
        "Gross Profit": 45,
        "Operating Income": 26,
        "EBIT": 30,
        "Net Income": 15
    },
    "2017-03-31": {
        "Diluted EPS": -0.14,
        "Total Revenue": 72,
        "Gross Profit": 17,
        "Operating Income": 0,
        "EBIT": 4,
        "Net Income": -3
    },
    "2016-12-31": {
        "Diluted EPS": 0.44,
        "Total Revenue": 130,
        "Gross Profit": 42,
        "Operating Income": 23,
        "EBIT": 28,
        "Net Income": 10
    },
    "2016-09-30": {
        "Diluted EPS": 0.32,
        "Total Revenue": 124,
        "Gross Profit": 37,
        "Operating Income": 16,
        "EBIT": 23,
        "Net Income": 7
    },
    "2016-06-30": {
        "Diluted EPS": 0.71,
        "Total Revenue": 114,
        "Gross Profit": 42,
        "Operating Income": 28,
        "EBIT": 32,
        "Net Income": 16
    },
    "2016-03-31": {
        "Diluted EPS": 0.23,
        "Total Revenue": 49,
        "Gross Profit": 14,
        "Operating Income": 1,
        "EBIT": 5,
        "Net Income": 5
    },
    "2015-12-31": {
        "Diluted EPS": 0.68,
        "Total Revenue": 119,
        "Gross Profit": 39,
        "Operating Income": 24,
        "EBIT": 27,
        "Net Income": 15
    },
    "2015-09-30": {
        "Diluted EPS": 0.68,
        "Total Revenue": 121,
        "Gross Profit": 41,
        "Operating Income": 27,
        "EBIT": 30,
        "Net Income": 15
    },
    "2015-06-30": {
        "Diluted EPS": 0.57,
        "Total Revenue": 107,
        "Gross Profit": 37,
        "Operating Income": 24,
        "EBIT": 27,
        "Net Income": 13
    },
    "2015-03-31": {
        "Diluted EPS": 0.01,
        "Total Revenue": 54,
        "Gross Profit": 16,
        "Operating Income": 3,
        "EBIT": 6,
        "Net Income": 0
    },
    "2014-12-31": {
        "Diluted EPS": 0.59,
        "Total Revenue": 100,
        "Gross Profit": 39,
        "Operating Income": 25,
        "EBIT": 27,
        "Net Income": 13
    },
    "2014-09-30": {
        "Diluted EPS": 0.47,
        "Total Revenue": 79,
        "Gross Profit": 29,
        "Operating Income": 19,
        "EBIT": 21,
        "Net Income": 11
    },
    "2014-06-30": {
        "Diluted EPS": 0.64,
        "Total Revenue": 88,
        "Gross Profit": 34,
        "Operating Income": 24,
        "EBIT": 27,
        "Net Income": 14
    },
    "2014-03-31": {
        "Diluted EPS": 0.07,
        "Total Revenue": 36,
        "Gross Profit": 14,
        "Operating Income": 4,
        "EBIT": 7,
        "Net Income": 2
    },
    "2013-12-31": {
        "Diluted EPS": 0.38,
        "Total Revenue": 73,
        "Gross Profit": 27,
        "Operating Income": 17,
        "EBIT": 19,
        "Net Income": 8
    },
    "2013-09-30": {
        "Diluted EPS": 0.02,
        "Total Revenue": 52,
        "Gross Profit": 15,
        "Operating Income": 3,
        "EBIT": 5,
        "Net Income": 1
    },
    "2013-06-30": {
        "Diluted EPS": 0.26,
        "Total Revenue": 55,
        "Gross Profit": 19,
        "Operating Income": 11,
        "EBIT": 14,
        "Net Income": 6
    },
    "2013-03-31": {
        "Diluted EPS": -0.15,
        "Total Revenue": 14,
        "Gross Profit": 4,
        "Operating Income": -4,
        "EBIT": -1,
        "Net Income": -3
    },
    "2012-12-31": {
        "Diluted EPS": -0.05,
        "Total Revenue": 28,
        "Gross Profit": 8,
        "Operating Income": 2,
        "EBIT": 4,
        "Net Income": -1
    },
    "2012-09-30": {
        "Diluted EPS": 0.1,
        "Total Revenue": 38,
        "Gross Profit": 12,
        "Operating Income": 5,
        "EBIT": 7,
        "Net Income": 2
    },
    "2012-06-30": {
        "Diluted EPS": 0.4,
        "Total Revenue": 65,
        "Gross Profit": 23,
        "Operating Income": 16,
        "EBIT": 18,
        "Net Income": 9
    },
    "2012-03-31": {
        "Diluted EPS": -0.19,
        "Total Revenue": 9,
        "Gross Profit": 2,
        "Operating Income": -4,
        "EBIT": -2,
        "Net Income": -4
    },
    "2011-12-31": {
        "Diluted EPS": 0.27,
        "Total Revenue": 60,
        "Gross Profit": 20,
        "Operating Income": 11,
        "EBIT": 14,
        "Net Income": 6
    },
    "2011-09-30": {
        "Diluted EPS": 0.18,
        "Total Revenue": 53,
        "Gross Profit": 16,
        "Operating Income": 9,
        "EBIT": 11,
        "Net Income": 4
    },
    "2011-06-30": {
        "Diluted EPS": 0.44,
        "Total Revenue": 72,
        "Gross Profit": 26,
        "Operating Income": 18,
        "EBIT": 21,
        "Net Income": 10
    },
    "2011-03-31": {
        "Diluted EPS": -0.04,
        "Total Revenue": 23,
        "Gross Profit": 9,
        "Operating Income": 2,
        "EBIT": 4,
        "Net Income": -1
    },
    "2010-12-31": {
        "Diluted EPS": 0.39,
        "Total Revenue": 48,
        "Gross Profit": 18,
        "Operating Income": 11,
        "EBIT": 13,
        "Net Income": 5
    },
    "2010-09-30": {
        "Diluted EPS": 0.1,
        "Total Revenue": 47,
        "Gross Profit": 15,
        "Operating Income": 7,
        "EBIT": 10,
        "Net Income": 2
    },
    "2010-06-30": {
        "Diluted EPS": 0.0,
        "Total Revenue": 66,
        "Gross Profit": 25,
        "Operating Income": 10,
        "EBIT": 13,
        "Net Income": 0
    },
    "2010-03-31": {
        "Diluted EPS": -0.4,
        "Total Revenue": 15,
        "Gross Profit": 2,
        "Operating Income": -6,
        "EBIT": -2,
        "Net Income": -6
    },
    "2009-12-31": {
        "Diluted EPS": 0.41,
        "Total Revenue": 49,
        "Gross Profit": 19,
        "Operating Income": 13,
        "EBIT": 17,
        "Net Income": 6
    },
    "2009-09-30": {
        "Diluted EPS": 0.19,
        "Total Revenue": 50,
        "Gross Profit": 15,
        "Operating Income": 8,
        "EBIT": 11,
        "Net Income": 3
    },
    "2009-06-30": {
        "Diluted EPS": 0.38,
        "Total Revenue": 60,
        "Gross Profit": 20,
        "Operating Income": 13,
        "EBIT": 16,
        "Net Income": 6
    },
    "2009-03-31": {
        "Diluted EPS": -0.31,
        "Total Revenue": 15,
        "Gross Profit": 3,
        "Operating Income": -4,
        "EBIT": -1,
        "Net Income": -4
    },
    "2023-09-30": {
        "Tax Effect Of Unusual Items": NaN,
        "Tax Rate For Calcs": NaN,
        "Normalized EBITDA": NaN,
        "Total Unusual Items": 0.0,
        "Total Unusual Items Excluding Goodwill": 0.0,
        "Net Income From Continuing Operation Net Minority Interest": NaN,
        "Reconciled Depreciation": NaN,
        "Reconciled Cost Of Revenue": NaN,
        "EBITDA": NaN,
        "EBIT": NaN,
        "Net Interest Income": NaN,
        "Interest Expense": NaN,
        "Normalized Income": NaN,
        "Net Income From Continuing And Discontinued Operation": NaN,
        "Total Expenses": NaN,
        "Total Operating Income As Reported": NaN,
        "Diluted Average Shares": 22983965.0,
        "Basic Average Shares": 22983965.0,
        "Diluted EPS": 0.24,
        "Basic EPS": 0.25,
        "Diluted NI Availto Com Stockholders": NaN,
        "Net Income Common Stockholders": NaN,
        "Otherunder Preferred Stock Dividend": NaN,
        "Net Income": NaN,
        "Net Income Including Noncontrolling Interests": NaN,
        "Net Income Continuous Operations": NaN,
        "Tax Provision": NaN,
        "Pretax Income": NaN,
        "Other Income Expense": 35000.0,
        "Other Non Operating Income Expenses": 35000.0,
        "Special Income Charges": 0.0,
        "Other Special Charges": NaN,
        "Impairment Of Capital Assets": 0.0,
        "Net Non Operating Interest Income Expense": NaN,
        "Interest Expense Non Operating": NaN,
        "Operating Income": NaN,
        "Operating Expense": NaN,
        "Depreciation Amortization Depletion Income Statement": NaN,
        "Depreciation And Amortization In Income Statement": NaN,
        "Amortization": NaN,
        "Amortization Of Intangibles Income Statement": NaN,
        "Selling General And Administration": NaN,
        "Gross Profit": NaN,
        "Cost Of Revenue": NaN,
        "Total Revenue": NaN,
        "Operating Revenue": NaN
    },
    "2023-12-31": {
        "Tax Effect Of Unusual Items": 0.0,
        "Tax Rate For Calcs": 0.136425,
        "Normalized EBITDA": 18145000.0,
        "Total Unusual Items": NaN,
        "Total Unusual Items Excluding Goodwill": NaN,
        "Net Income From Continuing Operation Net Minority Interest": 7077000.0,
        "Reconciled Depreciation": 5482000.0,
        "Reconciled Cost Of Revenue": 101890000.0,
        "EBITDA": 18145000.0,
        "EBIT": 12663000.0,
        "Net Interest Income": -4468000.0,
        "Interest Expense": 4468000.0,
        "Normalized Income": 7077000.0,
        "Net Income From Continuing And Discontinued Operation": 7077000.0,
        "Total Expenses": 121601000.0,
        "Total Operating Income As Reported": 12644000.0,
        "Diluted Average Shares": 22983965.0,
        "Basic Average Shares": 22983965.0,
        "Diluted EPS": 0.29,
        "Basic EPS": 0.3,
        "Diluted NI Availto Com Stockholders": 6917000.0,
        "Net Income Common Stockholders": 6917000.0,
        "Otherunder Preferred Stock Dividend": 160000.0,
        "Net Income": 7077000.0,
        "Net Income Including Noncontrolling Interests": 7077000.0,
        "Net Income Continuous Operations": 7077000.0,
        "Tax Provision": 1118000.0,
        "Pretax Income": 8195000.0,
        "Other Income Expense": NaN,
        "Other Non Operating Income Expenses": NaN,
        "Special Income Charges": NaN,
        "Other Special Charges": NaN,
        "Impairment Of Capital Assets": NaN,
        "Net Non Operating Interest Income Expense": -4468000.0,
        "Interest Expense Non Operating": 4468000.0,
        "Operating Income": 12644000.0,
        "Operating Expense": 16859000.0,
        "Depreciation Amortization Depletion Income Statement": 2630000.0,
        "Depreciation And Amortization In Income Statement": 2630000.0,
        "Amortization": 2630000.0,
        "Amortization Of Intangibles Income Statement": 2630000.0,
        "Selling General And Administration": 14229000.0,
        "Gross Profit": 29503000.0,
        "Cost Of Revenue": 104742000.0,
        "Total Revenue": 134245000.0,
        "Operating Revenue": 134245000.0
    },
    "2024-03-31": {
        "Tax Effect Of Unusual Items": -195840.0,
        "Tax Rate For Calcs": 0.16,
        "Normalized EBITDA": 150000.0,
        "Total Unusual Items": -1224000.0,
        "Total Unusual Items Excluding Goodwill": -1224000.0,
        "Net Income From Continuing Operation Net Minority Interest": -8352000.0,
        "Reconciled Depreciation": 5345000.0,
        "Reconciled Cost Of Revenue": 74020000.0,
        "EBITDA": -1074000.0,
        "EBIT": -6419000.0,
        "Net Interest Income": -3524000.0,
        "Interest Expense": 3524000.0,
        "Normalized Income": -7323840.0,
        "Net Income From Continuing And Discontinued Operation": -8352000.0,
        "Total Expenses": 100853000.0,
        "Total Operating Income As Reported": -6422000.0,
        "Diluted Average Shares": 23009369.0,
        "Basic Average Shares": 23009369.0,
        "Diluted EPS": -0.37,
        "Basic EPS": -0.37,
        "Diluted NI Availto Com Stockholders": -8352000.0,
        "Net Income Common Stockholders": -8352000.0,
        "Otherunder Preferred Stock Dividend": 0.0,
        "Net Income": -8352000.0,
        "Net Income Including Noncontrolling Interests": -8352000.0,
        "Net Income Continuous Operations": -8352000.0,
        "Tax Provision": -1591000.0,
        "Pretax Income": -9943000.0,
        "Other Income Expense": -1221000.0,
        "Other Non Operating Income Expenses": 3000.0,
        "Special Income Charges": -1224000.0,
        "Other Special Charges": NaN,
        "Impairment Of Capital Assets": 1224000.0,
        "Net Non Operating Interest Income Expense": -3524000.0,
        "Interest Expense Non Operating": 3524000.0,
        "Operating Income": -5198000.0,
        "Operating Expense": 24118000.0,
        "Depreciation Amortization Depletion Income Statement": 2630000.0,
        "Depreciation And Amortization In Income Statement": 2630000.0,
        "Amortization": 2630000.0,
        "Amortization Of Intangibles Income Statement": 2630000.0,
        "Selling General And Administration": 21488000.0,
        "Gross Profit": 18920000.0,
        "Cost Of Revenue": 76735000.0,
        "Total Revenue": 95655000.0,
        "Operating Revenue": 95655000.0
    },
    "2024-06-30": {
        "Tax Effect Of Unusual Items": 0.0,
        "Tax Rate For Calcs": 0.242,
        "Normalized EBITDA": 40657000.0,
        "Total Unusual Items": 0.0,
        "Total Unusual Items Excluding Goodwill": 0.0,
        "Net Income From Continuing Operation Net Minority Interest": 24338000.0,
        "Reconciled Depreciation": 4407000.0,
        "Reconciled Cost Of Revenue": 135822000.0,
        "EBITDA": 40657000.0,
        "EBIT": 36250000.0,
        "Net Interest Income": -4123000.0,
        "Interest Expense": 4123000.0,
        "Normalized Income": 24338000.0,
        "Net Income From Continuing And Discontinued Operation": 24338000.0,
        "Total Expenses": 163599000.0,
        "Total Operating Income As Reported": 36303000.0,
        "Diluted Average Shares": 23094047.0,
        "Basic Average Shares": 23094047.0,
        "Diluted EPS": 1.02,
        "Basic EPS": 1.03,
        "Diluted NI Availto Com Stockholders": 23699000.0,
        "Net Income Common Stockholders": 23699000.0,
        "Otherunder Preferred Stock Dividend": 639000.0,
        "Net Income": 24338000.0,
        "Net Income Including Noncontrolling Interests": 24338000.0,
        "Net Income Continuous Operations": 24338000.0,
        "Tax Provision": 7789000.0,
        "Pretax Income": 32127000.0,
        "Other Income Expense": -53000.0,
        "Other Non Operating Income Expenses": -53000.0,
        "Special Income Charges": 0.0,
        "Other Special Charges": NaN,
        "Impairment Of Capital Assets": 0.0,
        "Net Non Operating Interest Income Expense": -4123000.0,
        "Interest Expense Non Operating": 4123000.0,
        "Operating Income": 36303000.0,
        "Operating Expense": 25000000.0,
        "Depreciation Amortization Depletion Income Statement": 1630000.0,
        "Depreciation And Amortization In Income Statement": 1630000.0,
        "Amortization": 1630000.0,
        "Amortization Of Intangibles Income Statement": 1630000.0,
        "Selling General And Administration": 23370000.0,
        "Gross Profit": 61303000.0,
        "Cost Of Revenue": 138599000.0,
        "Total Revenue": 199902000.0,
        "Operating Revenue": 199902000.0
    },
    "2024-09-30": {
        "Tax Effect Of Unusual Items": 9601646.0,
        "Tax Rate For Calcs": 0.227,
        "Normalized EBITDA": 8188000.0,
        "Total Unusual Items": 42298000.0,
        "Total Unusual Items Excluding Goodwill": 42298000.0,
        "Net Income From Continuing Operation Net Minority Interest": 32258000.0,
        "Reconciled Depreciation": 4277000.0,
        "Reconciled Cost Of Revenue": 95876000.0,
        "EBITDA": 50486000.0,
        "EBIT": 46209000.0,
        "Net Interest Income": -4469000.0,
        "Interest Expense": 4469000.0,
        "Normalized Income": -438354.0,
        "Net Income From Continuing And Discontinued Operation": 32258000.0,
        "Total Expenses": 125841000.0,
        "Total Operating Income As Reported": 45855000.0,
        "Diluted Average Shares": 23577883.0,
        "Basic Average Shares": 23094047.0,
        "Diluted EPS": 1.36,
        "Basic EPS": 1.37,
        "Diluted NI Availto Com Stockholders": 31586000.0,
        "Net Income Common Stockholders": 31586000.0,
        "Otherunder Preferred Stock Dividend": 672000.0,
        "Net Income": 32258000.0,
        "Net Income Including Noncontrolling Interests": 32258000.0,
        "Net Income Continuous Operations": 32258000.0,
        "Tax Provision": 9482000.0,
        "Pretax Income": 41740000.0,
        "Other Income Expense": 42652000.0,
        "Other Non Operating Income Expenses": 354000.0,
        "Special Income Charges": 42298000.0,
        "Other Special Charges": -42298000.0,
        "Impairment Of Capital Assets": 0.0,
        "Net Non Operating Interest Income Expense": -4469000.0,
        "Interest Expense Non Operating": 4469000.0,
        "Operating Income": 3557000.0,
        "Operating Expense": 27318000.0,
        "Depreciation Amortization Depletion Income Statement": 1630000.0,
        "Depreciation And Amortization In Income Statement": 1630000.0,
        "Amortization": 1630000.0,
        "Amortization Of Intangibles Income Statement": 1630000.0,
        "Selling General And Administration": 25688000.0,
        "Gross Profit": 30875000.0,
        "Cost Of Revenue": 98523000.0,
        "Total Revenue": 129398000.0,
        "Operating Revenue": 129398000.0
    },
    "2024-12-31": {
        "Tax Effect Of Unusual Items": 0.0,
        "Tax Rate For Calcs": 0.206682,
        "Normalized EBITDA": 16972000.0,
        "Total Unusual Items": 0.0,
        "Total Unusual Items Excluding Goodwill": 0.0,
        "Net Income From Continuing Operation Net Minority Interest": 7907000.0,
        "Reconciled Depreciation": 3861000.0,
        "Reconciled Cost Of Revenue": 105579000.0,
        "EBITDA": 16972000.0,
        "EBIT": 13111000.0,
        "Net Interest Income": -3144000.0,
        "Interest Expense": 3144000.0,
        "Normalized Income": 7907000.0,
        "Net Income From Continuing And Discontinued Operation": 7907000.0,
        "Total Expenses": 130576000.0,
        "Total Operating Income As Reported": 12973000.0,
        "Diluted Average Shares": NaN,
        "Basic Average Shares": NaN,
        "Diluted EPS": NaN,
        "Basic EPS": NaN,
        "Diluted NI Availto Com Stockholders": 8233000.0,
        "Net Income Common Stockholders": 7706000.0,
        "Otherunder Preferred Stock Dividend": 201000.0,
        "Net Income": 7907000.0,
        "Net Income Including Noncontrolling Interests": 7907000.0,
        "Net Income Continuous Operations": 7907000.0,
        "Tax Provision": 2060000.0,
        "Pretax Income": 9967000.0,
        "Other Income Expense": 138000.0,
        "Other Non Operating Income Expenses": 138000.0,
        "Special Income Charges": 0.0,
        "Other Special Charges": 0.0,
        "Impairment Of Capital Assets": 0.0,
        "Net Non Operating Interest Income Expense": -3144000.0,
        "Interest Expense Non Operating": 3144000.0,
        "Operating Income": 12973000.0,
        "Operating Expense": 22766000.0,
        "Depreciation Amortization Depletion Income Statement": 1630000.0,
        "Depreciation And Amortization In Income Statement": 1630000.0,
        "Amortization": 1630000.0,
        "Amortization Of Intangibles Income Statement": 1630000.0,
        "Selling General And Administration": 21136000.0,
        "Gross Profit": 35739000.0,
        "Cost Of Revenue": 107810000.0,
        "Total Revenue": 143549000.0,
        "Operating Revenue": 143549000.0
    }
}