{
    "2023-03-31": {
        "Tax Effect Of Unusual Items": NaN,
        "Tax Rate For Calcs": NaN,
        "Normalized EBITDA": NaN,
        "Total Unusual Items": NaN,
        "Total Unusual Items Excluding Goodwill": NaN,
        "Net Income From Continuing Operation Net Minority Interest": NaN,
        "Reconciled Depreciation": NaN,
        "Reconciled Cost Of Revenue": NaN,
        "EBITDA": NaN,
        "EBIT": NaN,
        "Net Interest Income": NaN,
        "Interest Expense": NaN,
        "Interest Income": NaN,
        "Normalized Income": NaN,
        "Net Income From Continuing And Discontinued Operation": NaN,
        "Total Expenses": NaN,
        "Total Operating Income As Reported": NaN,
        "Diluted Average Shares": NaN,
        "Basic Average Shares": NaN,
        "Diluted EPS": NaN,
        "Basic EPS": NaN,
        "Diluted NI Availto Com Stockholders": NaN,
        "Net Income Common Stockholders": NaN,
        "Net Income": NaN,
        "Net Income Including Noncontrolling Interests": NaN,
        "Net Income Continuous Operations": NaN,
        "Tax Provision": NaN,
        "Pretax Income": NaN,
        "Other Income Expense": NaN,
        "Special Income Charges": NaN,
        "Write Off": NaN,
        "Impairment Of Capital Assets": NaN,
        "Gain On Sale Of Security": NaN,
        "Net Non Operating Interest Income Expense": NaN,
        "Total Other Finance Cost": 200000.0,
        "Interest Expense Non Operating": NaN,
        "Interest Income Non Operating": NaN,
        "Operating Income": NaN,
        "Operating Expense": NaN,
        "Research And Development": NaN,
        "Selling General And Administration": NaN,
        "Selling And Marketing Expense": NaN,
        "General And Administrative Expense": NaN,
        "Other Gand A": NaN,
        "Gross Profit": NaN,
        "Cost Of Revenue": NaN,
        "Total Revenue": NaN,
        "Operating Revenue": NaN
    },
    "2022-12-31": {
        "Tax Effect Of Unusual Items": NaN,
        "Tax Rate For Calcs": NaN,
        "Normalized EBITDA": NaN,
        "Total Unusual Items": NaN,
        "Total Unusual Items Excluding Goodwill": NaN,
        "Net Income From Continuing Operation Net Minority Interest": NaN,
        "Reconciled Depreciation": NaN,
        "Reconciled Cost Of Revenue": NaN,
        "EBITDA": NaN,
        "EBIT": NaN,
        "Net Interest Income": NaN,
        "Interest Expense": NaN,
        "Interest Income": NaN,
        "Normalized Income": NaN,
        "Net Income From Continuing And Discontinued Operation": NaN,
        "Total Expenses": NaN,
        "Total Operating Income As Reported": NaN,
        "Diluted Average Shares": NaN,
        "Basic Average Shares": NaN,
        "Diluted EPS": NaN,
        "Basic EPS": NaN,
        "Diluted NI Availto Com Stockholders": NaN,
        "Net Income Common Stockholders": NaN,
        "Net Income": NaN,
        "Net Income Including Noncontrolling Interests": NaN,
        "Net Income Continuous Operations": NaN,
        "Tax Provision": NaN,
        "Pretax Income": NaN,
        "Other Income Expense": NaN,
        "Special Income Charges": NaN,
        "Impairment Of Capital Assets": NaN,
        "Gain On Sale Of Security": NaN,
        "Net Non Operating Interest Income Expense": NaN,
        "Total Other Finance Cost": -1100000.0,
        "Interest Expense Non Operating": NaN,
        "Interest Income Non Operating": NaN,
        "Operating Income": NaN,
        "Operating Expense": NaN,
        "Research And Development": NaN,
        "Selling General And Administration": NaN,
        "Selling And Marketing Expense": NaN,
        "General And Administrative Expense": NaN,
        "Other Gand A": NaN,
        "Gross Profit": NaN,
        "Cost Of Revenue": NaN,
        "Total Revenue": NaN,
        "Operating Revenue": NaN
    },
    "2022-09-30": {
        "Tax Effect Of Unusual Items": NaN,
        "Tax Rate For Calcs": NaN,
        "Normalized EBITDA": NaN,
        "Total Unusual Items": NaN,
        "Total Unusual Items Excluding Goodwill": NaN,
        "Net Income From Continuing Operation Net Minority Interest": NaN,
        "Reconciled Depreciation": NaN,
        "Reconciled Cost Of Revenue": NaN,
        "EBITDA": NaN,
        "EBIT": NaN,
        "Net Interest Income": NaN,
        "Interest Expense": NaN,
        "Interest Income": NaN,
        "Normalized Income": NaN,
        "Net Income From Continuing And Discontinued Operation": NaN,
        "Total Expenses": NaN,
        "Total Operating Income As Reported": NaN,
        "Diluted Average Shares": NaN,
        "Basic Average Shares": NaN,
        "Diluted EPS": NaN,
        "Basic EPS": NaN,
        "Diluted NI Availto Com Stockholders": NaN,
        "Net Income Common Stockholders": NaN,
        "Net Income": NaN,
        "Net Income Including Noncontrolling Interests": NaN,
        "Net Income Continuous Operations": NaN,
        "Tax Provision": NaN,
        "Pretax Income": NaN,
        "Other Income Expense": NaN,
        "Special Income Charges": 0.0,
        "Impairment Of Capital Assets": 0.0,
        "Gain On Sale Of Security": NaN,
        "Net Non Operating Interest Income Expense": NaN,
        "Total Other Finance Cost": 100000.0,
        "Interest Expense Non Operating": NaN,
        "Interest Income Non Operating": NaN,
        "Operating Income": NaN,
        "Operating Expense": NaN,
        "Research And Development": NaN,
        "Selling General And Administration": NaN,
        "Selling And Marketing Expense": NaN,
        "General And Administrative Expense": NaN,
        "Other Gand A": NaN,
        "Gross Profit": NaN,
        "Cost Of Revenue": NaN,
        "Total Revenue": NaN,
        "Operating Revenue": NaN
    },
    "2022-06-30": {
        "Tax Effect Of Unusual Items": 880000.0,
        "Tax Rate For Calcs": 0.4,
        "Normalized EBITDA": 136400000.0,
        "Total Unusual Items": 2200000.0,
        "Total Unusual Items Excluding Goodwill": 2200000.0,
        "Net Income From Continuing Operation Net Minority Interest": 36400000.0,
        "Reconciled Depreciation": 42600000.0,
        "Reconciled Cost Of Revenue": 186100000.0,
        "EBITDA": 138600000.0,
        "EBIT": 96000000.0,
        "Net Interest Income": -24600000.0,
        "Interest Expense": 27100000.0,
        "Interest Income": 2500000.0,
        "Normalized Income": 35080000.0,
        "Net Income From Continuing And Discontinued Operation": 36400000.0,
        "Total Expenses": 568300000.0,
        "Total Operating Income As Reported": 91300000.0,
        "Diluted Average Shares": 412800000.0,
        "Basic Average Shares": 412400000.0,
        "Diluted EPS": 0.09,
        "Basic EPS": 0.09,
        "Diluted NI Availto Com Stockholders": 36400000.0,
        "Net Income Common Stockholders": 36400000.0,
        "Net Income": 36400000.0,
        "Net Income Including Noncontrolling Interests": 36400000.0,
        "Net Income Continuous Operations": 36400000.0,
        "Tax Provision": 32500000.0,
        "Pretax Income": 68900000.0,
        "Other Income Expense": 2200000.0,
        "Gain On Sale Of Security": 2200000.0,
        "Net Non Operating Interest Income Expense": -24600000.0,
        "Total Other Finance Cost": 1200000.0,
        "Interest Expense Non Operating": 27100000.0,
        "Interest Income Non Operating": 2500000.0,
        "Operating Income": 91300000.0,
        "Operating Expense": 382200000.0,
        "Research And Development": 125200000.0,
        "Selling General And Administration": 257000000.0,
        "Selling And Marketing Expense": 151800000.0,
        "General And Administrative Expense": 105200000.0,
        "Other Gand A": 105200000.0,
        "Gross Profit": 473500000.0,
        "Cost Of Revenue": 186100000.0,
        "Total Revenue": 659600000.0,
        "Operating Revenue": 659600000.0
    },
    "2022-03-31": {
        "Diluted EPS": 0.2,
        "Total Revenue": 677,
        "Gross Profit": 490,
        "Operating Income": 120,
        "EBIT": 162,
        "Net Income": 83
    },
    "2021-12-31": {
        "Diluted EPS": 0.24,
        "Total Revenue": 649,
        "Gross Profit": 466,
        "Operating Income": 112,
        "EBIT": 156,
        "Net Income": 102
    },
    "2021-09-30": {
        "Diluted EPS": 0.2,
        "Total Revenue": 636,
        "Gross Profit": 457,
        "Operating Income": 155,
        "EBIT": 193,
        "Net Income": 81
    },
    "2021-06-30": {
        "Diluted EPS": 0.22,
        "Total Revenue": 659,
        "Gross Profit": 475,
        "Operating Income": 165,
        "EBIT": 200,
        "Net Income": 90
    },
    "2021-03-31": {
        "Diluted EPS": 0.09,
        "Total Revenue": 639,
        "Gross Profit": 456,
        "Operating Income": 130,
        "EBIT": 190,
        "Net Income": 36
    },
    "2020-12-31": {
        "Diluted EPS": 0.19,
        "Total Revenue": 574,
        "Gross Profit": 400,
        "Operating Income": 142,
        "EBIT": 180,
        "Net Income": 76
    },
    "2020-09-30": {
        "Diluted EPS": 0.31,
        "Total Revenue": 613,
        "Gross Profit": 433,
        "Operating Income": 204,
        "EBIT": 236,
        "Net Income": 120
    },
    "2020-06-30": {
        "Diluted EPS": -0.37,
        "Total Revenue": 651,
        "Gross Profit": 458,
        "Operating Income": -72,
        "EBIT": -39,
        "Net Income": -140
    },
    "2020-03-31": {
        "Diluted EPS": 0.09,
        "Total Revenue": 534,
        "Gross Profit": 368,
        "Operating Income": 113,
        "EBIT": 144,
        "Net Income": 36
    },
    "2019-12-31": {
        "Diluted EPS": 0.0,
        "Total Revenue": NaN,
        "Gross Profit": NaN,
        "Operating Income": NaN,
        "EBIT": NaN,
        "Net Income": NaN
    },
    "2018-12-31": {
        "Diluted EPS": 0.0,
        "Total Revenue": NaN,
        "Gross Profit": NaN,
        "Operating Income": NaN,
        "EBIT": NaN,
        "Net Income": NaN
    },
    "2023-06-30": {
        "Tax Effect Of Unusual Items": NaN,
        "Tax Rate For Calcs": NaN,
        "Normalized EBITDA": NaN,
        "Total Unusual Items": NaN,
        "Total Unusual Items Excluding Goodwill": NaN,
        "Net Income From Continuing Operation Net Minority Interest": NaN,
        "Reconciled Depreciation": NaN,
        "Reconciled Cost Of Revenue": NaN,
        "EBITDA": NaN,
        "EBIT": NaN,
        "Net Interest Income": NaN,
        "Interest Expense": NaN,
        "Interest Income": NaN,
        "Normalized Income": NaN,
        "Net Income From Continuing And Discontinued Operation": NaN,
        "Total Expenses": NaN,
        "Total Operating Income As Reported": NaN,
        "Diluted Average Shares": NaN,
        "Basic Average Shares": NaN,
        "Diluted EPS": NaN,
        "Basic EPS": NaN,
        "Diluted NI Availto Com Stockholders": NaN,
        "Net Income Common Stockholders": NaN,
        "Net Income": NaN,
        "Net Income Including Noncontrolling Interests": NaN,
        "Net Income Continuous Operations": NaN,
        "Tax Provision": NaN,
        "Pretax Income": NaN,
        "Other Income Expense": NaN,
        "Special Income Charges": NaN,
        "Write Off": NaN,
        "Impairment Of Capital Assets": 9700000.0,
        "Gain On Sale Of Security": NaN,
        "Net Non Operating Interest Income Expense": NaN,
        "Interest Expense Non Operating": NaN,
        "Interest Income Non Operating": NaN,
        "Operating Income": NaN,
        "Operating Expense": NaN,
        "Research And Development": NaN,
        "Selling General And Administration": NaN,
        "Selling And Marketing Expense": NaN,
        "General And Administrative Expense": NaN,
        "Other Gand A": NaN,
        "Gross Profit": NaN,
        "Cost Of Revenue": NaN,
        "Total Revenue": NaN,
        "Operating Revenue": NaN
    },
    "2023-09-30": {
        "Tax Effect Of Unusual Items": NaN,
        "Tax Rate For Calcs": NaN,
        "Normalized EBITDA": NaN,
        "Total Unusual Items": NaN,
        "Total Unusual Items Excluding Goodwill": NaN,
        "Net Income From Continuing Operation Net Minority Interest": NaN,
        "Reconciled Depreciation": NaN,
        "Reconciled Cost Of Revenue": NaN,
        "EBITDA": NaN,
        "EBIT": NaN,
        "Net Interest Income": NaN,
        "Interest Expense": NaN,
        "Interest Income": NaN,
        "Normalized Income": NaN,
        "Net Income From Continuing And Discontinued Operation": NaN,
        "Total Expenses": NaN,
        "Total Operating Income As Reported": NaN,
        "Diluted Average Shares": NaN,
        "Basic Average Shares": NaN,
        "Diluted EPS": NaN,
        "Basic EPS": NaN,
        "Diluted NI Availto Com Stockholders": NaN,
        "Net Income Common Stockholders": NaN,
        "Net Income": NaN,
        "Net Income Including Noncontrolling Interests": NaN,
        "Net Income Continuous Operations": NaN,
        "Tax Provision": NaN,
        "Pretax Income": NaN,
        "Other Income Expense": NaN,
        "Special Income Charges": NaN,
        "Write Off": 41600000.0,
        "Impairment Of Capital Assets": 41600000.0,
        "Gain On Sale Of Security": NaN,
        "Net Non Operating Interest Income Expense": NaN,
        "Interest Expense Non Operating": NaN,
        "Interest Income Non Operating": NaN,
        "Operating Income": NaN,
        "Operating Expense": NaN,
        "Research And Development": NaN,
        "Selling General And Administration": NaN,
        "Selling And Marketing Expense": NaN,
        "General And Administrative Expense": NaN,
        "Other Gand A": NaN,
        "Gross Profit": NaN,
        "Cost Of Revenue": NaN,
        "Total Revenue": NaN,
        "Operating Revenue": NaN
    },
    "2023-12-31": {
        "Tax Effect Of Unusual Items": NaN,
        "Tax Rate For Calcs": NaN,
        "Normalized EBITDA": NaN,
        "Total Unusual Items": NaN,
        "Total Unusual Items Excluding Goodwill": NaN,
        "Net Income From Continuing Operation Net Minority Interest": NaN,
        "Reconciled Depreciation": NaN,
        "Reconciled Cost Of Revenue": NaN,
        "EBITDA": NaN,
        "EBIT": NaN,
        "Net Interest Income": NaN,
        "Interest Expense": NaN,
        "Interest Income": NaN,
        "Normalized Income": NaN,
        "Net Income From Continuing And Discontinued Operation": NaN,
        "Total Expenses": NaN,
        "Total Operating Income As Reported": NaN,
        "Diluted Average Shares": NaN,
        "Basic Average Shares": NaN,
        "Diluted EPS": NaN,
        "Basic EPS": NaN,
        "Diluted NI Availto Com Stockholders": NaN,
        "Net Income Common Stockholders": NaN,
        "Net Income": NaN,
        "Net Income Including Noncontrolling Interests": NaN,
        "Net Income Continuous Operations": NaN,
        "Tax Provision": NaN,
        "Pretax Income": NaN,
        "Other Income Expense": NaN,
        "Special Income Charges": NaN,
        "Write Off": NaN,
        "Impairment Of Capital Assets": 0.0,
        "Gain On Sale Of Security": NaN,
        "Net Non Operating Interest Income Expense": NaN,
        "Interest Expense Non Operating": NaN,
        "Interest Income Non Operating": NaN,
        "Operating Income": NaN,
        "Operating Expense": NaN,
        "Research And Development": NaN,
        "Selling General And Administration": NaN,
        "Selling And Marketing Expense": NaN,
        "General And Administrative Expense": NaN,
        "Other Gand A": NaN,
        "Gross Profit": NaN,
        "Cost Of Revenue": NaN,
        "Total Revenue": NaN,
        "Operating Revenue": NaN
    },
    "2024-03-31": {
        "Tax Effect Of Unusual Items": NaN,
        "Tax Rate For Calcs": NaN,
        "Normalized EBITDA": NaN,
        "Total Unusual Items": NaN,
        "Total Unusual Items Excluding Goodwill": NaN,
        "Net Income From Continuing Operation Net Minority Interest": NaN,
        "Reconciled Depreciation": NaN,
        "Reconciled Cost Of Revenue": NaN,
        "EBITDA": NaN,
        "EBIT": NaN,
        "Net Interest Income": NaN,
        "Interest Expense": NaN,
        "Interest Income": NaN,
        "Normalized Income": NaN,
        "Net Income From Continuing And Discontinued Operation": NaN,
        "Total Expenses": NaN,
        "Total Operating Income As Reported": NaN,
        "Diluted Average Shares": NaN,
        "Basic Average Shares": NaN,
        "Diluted EPS": NaN,
        "Basic EPS": NaN,
        "Diluted NI Availto Com Stockholders": NaN,
        "Net Income Common Stockholders": NaN,
        "Net Income": NaN,
        "Net Income Including Noncontrolling Interests": NaN,
        "Net Income Continuous Operations": NaN,
        "Tax Provision": NaN,
        "Pretax Income": NaN,
        "Other Income Expense": NaN,
        "Special Income Charges": NaN,
        "Write Off": NaN,
        "Impairment Of Capital Assets": 7000000.0,
        "Gain On Sale Of Security": NaN,
        "Net Non Operating Interest Income Expense": NaN,
        "Interest Expense Non Operating": NaN,
        "Interest Income Non Operating": NaN,
        "Operating Income": NaN,
        "Operating Expense": NaN,
        "Research And Development": NaN,
        "Selling General And Administration": NaN,
        "Selling And Marketing Expense": NaN,
        "General And Administrative Expense": NaN,
        "Other Gand A": NaN,
        "Gross Profit": NaN,
        "Cost Of Revenue": NaN,
        "Total Revenue": NaN,
        "Operating Revenue": NaN
    },
    "2024-06-30": {
        "Tax Effect Of Unusual Items": 1344638.40399,
        "Tax Rate For Calcs": 0.280133,
        "Normalized EBITDA": 193100000.0,
        "Total Unusual Items": 4800000.0,
        "Total Unusual Items Excluding Goodwill": 4800000.0,
        "Net Income From Continuing Operation Net Minority Interest": 86600000.0,
        "Reconciled Depreciation": 38700000.0,
        "Reconciled Cost Of Revenue": 168200000.0,
        "EBITDA": 197900000.0,
        "EBIT": 159200000.0,
        "Net Interest Income": -25200000.0,
        "Interest Expense": 38900000.0,
        "Interest Income": 13700000.0,
        "Normalized Income": 83144638.40399,
        "Net Income From Continuing And Discontinued Operation": 86600000.0,
        "Total Expenses": 486300000.0,
        "Total Operating Income As Reported": 140700000.0,
        "Diluted Average Shares": 371800000.0,
        "Basic Average Shares": 371400000.0,
        "Diluted EPS": 0.23,
        "Basic EPS": 0.23,
        "Diluted NI Availto Com Stockholders": 86600000.0,
        "Net Income Common Stockholders": 86600000.0,
        "Net Income": 86600000.0,
        "Net Income Including Noncontrolling Interests": 86600000.0,
        "Net Income Continuous Operations": 86600000.0,
        "Tax Provision": 33700000.0,
        "Pretax Income": 120300000.0,
        "Other Income Expense": 4800000.0,
        "Special Income Charges": 0.0,
        "Write Off": 0.0,
        "Impairment Of Capital Assets": 0.0,
        "Gain On Sale Of Security": 4800000.0,
        "Net Non Operating Interest Income Expense": -25200000.0,
        "Interest Expense Non Operating": 38900000.0,
        "Interest Income Non Operating": 13700000.0,
        "Operating Income": 140700000.0,
        "Operating Expense": 318100000.0,
        "Research And Development": 100600000.0,
        "Selling General And Administration": 217500000.0,
        "Selling And Marketing Expense": 169400000.0,
        "General And Administrative Expense": 48100000.0,
        "Other Gand A": 48100000.0,
        "Gross Profit": 458800000.0,
        "Cost Of Revenue": 168200000.0,
        "Total Revenue": 627000000.0,
        "Operating Revenue": 627000000.0
    },
    "2024-09-30": {
        "Tax Effect Of Unusual Items": -16200900.0,
        "Tax Rate For Calcs": 0.383,
        "Normalized EBITDA": 184400000.0,
        "Total Unusual Items": -42300000.0,
        "Total Unusual Items Excluding Goodwill": -42300000.0,
        "Net Income From Continuing Operation Net Minority Interest": 39300000.0,
        "Reconciled Depreciation": 39200000.0,
        "Reconciled Cost Of Revenue": 168100000.0,
        "EBITDA": 142100000.0,
        "EBIT": 102900000.0,
        "Net Interest Income": -20800000.0,
        "Interest Expense": 39200000.0,
        "Interest Income": 18400000.0,
        "Normalized Income": 65399100.0,
        "Net Income From Continuing And Discontinued Operation": 39300000.0,
        "Total Expenses": 494000000.0,
        "Total Operating Income As Reported": 97500000.0,
        "Diluted Average Shares": 372500000.0,
        "Basic Average Shares": 372200000.0,
        "Diluted EPS": 0.11,
        "Basic EPS": 0.11,
        "Diluted NI Availto Com Stockholders": 39300000.0,
        "Net Income Common Stockholders": 39300000.0,
        "Net Income": 39300000.0,
        "Net Income Including Noncontrolling Interests": 39300000.0,
        "Net Income Continuous Operations": 39300000.0,
        "Tax Provision": 24400000.0,
        "Pretax Income": 63700000.0,
        "Other Income Expense": -42300000.0,
        "Special Income Charges": -29300000.0,
        "Write Off": 29300000.0,
        "Impairment Of Capital Assets": NaN,
        "Gain On Sale Of Security": -13000000.0,
        "Net Non Operating Interest Income Expense": -20800000.0,
        "Interest Expense Non Operating": 39200000.0,
        "Interest Income Non Operating": 18400000.0,
        "Operating Income": 126800000.0,
        "Operating Expense": 325900000.0,
        "Research And Development": 99200000.0,
        "Selling General And Administration": 226700000.0,
        "Selling And Marketing Expense": 149900000.0,
        "General And Administrative Expense": 76800000.0,
        "Other Gand A": 76800000.0,
        "Gross Profit": 452700000.0,
        "Cost Of Revenue": 168100000.0,
        "Total Revenue": 620800000.0,
        "Operating Revenue": 620800000.0
    },
    "2024-12-31": {
        "Tax Effect Of Unusual Items": -8148000.0,
        "Tax Rate For Calcs": 0.21,
        "Normalized EBITDA": 147100000.0,
        "Total Unusual Items": -38800000.0,
        "Total Unusual Items Excluding Goodwill": -38800000.0,
        "Net Income From Continuing Operation Net Minority Interest": -16700000.0,
        "Reconciled Depreciation": 48600000.0,
        "Reconciled Cost Of Revenue": 178800000.0,
        "EBITDA": 108300000.0,
        "EBIT": 59700000.0,
        "Net Interest Income": -27500000.0,
        "Interest Expense": 38100000.0,
        "Interest Income": 11000000.0,
        "Normalized Income": 13952000.0,
        "Net Income From Continuing And Discontinued Operation": -16700000.0,
        "Total Expenses": 562400000.0,
        "Total Operating Income As Reported": 55300000.0,
        "Diluted Average Shares": 374800000.0,
        "Basic Average Shares": 373000000.0,
        "Diluted EPS": -0.04,
        "Basic EPS": -0.04,
        "Diluted NI Availto Com Stockholders": -16700000.0,
        "Net Income Common Stockholders": -16700000.0,
        "Net Income": -16700000.0,
        "Net Income Including Noncontrolling Interests": -16700000.0,
        "Net Income Continuous Operations": -16700000.0,
        "Tax Provision": 38300000.0,
        "Pretax Income": 21600000.0,
        "Other Income Expense": -38800000.0,
        "Special Income Charges": -32600000.0,
        "Write Off": 32600000.0,
        "Impairment Of Capital Assets": NaN,
        "Gain On Sale Of Security": -6200000.0,
        "Net Non Operating Interest Income Expense": -27500000.0,
        "Interest Expense Non Operating": 38100000.0,
        "Interest Income Non Operating": 11000000.0,
        "Operating Income": 87900000.0,
        "Operating Expense": 383600000.0,
        "Research And Development": 96300000.0,
        "Selling General And Administration": 287300000.0,
        "Selling And Marketing Expense": 195300000.0,
        "General And Administrative Expense": 92000000.0,
        "Other Gand A": 92000000.0,
        "Gross Profit": 471500000.0,
        "Cost Of Revenue": 178800000.0,
        "Total Revenue": 650300000.0,
        "Operating Revenue": 650300000.0
    },
    "2025-03-31": {
        "Tax Effect Of Unusual Items": 943500.0,
        "Tax Rate For Calcs": 0.255,
        "Normalized EBITDA": 132800000.0,
        "Total Unusual Items": 3700000.0,
        "Total Unusual Items Excluding Goodwill": 3700000.0,
        "Net Income From Continuing Operation Net Minority Interest": 30600000.0,
        "Reconciled Depreciation": 59200000.0,
        "Reconciled Cost Of Revenue": 197400000.0,
        "EBITDA": 136500000.0,
        "EBIT": 77300000.0,
        "Net Interest Income": -30400000.0,
        "Interest Expense": 36200000.0,
        "Interest Income": 5800000.0,
        "Normalized Income": 27843500.0,
        "Net Income From Continuing And Discontinued Operation": 30600000.0,
        "Total Expenses": 638200000.0,
        "Total Operating Income As Reported": 67800000.0,
        "Diluted Average Shares": 376000000.0,
        "Basic Average Shares": 375400000.0,
        "Diluted EPS": 0.08,
        "Basic EPS": 0.08,
        "Diluted NI Availto Com Stockholders": 30600000.0,
        "Net Income Common Stockholders": 30600000.0,
        "Net Income": 30600000.0,
        "Net Income Including Noncontrolling Interests": 30600000.0,
        "Net Income Continuous Operations": 30600000.0,
        "Tax Provision": 10500000.0,
        "Pretax Income": 41100000.0,
        "Other Income Expense": 3700000.0,
        "Special Income Charges": 0.0,
        "Write Off": NaN,
        "Impairment Of Capital Assets": 0.0,
        "Gain On Sale Of Security": 3700000.0,
        "Net Non Operating Interest Income Expense": -30400000.0,
        "Interest Expense Non Operating": 36200000.0,
        "Interest Income Non Operating": 5800000.0,
        "Operating Income": 67800000.0,
        "Operating Expense": 440800000.0,
        "Research And Development": 103800000.0,
        "Selling General And Administration": 337000000.0,
        "Selling And Marketing Expense": 271800000.0,
        "General And Administrative Expense": 65200000.0,
        "Other Gand A": 65200000.0,
        "Gross Profit": 508600000.0,
        "Cost Of Revenue": 197400000.0,
        "Total Revenue": 706000000.0,
        "Operating Revenue": 706000000.0
    },
    "2025-06-30": {
        "Tax Effect Of Unusual Items": -9023946.784922,
        "Tax Rate For Calcs": 0.263858,
        "Normalized EBITDA": 176800000.0,
        "Total Unusual Items": -34200000.0,
        "Total Unusual Items Excluding Goodwill": -34200000.0,
        "Net Income From Continuing Operation Net Minority Interest": 33200000.0,
        "Reconciled Depreciation": 61000000.0,
        "Reconciled Cost Of Revenue": 195800000.0,
        "EBITDA": 142600000.0,
        "EBIT": 81600000.0,
        "Net Interest Income": -30800000.0,
        "Interest Expense": 36500000.0,
        "Interest Income": 5700000.0,
        "Normalized Income": 58376053.215078,
        "Net Income From Continuing And Discontinued Operation": 33200000.0,
        "Total Expenses": 585900000.0,
        "Total Operating Income As Reported": 109700000.0,
        "Diluted Average Shares": 375600000.0,
        "Basic Average Shares": 375500000.0,
        "Diluted EPS": 0.09,
        "Basic EPS": 0.09,
        "Diluted NI Availto Com Stockholders": 33200000.0,
        "Net Income Common Stockholders": 33200000.0,
        "Net Income": 33200000.0,
        "Net Income Including Noncontrolling Interests": 33200000.0,
        "Net Income Continuous Operations": 33200000.0,
        "Tax Provision": 11900000.0,
        "Pretax Income": 45100000.0,
        "Other Income Expense": -34200000.0,
        "Special Income Charges": -400000.0,
        "Write Off": 400000.0,
        "Impairment Of Capital Assets": NaN,
        "Gain On Sale Of Security": -33800000.0,
        "Net Non Operating Interest Income Expense": -30800000.0,
        "Interest Expense Non Operating": 36500000.0,
        "Interest Income Non Operating": 5700000.0,
        "Operating Income": 110100000.0,
        "Operating Expense": 390100000.0,
        "Research And Development": 114500000.0,
        "Selling General And Administration": 275600000.0,
        "Selling And Marketing Expense": 257700000.0,
        "General And Administrative Expense": 17900000.0,
        "Other Gand A": 17900000.0,
        "Gross Profit": 500200000.0,
        "Cost Of Revenue": 195800000.0,
        "Total Revenue": 696000000.0,
        "Operating Revenue": 696000000.0
    }
}