{
    "2023-03-31": {
        "Tax Effect Of Unusual Items": NaN,
        "Tax Rate For Calcs": NaN,
        "Normalized EBITDA": NaN,
        "Total Unusual Items": NaN,
        "Total Unusual Items Excluding Goodwill": NaN,
        "Net Income From Continuing Operation Net Minority Interest": NaN,
        "Reconciled Depreciation": NaN,
        "Reconciled Cost Of Revenue": NaN,
        "EBITDA": NaN,
        "EBIT": NaN,
        "Net Interest Income": NaN,
        "Interest Expense": NaN,
        "Interest Income": NaN,
        "Normalized Income": NaN,
        "Net Income From Continuing And Discontinued Operation": NaN,
        "Total Expenses": NaN,
        "Total Operating Income As Reported": NaN,
        "Diluted Average Shares": NaN,
        "Basic Average Shares": NaN,
        "Diluted EPS": NaN,
        "Basic EPS": NaN,
        "Diluted NI Availto Com Stockholders": NaN,
        "Net Income Common Stockholders": NaN,
        "Net Income": NaN,
        "Net Income Including Noncontrolling Interests": NaN,
        "Net Income Continuous Operations": NaN,
        "Tax Provision": NaN,
        "Pretax Income": NaN,
        "Other Income Expense": NaN,
        "Other Non Operating Income Expenses": NaN,
        "Special Income Charges": NaN,
        "Other Special Charges": NaN,
        "Write Off": NaN,
        "Impairment Of Capital Assets": 1083000.0,
        "Restructuring And Mergern Acquisition": NaN,
        "Earnings From Equity Interest": NaN,
        "Gain On Sale Of Security": 5074000.0,
        "Net Non Operating Interest Income Expense": NaN,
        "Interest Expense Non Operating": NaN,
        "Interest Income Non Operating": NaN,
        "Operating Income": NaN,
        "Operating Expense": NaN,
        "Research And Development": NaN,
        "Selling General And Administration": NaN,
        "Gross Profit": NaN,
        "Cost Of Revenue": NaN,
        "Total Revenue": NaN,
        "Operating Revenue": NaN
    },
    "2022-12-31": {
        "Tax Effect Of Unusual Items": NaN,
        "Tax Rate For Calcs": NaN,
        "Normalized EBITDA": NaN,
        "Total Unusual Items": NaN,
        "Total Unusual Items Excluding Goodwill": NaN,
        "Net Income From Continuing Operation Net Minority Interest": NaN,
        "Reconciled Depreciation": NaN,
        "Reconciled Cost Of Revenue": NaN,
        "EBITDA": NaN,
        "EBIT": NaN,
        "Net Interest Income": NaN,
        "Interest Expense": NaN,
        "Interest Income": NaN,
        "Normalized Income": NaN,
        "Net Income From Continuing And Discontinued Operation": NaN,
        "Total Expenses": NaN,
        "Total Operating Income As Reported": NaN,
        "Diluted Average Shares": NaN,
        "Basic Average Shares": NaN,
        "Diluted EPS": NaN,
        "Basic EPS": NaN,
        "Diluted NI Availto Com Stockholders": NaN,
        "Net Income Common Stockholders": NaN,
        "Net Income": NaN,
        "Net Income Including Noncontrolling Interests": NaN,
        "Net Income Continuous Operations": NaN,
        "Tax Provision": NaN,
        "Pretax Income": NaN,
        "Other Income Expense": NaN,
        "Other Non Operating Income Expenses": NaN,
        "Special Income Charges": NaN,
        "Other Special Charges": NaN,
        "Write Off": NaN,
        "Impairment Of Capital Assets": NaN,
        "Restructuring And Mergern Acquisition": NaN,
        "Earnings From Equity Interest": NaN,
        "Gain On Sale Of Security": 4625000.0,
        "Net Non Operating Interest Income Expense": NaN,
        "Interest Expense Non Operating": NaN,
        "Interest Income Non Operating": NaN,
        "Operating Income": NaN,
        "Operating Expense": NaN,
        "Research And Development": NaN,
        "Selling General And Administration": NaN,
        "Gross Profit": NaN,
        "Cost Of Revenue": NaN,
        "Total Revenue": NaN,
        "Operating Revenue": NaN
    },
    "2022-09-30": {
        "Tax Effect Of Unusual Items": NaN,
        "Tax Rate For Calcs": NaN,
        "Normalized EBITDA": NaN,
        "Total Unusual Items": NaN,
        "Total Unusual Items Excluding Goodwill": NaN,
        "Net Income From Continuing Operation Net Minority Interest": NaN,
        "Reconciled Depreciation": NaN,
        "Reconciled Cost Of Revenue": NaN,
        "EBITDA": NaN,
        "EBIT": NaN,
        "Net Interest Income": NaN,
        "Interest Expense": NaN,
        "Interest Income": NaN,
        "Normalized Income": NaN,
        "Net Income From Continuing And Discontinued Operation": NaN,
        "Total Expenses": NaN,
        "Total Operating Income As Reported": NaN,
        "Diluted Average Shares": 578043278.0,
        "Basic Average Shares": 578043278.0,
        "Diluted EPS": -0.3,
        "Basic EPS": -0.3,
        "Diluted NI Availto Com Stockholders": NaN,
        "Net Income Common Stockholders": NaN,
        "Net Income": NaN,
        "Net Income Including Noncontrolling Interests": NaN,
        "Net Income Continuous Operations": NaN,
        "Tax Provision": NaN,
        "Pretax Income": NaN,
        "Other Income Expense": NaN,
        "Other Non Operating Income Expenses": NaN,
        "Special Income Charges": NaN,
        "Other Special Charges": NaN,
        "Write Off": 0.0,
        "Impairment Of Capital Assets": NaN,
        "Restructuring And Mergern Acquisition": NaN,
        "Earnings From Equity Interest": NaN,
        "Gain On Sale Of Security": NaN,
        "Net Non Operating Interest Income Expense": NaN,
        "Interest Expense Non Operating": NaN,
        "Interest Income Non Operating": NaN,
        "Operating Income": NaN,
        "Operating Expense": NaN,
        "Research And Development": NaN,
        "Selling General And Administration": NaN,
        "Gross Profit": NaN,
        "Cost Of Revenue": NaN,
        "Total Revenue": NaN,
        "Operating Revenue": NaN
    },
    "2022-06-30": {
        "Tax Effect Of Unusual Items": -3554400.0,
        "Tax Rate For Calcs": 0.4,
        "Normalized EBITDA": -139238000.0,
        "Total Unusual Items": -8886000.0,
        "Total Unusual Items Excluding Goodwill": -8886000.0,
        "Net Income From Continuing Operation Net Minority Interest": -173296000.0,
        "Reconciled Depreciation": 13546000.0,
        "Reconciled Cost Of Revenue": 183732000.0,
        "EBITDA": -148124000.0,
        "EBIT": -161670000.0,
        "Net Interest Income": -7365000.0,
        "Interest Expense": 11203000.0,
        "Interest Income": 3838000.0,
        "Normalized Income": -167964400.0,
        "Net Income From Continuing And Discontinued Operation": -173296000.0,
        "Total Expenses": 303242000.0,
        "Total Operating Income As Reported": -146909000.0,
        "Diluted Average Shares": 578043278.0,
        "Basic Average Shares": 578043278.0,
        "Diluted EPS": -0.3,
        "Basic EPS": -0.3,
        "Diluted NI Availto Com Stockholders": -173296000.0,
        "Net Income Common Stockholders": -173296000.0,
        "Net Income": -173296000.0,
        "Net Income Including Noncontrolling Interests": -173296000.0,
        "Net Income Continuous Operations": -173296000.0,
        "Tax Provision": 423000.0,
        "Pretax Income": -172873000.0,
        "Other Income Expense": -13533000.0,
        "Other Non Operating Income Expenses": -2456000.0,
        "Special Income Charges": 5066000.0,
        "Impairment Of Capital Assets": NaN,
        "Restructuring And Mergern Acquisition": -5066000.0,
        "Earnings From Equity Interest": -2191000.0,
        "Gain On Sale Of Security": -13952000.0,
        "Net Non Operating Interest Income Expense": -7365000.0,
        "Interest Expense Non Operating": 11203000.0,
        "Interest Income Non Operating": 3838000.0,
        "Operating Income": -151975000.0,
        "Operating Expense": 119510000.0,
        "Research And Development": 23557000.0,
        "Selling General And Administration": 95953000.0,
        "Gross Profit": -32465000.0,
        "Cost Of Revenue": 183732000.0,
        "Total Revenue": 151267000.0,
        "Operating Revenue": 150696000.0
    },
    "2022-03-31": {
        "Diluted EPS": -0.27,
        "Total Revenue": 141,
        "Gross Profit": -35,
        "Operating Income": -139,
        "EBIT": -128,
        "Net Income": -156
    },
    "2021-12-31": {
        "Diluted EPS": -0.33,
        "Total Revenue": 162,
        "Gross Profit": -88,
        "Operating Income": -201,
        "EBIT": -184,
        "Net Income": -193
    },
    "2021-09-30": {
        "Diluted EPS": -0.19,
        "Total Revenue": 144,
        "Gross Profit": -31,
        "Operating Income": -99,
        "EBIT": -91,
        "Net Income": -107
    },
    "2021-06-30": {
        "Diluted EPS": -0.18,
        "Total Revenue": 125,
        "Gross Profit": -40,
        "Operating Income": -90,
        "EBIT": -84,
        "Net Income": -100
    },
    "2021-03-31": {
        "Diluted EPS": -0.12,
        "Total Revenue": 72,
        "Gross Profit": -12,
        "Operating Income": -48,
        "EBIT": -41,
        "Net Income": -61
    },
    "2020-12-31": {
        "Diluted EPS": -1.35,
        "Total Revenue": -309,
        "Gross Profit": -431,
        "Operating Income": -478,
        "EBIT": -468,
        "Net Income": -484
    },
    "2020-09-30": {
        "Diluted EPS": -0.18,
        "Total Revenue": 107,
        "Gross Profit": -29,
        "Operating Income": -54,
        "EBIT": -44,
        "Net Income": -65
    },
    "2020-06-30": {
        "Diluted EPS": -0.03,
        "Total Revenue": 68,
        "Gross Profit": 0,
        "Operating Income": -27,
        "EBIT": -19,
        "Net Income": -9
    },
    "2020-03-31": {
        "Diluted EPS": -0.12,
        "Total Revenue": 41,
        "Gross Profit": -10,
        "Operating Income": -26,
        "EBIT": -20,
        "Net Income": -37
    },
    "2019-12-31": {
        "Diluted EPS": -0.06,
        "Total Revenue": 91,
        "Gross Profit": -5,
        "Operating Income": -5,
        "EBIT": 1,
        "Net Income": -18
    },
    "2019-09-30": {
        "Diluted EPS": -0.08,
        "Total Revenue": 59,
        "Gross Profit": 8,
        "Operating Income": -10,
        "EBIT": -5,
        "Net Income": -18
    },
    "2019-06-30": {
        "Diluted EPS": -0.08,
        "Total Revenue": 58,
        "Gross Profit": 11,
        "Operating Income": -12,
        "EBIT": -7,
        "Net Income": -18
    },
    "2019-03-31": {
        "Diluted EPS": -0.14,
        "Total Revenue": 22,
        "Gross Profit": -4,
        "Operating Income": -20,
        "EBIT": -15,
        "Net Income": -31
    },
    "2018-12-31": {
        "Diluted EPS": -0.11,
        "Total Revenue": 59,
        "Gross Profit": -24,
        "Operating Income": -20,
        "EBIT": -15,
        "Net Income": -24
    },
    "2018-09-30": {
        "Diluted EPS": -0.07,
        "Total Revenue": 53,
        "Gross Profit": 4,
        "Operating Income": -13,
        "EBIT": -8,
        "Net Income": -16
    },
    "2018-06-30": {
        "Diluted EPS": -0.12,
        "Total Revenue": 35,
        "Gross Profit": -2,
        "Operating Income": -23,
        "EBIT": -18,
        "Net Income": -26
    },
    "2018-03-31": {
        "Diluted EPS": -0.09,
        "Total Revenue": 26,
        "Gross Profit": -4,
        "Operating Income": -21,
        "EBIT": -18,
        "Net Income": -20
    },
    "2017-12-31": {
        "Diluted EPS": -0.1,
        "Total Revenue": 30,
        "Gross Profit": -1,
        "Operating Income": -18,
        "EBIT": -15,
        "Net Income": -22
    },
    "2017-09-30": {
        "Diluted EPS": -0.18,
        "Total Revenue": 35,
        "Gross Profit": -19,
        "Operating Income": -36,
        "EBIT": -34,
        "Net Income": -41
    },
    "2017-06-30": {
        "Diluted EPS": -0.19,
        "Total Revenue": 21,
        "Gross Profit": -4,
        "Operating Income": -28,
        "EBIT": -26,
        "Net Income": -43
    },
    "2017-03-31": {
        "Diluted EPS": -0.13,
        "Total Revenue": 15,
        "Gross Profit": -4,
        "Operating Income": -20,
        "EBIT": -17,
        "Net Income": -24
    },
    "2016-12-31": {
        "Diluted EPS": -0.11,
        "Total Revenue": 29,
        "Gross Profit": 3,
        "Operating Income": -12,
        "EBIT": -9,
        "Net Income": -19
    },
    "2016-09-30": {
        "Diluted EPS": -0.07,
        "Total Revenue": 18,
        "Gross Profit": 0,
        "Operating Income": -13,
        "EBIT": -12,
        "Net Income": -13
    },
    "2016-06-30": {
        "Diluted EPS": -0.07,
        "Total Revenue": 20,
        "Gross Profit": 0,
        "Operating Income": -13,
        "EBIT": -12,
        "Net Income": -13
    },
    "2016-03-31": {
        "Diluted EPS": -0.07,
        "Total Revenue": 15,
        "Gross Profit": 0,
        "Operating Income": -13,
        "EBIT": -12,
        "Net Income": -12
    },
    "2015-12-31": {
        "Diluted EPS": -0.15,
        "Total Revenue": 38,
        "Gross Profit": -9,
        "Operating Income": -24,
        "EBIT": -23,
        "Net Income": -25
    },
    "2015-09-30": {
        "Diluted EPS": -0.06,
        "Total Revenue": 31,
        "Gross Profit": 0,
        "Operating Income": -12,
        "EBIT": -12,
        "Net Income": -10
    },
    "2015-06-30": {
        "Diluted EPS": -0.05,
        "Total Revenue": 24,
        "Gross Profit": 2,
        "Operating Income": -10,
        "EBIT": -9,
        "Net Income": -9
    },
    "2015-03-31": {
        "Diluted EPS": -0.06,
        "Total Revenue": 9,
        "Gross Profit": -2,
        "Operating Income": -13,
        "EBIT": -12,
        "Net Income": -11
    },
    "2014-12-31": {
        "Diluted EPS": 0.05,
        "Total Revenue": 21,
        "Gross Profit": -2,
        "Operating Income": -13,
        "EBIT": -12,
        "Net Income": -7
    },
    "2014-09-30": {
        "Diluted EPS": -0.06,
        "Total Revenue": 20,
        "Gross Profit": -1,
        "Operating Income": -11,
        "EBIT": -10,
        "Net Income": -9
    },
    "2014-06-30": {
        "Diluted EPS": 0.02,
        "Total Revenue": 17,
        "Gross Profit": 0,
        "Operating Income": -7,
        "EBIT": -6,
        "Net Income": 4
    },
    "2014-03-31": {
        "Diluted EPS": -0.57,
        "Total Revenue": 6,
        "Gross Profit": -2,
        "Operating Income": -7,
        "EBIT": -6,
        "Net Income": -76
    },
    "2013-12-31": {
        "Diluted EPS": -0.31,
        "Total Revenue": 8,
        "Gross Profit": -3,
        "Operating Income": -8,
        "EBIT": -7,
        "Net Income": -29
    },
    "2013-09-30": {
        "Diluted EPS": -0.19,
        "Total Revenue": 5,
        "Gross Profit": -4,
        "Operating Income": -8,
        "EBIT": -7,
        "Net Income": -16
    },
    "2013-06-30": {
        "Diluted EPS": -0.14,
        "Total Revenue": 7,
        "Gross Profit": -2,
        "Operating Income": -7,
        "EBIT": -6,
        "Net Income": -9
    },
    "2013-03-31": {
        "Diluted EPS": -0.18,
        "Total Revenue": 6,
        "Gross Profit": -2,
        "Operating Income": -6,
        "EBIT": -5,
        "Net Income": -9
    },
    "2012-12-31": {
        "Diluted EPS": -0.21,
        "Total Revenue": 6,
        "Gross Profit": -4,
        "Operating Income": -10,
        "EBIT": -8,
        "Net Income": -8
    },
    "2012-09-30": {
        "Diluted EPS": -0.27,
        "Total Revenue": 5,
        "Gross Profit": -7,
        "Operating Income": -12,
        "EBIT": -11,
        "Net Income": -10
    },
    "2012-06-30": {
        "Diluted EPS": -0.17,
        "Total Revenue": 8,
        "Gross Profit": -2,
        "Operating Income": -8,
        "EBIT": -6,
        "Net Income": -6
    },
    "2012-03-31": {
        "Diluted EPS": -0.28,
        "Total Revenue": 8,
        "Gross Profit": -2,
        "Operating Income": -8,
        "EBIT": -7,
        "Net Income": -7
    },
    "2011-12-31": {
        "Diluted EPS": -0.22,
        "Total Revenue": 12,
        "Gross Profit": 0,
        "Operating Income": -6,
        "EBIT": -5,
        "Net Income": -7
    },
    "2011-09-30": {
        "Diluted EPS": -0.28,
        "Total Revenue": 5,
        "Gross Profit": -4,
        "Operating Income": -9,
        "EBIT": -8,
        "Net Income": -6
    },
    "2011-06-30": {
        "Diluted EPS": -0.41,
        "Total Revenue": 4,
        "Gross Profit": -3,
        "Operating Income": -9,
        "EBIT": -7,
        "Net Income": -7
    },
    "2011-03-31": {
        "Diluted EPS": -0.55,
        "Total Revenue": 6,
        "Gross Profit": -2,
        "Operating Income": -7,
        "EBIT": -6,
        "Net Income": -7
    },
    "2010-12-31": {
        "Diluted EPS": -0.66,
        "Total Revenue": 6,
        "Gross Profit": -3,
        "Operating Income": -9,
        "EBIT": -6,
        "Net Income": -9
    },
    "2010-09-30": {
        "Diluted EPS": -0.71,
        "Total Revenue": 6,
        "Gross Profit": -3,
        "Operating Income": -9,
        "EBIT": -8,
        "Net Income": -9
    },
    "2010-06-30": {
        "Diluted EPS": -1.41,
        "Total Revenue": 3,
        "Gross Profit": -3,
        "Operating Income": -19,
        "EBIT": -17,
        "Net Income": -19
    },
    "2010-03-31": {
        "Diluted EPS": -0.8,
        "Total Revenue": 4,
        "Gross Profit": -1,
        "Operating Income": -11,
        "EBIT": -9,
        "Net Income": -11
    },
    "2009-12-31": {
        "Diluted EPS": -0.95,
        "Total Revenue": 4,
        "Gross Profit": -4,
        "Operating Income": -12,
        "EBIT": -11,
        "Net Income": -12
    },
    "2009-09-30": {
        "Diluted EPS": -0.8,
        "Total Revenue": 3,
        "Gross Profit": -2,
        "Operating Income": -11,
        "EBIT": -9,
        "Net Income": -10
    },
    "2009-06-30": {
        "Diluted EPS": -0.8,
        "Total Revenue": 3,
        "Gross Profit": -1,
        "Operating Income": -10,
        "EBIT": -9,
        "Net Income": -10
    },
    "2009-03-31": {
        "Diluted EPS": -0.6,
        "Total Revenue": 3,
        "Gross Profit": 0,
        "Operating Income": -8,
        "EBIT": -7,
        "Net Income": -8
    },
    "2023-06-30": {
        "Tax Effect Of Unusual Items": NaN,
        "Tax Rate For Calcs": NaN,
        "Normalized EBITDA": NaN,
        "Total Unusual Items": NaN,
        "Total Unusual Items Excluding Goodwill": NaN,
        "Net Income From Continuing Operation Net Minority Interest": NaN,
        "Reconciled Depreciation": NaN,
        "Reconciled Cost Of Revenue": NaN,
        "EBITDA": NaN,
        "EBIT": NaN,
        "Net Interest Income": NaN,
        "Interest Expense": NaN,
        "Interest Income": NaN,
        "Normalized Income": NaN,
        "Net Income From Continuing And Discontinued Operation": NaN,
        "Total Expenses": NaN,
        "Total Operating Income As Reported": NaN,
        "Diluted Average Shares": 598053390.0,
        "Basic Average Shares": 598053390.0,
        "Diluted EPS": -0.4,
        "Basic EPS": -0.4,
        "Diluted NI Availto Com Stockholders": NaN,
        "Net Income Common Stockholders": NaN,
        "Net Income": NaN,
        "Net Income Including Noncontrolling Interests": NaN,
        "Net Income Continuous Operations": NaN,
        "Tax Provision": NaN,
        "Pretax Income": NaN,
        "Other Income Expense": NaN,
        "Other Non Operating Income Expenses": NaN,
        "Special Income Charges": NaN,
        "Other Special Charges": NaN,
        "Write Off": NaN,
        "Impairment Of Capital Assets": 9986000.0,
        "Restructuring And Mergern Acquisition": NaN,
        "Earnings From Equity Interest": NaN,
        "Gain On Sale Of Security": 4106000.0,
        "Net Non Operating Interest Income Expense": NaN,
        "Interest Expense Non Operating": NaN,
        "Interest Income Non Operating": NaN,
        "Operating Income": NaN,
        "Operating Expense": NaN,
        "Research And Development": NaN,
        "Selling General And Administration": NaN,
        "Gross Profit": NaN,
        "Cost Of Revenue": NaN,
        "Total Revenue": NaN,
        "Operating Revenue": NaN
    },
    "2023-09-30": {
        "Tax Effect Of Unusual Items": NaN,
        "Tax Rate For Calcs": NaN,
        "Normalized EBITDA": NaN,
        "Total Unusual Items": NaN,
        "Total Unusual Items Excluding Goodwill": NaN,
        "Net Income From Continuing Operation Net Minority Interest": NaN,
        "Reconciled Depreciation": NaN,
        "Reconciled Cost Of Revenue": NaN,
        "EBITDA": NaN,
        "EBIT": NaN,
        "Net Interest Income": NaN,
        "Interest Expense": NaN,
        "Interest Income": NaN,
        "Normalized Income": NaN,
        "Net Income From Continuing And Discontinued Operation": NaN,
        "Total Expenses": NaN,
        "Total Operating Income As Reported": NaN,
        "Diluted Average Shares": 599465146.0,
        "Basic Average Shares": 599465146.0,
        "Diluted EPS": -0.47,
        "Basic EPS": -0.47,
        "Diluted NI Availto Com Stockholders": NaN,
        "Net Income Common Stockholders": NaN,
        "Net Income": NaN,
        "Net Income Including Noncontrolling Interests": NaN,
        "Net Income Continuous Operations": NaN,
        "Tax Provision": NaN,
        "Pretax Income": NaN,
        "Other Income Expense": NaN,
        "Other Non Operating Income Expenses": NaN,
        "Special Income Charges": NaN,
        "Other Special Charges": NaN,
        "Write Off": 11496000.0,
        "Impairment Of Capital Assets": NaN,
        "Restructuring And Mergern Acquisition": NaN,
        "Earnings From Equity Interest": NaN,
        "Gain On Sale Of Security": 70000.0,
        "Net Non Operating Interest Income Expense": NaN,
        "Interest Expense Non Operating": NaN,
        "Interest Income Non Operating": NaN,
        "Operating Income": NaN,
        "Operating Expense": NaN,
        "Research And Development": NaN,
        "Selling General And Administration": NaN,
        "Gross Profit": NaN,
        "Cost Of Revenue": NaN,
        "Total Revenue": NaN,
        "Operating Revenue": NaN
    },
    "2023-12-31": {
        "Tax Effect Of Unusual Items": -182081.559572,
        "Tax Rate For Calcs": 0.000697,
        "Normalized EBITDA": -350972000.0,
        "Total Unusual Items": -261272000.0,
        "Total Unusual Items Excluding Goodwill": -261272000.0,
        "Net Income From Continuing Operation Net Minority Interest": -642395000.0,
        "Reconciled Depreciation": 19115000.0,
        "Reconciled Cost Of Revenue": 444448000.0,
        "EBITDA": -612244000.0,
        "EBIT": -631359000.0,
        "Net Interest Income": -47000.0,
        "Interest Expense": 11484000.0,
        "Interest Income": 11437000.0,
        "Normalized Income": -381305081.559572,
        "Net Income From Continuing And Discontinued Operation": -642395000.0,
        "Total Expenses": 586604000.0,
        "Total Operating Income As Reported": -625911000.0,
        "Diluted Average Shares": NaN,
        "Basic Average Shares": NaN,
        "Diluted EPS": NaN,
        "Basic EPS": NaN,
        "Diluted NI Availto Com Stockholders": -642395000.0,
        "Net Income Common Stockholders": -642395000.0,
        "Net Income": -642395000.0,
        "Net Income Including Noncontrolling Interests": -642395000.0,
        "Net Income Continuous Operations": -642395000.0,
        "Tax Provision": -448000.0,
        "Pretax Income": -642843000.0,
        "Other Income Expense": -278353000.0,
        "Other Non Operating Income Expenses": 4735000.0,
        "Special Income Charges": -250637000.0,
        "Other Special Charges": NaN,
        "Write Off": NaN,
        "Impairment Of Capital Assets": NaN,
        "Restructuring And Mergern Acquisition": 3708000.0,
        "Earnings From Equity Interest": -21816000.0,
        "Gain On Sale Of Security": -10635000.0,
        "Net Non Operating Interest Income Expense": -47000.0,
        "Interest Expense Non Operating": 11484000.0,
        "Interest Income Non Operating": 11437000.0,
        "Operating Income": -364443000.0,
        "Operating Expense": 142156000.0,
        "Research And Development": 30308000.0,
        "Selling General And Administration": 111848000.0,
        "Gross Profit": -222287000.0,
        "Cost Of Revenue": 444448000.0,
        "Total Revenue": 222161000.0,
        "Operating Revenue": 218379000.0
    },
    "2024-03-31": {
        "Tax Effect Of Unusual Items": -2339820.0,
        "Tax Rate For Calcs": 0.21,
        "Normalized EBITDA": -251815000.0,
        "Total Unusual Items": -11142000.0,
        "Total Unusual Items Excluding Goodwill": -11142000.0,
        "Net Income From Continuing Operation Net Minority Interest": -295776000.0,
        "Reconciled Depreciation": 21331000.0,
        "Reconciled Cost Of Revenue": 279339000.0,
        "EBITDA": -262957000.0,
        "EBIT": -284288000.0,
        "Net Interest Income": -2048000.0,
        "Interest Expense": 11325000.0,
        "Interest Income": 9277000.0,
        "Normalized Income": -286973820.0,
        "Net Income From Continuing And Discontinued Operation": -295776000.0,
        "Total Expenses": 382578000.0,
        "Total Operating Income As Reported": -259409000.0,
        "Diluted Average Shares": 641256134.0,
        "Basic Average Shares": 641256134.0,
        "Diluted EPS": -0.46,
        "Basic EPS": -0.46,
        "Diluted NI Availto Com Stockholders": -295776000.0,
        "Net Income Common Stockholders": -295776000.0,
        "Net Income": -295776000.0,
        "Net Income Including Noncontrolling Interests": -295776000.0,
        "Net Income Continuous Operations": -295776000.0,
        "Tax Provision": 163000.0,
        "Pretax Income": -295613000.0,
        "Other Income Expense": -31251000.0,
        "Other Non Operating Income Expenses": -6996000.0,
        "Special Income Charges": -11142000.0,
        "Other Special Charges": 14047000.0,
        "Write Off": 284000.0,
        "Impairment Of Capital Assets": NaN,
        "Restructuring And Mergern Acquisition": -3189000.0,
        "Earnings From Equity Interest": -13113000.0,
        "Gain On Sale Of Security": NaN,
        "Net Non Operating Interest Income Expense": -2048000.0,
        "Interest Expense Non Operating": 11325000.0,
        "Interest Income Non Operating": 9277000.0,
        "Operating Income": -262314000.0,
        "Operating Expense": 103239000.0,
        "Research And Development": 25280000.0,
        "Selling General And Administration": 77959000.0,
        "Gross Profit": -159075000.0,
        "Cost Of Revenue": 279339000.0,
        "Total Revenue": 120264000.0,
        "Operating Revenue": 117908000.0
    },
    "2024-06-30": {
        "Tax Effect Of Unusual Items": -13359.207336,
        "Tax Rate For Calcs": 0.001431,
        "Normalized EBITDA": -221158000.0,
        "Total Unusual Items": -9334000.0,
        "Total Unusual Items Excluding Goodwill": -9334000.0,
        "Net Income From Continuing Operation Net Minority Interest": -262333000.0,
        "Reconciled Depreciation": 22706000.0,
        "Reconciled Cost Of Revenue": 274605000.0,
        "EBITDA": -230492000.0,
        "EBIT": -253198000.0,
        "Net Interest Income": -1716000.0,
        "Interest Expense": 9511000.0,
        "Interest Income": 7795000.0,
        "Normalized Income": -253012359.207336,
        "Net Income From Continuing And Discontinued Operation": -262333000.0,
        "Total Expenses": 378689000.0,
        "Total Operating Income As Reported": -244673000.0,
        "Diluted Average Shares": 736848684.0,
        "Basic Average Shares": 736848684.0,
        "Diluted EPS": -0.36,
        "Basic EPS": -0.36,
        "Diluted NI Availto Com Stockholders": -262333000.0,
        "Net Income Common Stockholders": -262333000.0,
        "Net Income": -262333000.0,
        "Net Income Including Noncontrolling Interests": -262333000.0,
        "Net Income Continuous Operations": -262333000.0,
        "Tax Provision": -376000.0,
        "Pretax Income": -262709000.0,
        "Other Income Expense": -25654000.0,
        "Other Non Operating Income Expenses": -9080000.0,
        "Special Income Charges": -9334000.0,
        "Other Special Charges": NaN,
        "Write Off": 3937000.0,
        "Impairment Of Capital Assets": NaN,
        "Restructuring And Mergern Acquisition": 5397000.0,
        "Earnings From Equity Interest": -7240000.0,
        "Gain On Sale Of Security": NaN,
        "Net Non Operating Interest Income Expense": -1716000.0,
        "Interest Expense Non Operating": 9511000.0,
        "Interest Income Non Operating": 7795000.0,
        "Operating Income": -235339000.0,
        "Operating Expense": 104084000.0,
        "Research And Development": 18940000.0,
        "Selling General And Administration": 85144000.0,
        "Gross Profit": -131255000.0,
        "Cost Of Revenue": 274605000.0,
        "Total Revenue": 143350000.0,
        "Operating Revenue": 139383000.0
    },
    "2024-09-30": {
        "Tax Effect Of Unusual Items": -1017450.0,
        "Tax Rate For Calcs": 0.21,
        "Normalized EBITDA": -175284000.0,
        "Total Unusual Items": -4845000.0,
        "Total Unusual Items Excluding Goodwill": -4845000.0,
        "Net Income From Continuing Operation Net Minority Interest": -211168000.0,
        "Reconciled Depreciation": 21796000.0,
        "Reconciled Cost Of Revenue": 273755000.0,
        "EBITDA": -180129000.0,
        "EBIT": -201925000.0,
        "Net Interest Income": -1725000.0,
        "Interest Expense": 9148000.0,
        "Interest Income": 7423000.0,
        "Normalized Income": -207340450.0,
        "Net Income From Continuing And Discontinued Operation": -211168000.0,
        "Total Expenses": 385053000.0,
        "Total Operating Income As Reported": -216168000.0,
        "Diluted Average Shares": 858442951.0,
        "Basic Average Shares": 858442951.0,
        "Diluted EPS": -0.25,
        "Basic EPS": -0.25,
        "Diluted NI Availto Com Stockholders": -211168000.0,
        "Net Income Common Stockholders": -211168000.0,
        "Net Income": -211168000.0,
        "Net Income Including Noncontrolling Interests": -211168000.0,
        "Net Income Continuous Operations": -211168000.0,
        "Tax Provision": 95000.0,
        "Pretax Income": -211073000.0,
        "Other Income Expense": 1975000.0,
        "Other Non Operating Income Expenses": 15510000.0,
        "Special Income Charges": -4845000.0,
        "Other Special Charges": NaN,
        "Write Off": 4185000.0,
        "Impairment Of Capital Assets": NaN,
        "Restructuring And Mergern Acquisition": 660000.0,
        "Earnings From Equity Interest": -8690000.0,
        "Gain On Sale Of Security": NaN,
        "Net Non Operating Interest Income Expense": -1725000.0,
        "Interest Expense Non Operating": 9148000.0,
        "Interest Income Non Operating": 7423000.0,
        "Operating Income": -211323000.0,
        "Operating Expense": 111298000.0,
        "Research And Development": 19712000.0,
        "Selling General And Administration": 91586000.0,
        "Gross Profit": -100025000.0,
        "Cost Of Revenue": 273755000.0,
        "Total Revenue": 173730000.0,
        "Operating Revenue": 171539000.0
    },
    "2024-12-31": {
        "Tax Effect Of Unusual Items": -1789618.489369,
        "Tax Rate For Calcs": 0.001919,
        "Normalized EBITDA": -370257000.0,
        "Total Unusual Items": -932578000.0,
        "Total Unusual Items Excluding Goodwill": -932578000.0,
        "Net Income From Continuing Operation Net Minority Interest": -1335424000.0,
        "Reconciled Depreciation": 18723000.0,
        "Reconciled Cost Of Revenue": 426002000.0,
        "EBITDA": -1302835000.0,
        "EBIT": -1321558000.0,
        "Net Interest Income": -10416000.0,
        "Interest Expense": 16638000.0,
        "Interest Income": 6222000.0,
        "Normalized Income": -404635618.489369,
        "Net Income From Continuing And Discontinued Operation": -1335424000.0,
        "Total Expenses": 560717000.0,
        "Total Operating Income As Reported": -1299594000.0,
        "Diluted Average Shares": NaN,
        "Basic Average Shares": NaN,
        "Diluted EPS": NaN,
        "Basic EPS": NaN,
        "Diluted NI Availto Com Stockholders": -1335424000.0,
        "Net Income Common Stockholders": -1335424000.0,
        "Net Income": -1335424000.0,
        "Net Income Including Noncontrolling Interests": -1335628000.0,
        "Net Income Continuous Operations": -1335628000.0,
        "Tax Provision": -2568000.0,
        "Pretax Income": -1338196000.0,
        "Other Income Expense": -958533000.0,
        "Other Non Operating Income Expenses": -22821000.0,
        "Special Income Charges": -932578000.0,
        "Other Special Charges": 2231000.0,
        "Write Off": 940909000.0,
        "Impairment Of Capital Assets": NaN,
        "Restructuring And Mergern Acquisition": -10562000.0,
        "Earnings From Equity Interest": -3134000.0,
        "Gain On Sale Of Security": NaN,
        "Net Non Operating Interest Income Expense": -10416000.0,
        "Interest Expense Non Operating": 16638000.0,
        "Interest Income Non Operating": 6222000.0,
        "Operating Income": -369247000.0,
        "Operating Expense": 134715000.0,
        "Research And Development": 13294000.0,
        "Selling General And Administration": 121421000.0,
        "Gross Profit": -234532000.0,
        "Cost Of Revenue": 426002000.0,
        "Total Revenue": 191470000.0,
        "Operating Revenue": 189398000.0
    }
}