{
    "2023-12-31": {
        "Tax Effect Of Unusual Items": 0.0,
        "Tax Rate For Calcs": 0.059446,
        "Normalized EBITDA": -5339000.0,
        "Net Income From Continuing Operation Net Minority Interest": -6044000.0,
        "Reconciled Depreciation": 313000.0,
        "Reconciled Cost Of Revenue": 8856000.0,
        "EBITDA": -5339000.0,
        "EBIT": -5652000.0,
        "Net Interest Income": -811000.0,
        "Interest Expense": 774000.0,
        "Interest Income": -37000.0,
        "Normalized Income": -6044000.0,
        "Net Income From Continuing And Discontinued Operation": -6044000.0,
        "Total Expenses": 16101000.0,
        "Total Operating Income As Reported": -5615000.0,
        "Diluted Average Shares": NaN,
        "Basic Average Shares": NaN,
        "Diluted EPS": NaN,
        "Basic EPS": NaN,
        "Diluted NI Availto Com Stockholders": -6044000.0,
        "Net Income Common Stockholders": -6044000.0,
        "Net Income": -6044000.0,
        "Net Income Including Noncontrolling Interests": -6044000.0,
        "Net Income Continuous Operations": -6044000.0,
        "Tax Provision": -382000.0,
        "Pretax Income": -6426000.0,
        "Net Non Operating Interest Income Expense": -811000.0,
        "Interest Expense Non Operating": 774000.0,
        "Interest Income Non Operating": -37000.0,
        "Operating Income": -5615000.0,
        "Operating Expense": 7245000.0,
        "Research And Development": 3102000.0,
        "Selling General And Administration": 4143000.0,
        "Gross Profit": 1630000.0,
        "Cost Of Revenue": 8856000.0,
        "Total Revenue": 10486000.0,
        "Operating Revenue": 10486000.0
    },
    "2023-09-30": {
        "Tax Effect Of Unusual Items": NaN,
        "Tax Rate For Calcs": NaN,
        "Normalized EBITDA": NaN,
        "Net Income From Continuing Operation Net Minority Interest": NaN,
        "Reconciled Depreciation": NaN,
        "Reconciled Cost Of Revenue": NaN,
        "EBITDA": NaN,
        "EBIT": NaN,
        "Net Interest Income": NaN,
        "Interest Expense": NaN,
        "Interest Income": NaN,
        "Normalized Income": NaN,
        "Net Income From Continuing And Discontinued Operation": NaN,
        "Total Expenses": NaN,
        "Total Operating Income As Reported": NaN,
        "Diluted Average Shares": 83782679.0,
        "Basic Average Shares": 72281681.0,
        "Diluted EPS": -0.04,
        "Basic EPS": -0.03,
        "Diluted NI Availto Com Stockholders": NaN,
        "Net Income Common Stockholders": NaN,
        "Net Income": NaN,
        "Net Income Including Noncontrolling Interests": NaN,
        "Net Income Continuous Operations": NaN,
        "Tax Provision": NaN,
        "Pretax Income": NaN,
        "Net Non Operating Interest Income Expense": NaN,
        "Interest Expense Non Operating": NaN,
        "Interest Income Non Operating": NaN,
        "Operating Income": NaN,
        "Operating Expense": NaN,
        "Research And Development": NaN,
        "Selling General And Administration": NaN,
        "Gross Profit": NaN,
        "Cost Of Revenue": NaN,
        "Total Revenue": NaN,
        "Operating Revenue": NaN
    },
    "2023-06-30": {
        "Tax Effect Of Unusual Items": NaN,
        "Tax Rate For Calcs": NaN,
        "Normalized EBITDA": NaN,
        "Net Income From Continuing Operation Net Minority Interest": NaN,
        "Reconciled Depreciation": NaN,
        "Reconciled Cost Of Revenue": NaN,
        "EBITDA": NaN,
        "EBIT": NaN,
        "Net Interest Income": NaN,
        "Interest Expense": NaN,
        "Interest Income": NaN,
        "Normalized Income": NaN,
        "Net Income From Continuing And Discontinued Operation": NaN,
        "Total Expenses": NaN,
        "Total Operating Income As Reported": NaN,
        "Diluted Average Shares": 83200641.0,
        "Basic Average Shares": 67158628.0,
        "Diluted EPS": 0.21,
        "Basic EPS": 0.29,
        "Diluted NI Availto Com Stockholders": NaN,
        "Net Income Common Stockholders": NaN,
        "Net Income": NaN,
        "Net Income Including Noncontrolling Interests": NaN,
        "Net Income Continuous Operations": NaN,
        "Tax Provision": NaN,
        "Pretax Income": NaN,
        "Net Non Operating Interest Income Expense": NaN,
        "Interest Expense Non Operating": NaN,
        "Interest Income Non Operating": NaN,
        "Operating Income": NaN,
        "Operating Expense": NaN,
        "Research And Development": NaN,
        "Selling General And Administration": NaN,
        "Gross Profit": NaN,
        "Cost Of Revenue": NaN,
        "Total Revenue": NaN,
        "Operating Revenue": NaN
    },
    "2023-03-31": {
        "Tax Effect Of Unusual Items": NaN,
        "Tax Rate For Calcs": NaN,
        "Normalized EBITDA": NaN,
        "Net Income From Continuing Operation Net Minority Interest": NaN,
        "Reconciled Depreciation": NaN,
        "Reconciled Cost Of Revenue": NaN,
        "EBITDA": NaN,
        "EBIT": NaN,
        "Net Interest Income": NaN,
        "Interest Expense": NaN,
        "Interest Income": NaN,
        "Normalized Income": NaN,
        "Net Income From Continuing And Discontinued Operation": NaN,
        "Total Expenses": NaN,
        "Total Operating Income As Reported": NaN,
        "Diluted Average Shares": 57480009.0,
        "Basic Average Shares": 57480009.0,
        "Diluted EPS": -0.05,
        "Basic EPS": -0.05,
        "Diluted NI Availto Com Stockholders": NaN,
        "Net Income Common Stockholders": NaN,
        "Net Income": NaN,
        "Net Income Including Noncontrolling Interests": NaN,
        "Net Income Continuous Operations": NaN,
        "Tax Provision": NaN,
        "Pretax Income": NaN,
        "Net Non Operating Interest Income Expense": NaN,
        "Interest Expense Non Operating": NaN,
        "Interest Income Non Operating": NaN,
        "Operating Income": NaN,
        "Operating Expense": NaN,
        "Research And Development": NaN,
        "Selling General And Administration": NaN,
        "Gross Profit": NaN,
        "Cost Of Revenue": NaN,
        "Total Revenue": NaN,
        "Operating Revenue": NaN
    },
    "2024-03-31": {
        "Tax Effect Of Unusual Items": NaN,
        "Tax Rate For Calcs": NaN,
        "Normalized EBITDA": NaN,
        "Net Income From Continuing Operation Net Minority Interest": NaN,
        "Reconciled Depreciation": NaN,
        "Reconciled Cost Of Revenue": NaN,
        "EBITDA": NaN,
        "EBIT": NaN,
        "Net Interest Income": NaN,
        "Interest Expense": NaN,
        "Interest Income": NaN,
        "Normalized Income": NaN,
        "Net Income From Continuing And Discontinued Operation": NaN,
        "Total Expenses": NaN,
        "Total Operating Income As Reported": NaN,
        "Diluted Average Shares": 73036569.0,
        "Basic Average Shares": 73036569.0,
        "Diluted EPS": -0.06,
        "Basic EPS": -0.06,
        "Diluted NI Availto Com Stockholders": NaN,
        "Net Income Common Stockholders": NaN,
        "Net Income": NaN,
        "Net Income Including Noncontrolling Interests": NaN,
        "Net Income Continuous Operations": NaN,
        "Tax Provision": NaN,
        "Pretax Income": NaN,
        "Net Non Operating Interest Income Expense": NaN,
        "Interest Expense Non Operating": NaN,
        "Interest Income Non Operating": NaN,
        "Operating Income": NaN,
        "Operating Expense": NaN,
        "Research And Development": NaN,
        "Selling General And Administration": NaN,
        "Gross Profit": NaN,
        "Cost Of Revenue": NaN,
        "Total Revenue": NaN,
        "Operating Revenue": NaN
    },
    "2022-09-30": {
        "Tax Effect Of Unusual Items": NaN,
        "Tax Rate For Calcs": NaN,
        "Normalized EBITDA": NaN,
        "Net Income From Continuing Operation Net Minority Interest": NaN,
        "Reconciled Depreciation": NaN,
        "Reconciled Cost Of Revenue": NaN,
        "EBITDA": NaN,
        "EBIT": NaN,
        "Net Interest Income": NaN,
        "Interest Expense": NaN,
        "Interest Income": NaN,
        "Normalized Income": NaN,
        "Net Income From Continuing And Discontinued Operation": NaN,
        "Total Expenses": NaN,
        "Total Operating Income As Reported": NaN,
        "Diluted Average Shares": 49498105.0,
        "Basic Average Shares": 49498105.0,
        "Diluted EPS": -0.07,
        "Basic EPS": -0.07,
        "Diluted NI Availto Com Stockholders": NaN,
        "Net Income Common Stockholders": NaN,
        "Net Income": NaN,
        "Net Income Including Noncontrolling Interests": NaN,
        "Net Income Continuous Operations": NaN,
        "Tax Provision": NaN,
        "Pretax Income": NaN,
        "Net Non Operating Interest Income Expense": NaN,
        "Interest Expense Non Operating": NaN,
        "Interest Income Non Operating": NaN,
        "Operating Income": NaN,
        "Operating Expense": NaN,
        "Research And Development": NaN,
        "Selling General And Administration": NaN,
        "Gross Profit": NaN,
        "Cost Of Revenue": NaN,
        "Total Revenue": NaN,
        "Operating Revenue": NaN
    },
    "2024-06-30": {
        "Tax Effect Of Unusual Items": NaN,
        "Tax Rate For Calcs": NaN,
        "Normalized EBITDA": NaN,
        "Net Income From Continuing Operation Net Minority Interest": NaN,
        "Reconciled Depreciation": NaN,
        "Reconciled Cost Of Revenue": NaN,
        "EBITDA": NaN,
        "EBIT": NaN,
        "Net Interest Income": NaN,
        "Interest Expense": NaN,
        "Interest Income": NaN,
        "Normalized Income": NaN,
        "Net Income From Continuing And Discontinued Operation": NaN,
        "Total Expenses": NaN,
        "Total Operating Income As Reported": NaN,
        "Diluted Average Shares": 73308281.0,
        "Basic Average Shares": 73308281.0,
        "Diluted EPS": -0.03,
        "Basic EPS": -0.03,
        "Diluted NI Availto Com Stockholders": NaN,
        "Net Income Common Stockholders": NaN,
        "Net Income": NaN,
        "Net Income Including Noncontrolling Interests": NaN,
        "Net Income Continuous Operations": NaN,
        "Tax Provision": NaN,
        "Pretax Income": NaN,
        "Net Non Operating Interest Income Expense": NaN,
        "Interest Expense Non Operating": NaN,
        "Interest Income Non Operating": NaN,
        "Operating Income": NaN,
        "Operating Expense": NaN,
        "Research And Development": NaN,
        "Selling General And Administration": NaN,
        "Gross Profit": NaN,
        "Cost Of Revenue": NaN,
        "Total Revenue": NaN,
        "Operating Revenue": NaN
    },
    "2024-09-30": {
        "Tax Effect Of Unusual Items": 0.0,
        "Tax Rate For Calcs": 0.15795,
        "Normalized EBITDA": 4471000.0,
        "Net Income From Continuing Operation Net Minority Interest": 3236000.0,
        "Reconciled Depreciation": 329000.0,
        "Reconciled Cost Of Revenue": 8375000.0,
        "EBITDA": 4471000.0,
        "EBIT": 4142000.0,
        "Net Interest Income": -148000.0,
        "Interest Expense": 299000.0,
        "Interest Income": 151000.0,
        "Normalized Income": 3236000.0,
        "Net Income From Continuing And Discontinued Operation": 3236000.0,
        "Total Expenses": 13968000.0,
        "Total Operating Income As Reported": 3991000.0,
        "Diluted Average Shares": 81217068.0,
        "Basic Average Shares": 73549745.0,
        "Diluted EPS": 0.03,
        "Basic EPS": 0.04,
        "Diluted NI Availto Com Stockholders": 3236000.0,
        "Net Income Common Stockholders": 3236000.0,
        "Net Income": 3236000.0,
        "Net Income Including Noncontrolling Interests": 3236000.0,
        "Net Income Continuous Operations": 3236000.0,
        "Tax Provision": 607000.0,
        "Pretax Income": 3843000.0,
        "Net Non Operating Interest Income Expense": -148000.0,
        "Interest Expense Non Operating": 299000.0,
        "Interest Income Non Operating": 151000.0,
        "Operating Income": 3991000.0,
        "Operating Expense": 5593000.0,
        "Research And Development": 2998000.0,
        "Selling General And Administration": 2595000.0,
        "Gross Profit": 9584000.0,
        "Cost Of Revenue": 8375000.0,
        "Total Revenue": 17959000.0,
        "Operating Revenue": 17959000.0
    },
    "2024-12-31": {
        "Tax Effect Of Unusual Items": 0.0,
        "Tax Rate For Calcs": 0.112356,
        "Normalized EBITDA": 7656000.0,
        "Net Income From Continuing Operation Net Minority Interest": 6494000.0,
        "Reconciled Depreciation": 334000.0,
        "Reconciled Cost Of Revenue": 3886000.0,
        "EBITDA": 7656000.0,
        "EBIT": 7322000.0,
        "Net Interest Income": 107000.0,
        "Interest Expense": 6000.0,
        "Interest Income": 113000.0,
        "Normalized Income": 6494000.0,
        "Net Income From Continuing And Discontinued Operation": 6494000.0,
        "Total Expenses": 11009000.0,
        "Total Operating Income As Reported": 7209000.0,
        "Diluted Average Shares": NaN,
        "Basic Average Shares": NaN,
        "Diluted EPS": NaN,
        "Basic EPS": NaN,
        "Diluted NI Availto Com Stockholders": 6494000.0,
        "Net Income Common Stockholders": 6494000.0,
        "Net Income": 6494000.0,
        "Net Income Including Noncontrolling Interests": 6494000.0,
        "Net Income Continuous Operations": 6494000.0,
        "Tax Provision": 822000.0,
        "Pretax Income": 7316000.0,
        "Net Non Operating Interest Income Expense": 107000.0,
        "Interest Expense Non Operating": 6000.0,
        "Interest Income Non Operating": 113000.0,
        "Operating Income": 7209000.0,
        "Operating Expense": 7123000.0,
        "Research And Development": 4124000.0,
        "Selling General And Administration": 2999000.0,
        "Gross Profit": 14332000.0,
        "Cost Of Revenue": 3886000.0,
        "Total Revenue": 18218000.0,
        "Operating Revenue": 18218000.0
    },
    "2025-03-31": {
        "Tax Effect Of Unusual Items": 0.0,
        "Tax Rate For Calcs": 0.03,
        "Normalized EBITDA": -3380000.0,
        "Net Income From Continuing Operation Net Minority Interest": -3619000.0,
        "Reconciled Depreciation": 346000.0,
        "Reconciled Cost Of Revenue": 8180000.0,
        "EBITDA": -3380000.0,
        "EBIT": -3726000.0,
        "Net Interest Income": 413000.0,
        "Interest Expense": 6000.0,
        "Interest Income": 419000.0,
        "Normalized Income": -3619000.0,
        "Net Income From Continuing And Discontinued Operation": -3619000.0,
        "Total Expenses": 14258000.0,
        "Total Operating Income As Reported": -4145000.0,
        "Diluted Average Shares": 76611980.0,
        "Basic Average Shares": 76611980.0,
        "Diluted EPS": -0.05,
        "Basic EPS": -0.05,
        "Diluted NI Availto Com Stockholders": -3619000.0,
        "Net Income Common Stockholders": -3619000.0,
        "Net Income": -3619000.0,
        "Net Income Including Noncontrolling Interests": -3619000.0,
        "Net Income Continuous Operations": -3619000.0,
        "Tax Provision": -113000.0,
        "Pretax Income": -3732000.0,
        "Net Non Operating Interest Income Expense": 413000.0,
        "Interest Expense Non Operating": 6000.0,
        "Interest Income Non Operating": 419000.0,
        "Operating Income": -4145000.0,
        "Operating Expense": 6078000.0,
        "Research And Development": 3475000.0,
        "Selling General And Administration": 2603000.0,
        "Gross Profit": 1933000.0,
        "Cost Of Revenue": 8180000.0,
        "Total Revenue": 10113000.0,
        "Operating Revenue": 10113000.0
    },
    "2025-06-30": {
        "Tax Effect Of Unusual Items": 0.0,
        "Tax Rate For Calcs": 0.21,
        "Normalized EBITDA": 1804000.0,
        "Net Income From Continuing Operation Net Minority Interest": 164000.0,
        "Reconciled Depreciation": 360000.0,
        "Reconciled Cost Of Revenue": 5870000.0,
        "EBITDA": 1804000.0,
        "EBIT": 1444000.0,
        "Net Interest Income": -511000.0,
        "Interest Expense": 783000.0,
        "Interest Income": 272000.0,
        "Normalized Income": 164000.0,
        "Net Income From Continuing And Discontinued Operation": 164000.0,
        "Total Expenses": 14486000.0,
        "Total Operating Income As Reported": 1172000.0,
        "Diluted Average Shares": 81271610.0,
        "Basic Average Shares": 78663884.0,
        "Diluted EPS": 0.0,
        "Basic EPS": 0.0,
        "Diluted NI Availto Com Stockholders": 164000.0,
        "Net Income Common Stockholders": 164000.0,
        "Net Income": 164000.0,
        "Net Income Including Noncontrolling Interests": 164000.0,
        "Net Income Continuous Operations": 164000.0,
        "Tax Provision": 497000.0,
        "Pretax Income": 661000.0,
        "Net Non Operating Interest Income Expense": -511000.0,
        "Interest Expense Non Operating": 783000.0,
        "Interest Income Non Operating": 272000.0,
        "Operating Income": 1172000.0,
        "Operating Expense": 8616000.0,
        "Research And Development": 5992000.0,
        "Selling General And Administration": 2624000.0,
        "Gross Profit": 9788000.0,
        "Cost Of Revenue": 5870000.0,
        "Total Revenue": 15658000.0,
        "Operating Revenue": 15658000.0
    },
    "2025-09-30": {
        "Tax Effect Of Unusual Items": 0.0,
        "Tax Rate For Calcs": 0.21,
        "Normalized EBITDA": 2791000.0,
        "Net Income From Continuing Operation Net Minority Interest": 2355000.0,
        "Reconciled Depreciation": 372000.0,
        "Reconciled Cost Of Revenue": 8324000.0,
        "EBITDA": 2791000.0,
        "EBIT": 2419000.0,
        "Net Interest Income": 108000.0,
        "Interest Expense": 180000.0,
        "Interest Income": 288000.0,
        "Normalized Income": 2355000.0,
        "Net Income From Continuing And Discontinued Operation": 2355000.0,
        "Total Expenses": 15720000.0,
        "Total Operating Income As Reported": 2131000.0,
        "Diluted Average Shares": 80814564.0,
        "Basic Average Shares": 79281685.0,
        "Diluted EPS": 0.03,
        "Basic EPS": 0.03,
        "Diluted NI Availto Com Stockholders": 2355000.0,
        "Net Income Common Stockholders": 2355000.0,
        "Net Income": 2355000.0,
        "Net Income Including Noncontrolling Interests": 2355000.0,
        "Net Income Continuous Operations": 2355000.0,
        "Tax Provision": -116000.0,
        "Pretax Income": 2239000.0,
        "Net Non Operating Interest Income Expense": 108000.0,
        "Interest Expense Non Operating": 180000.0,
        "Interest Income Non Operating": 288000.0,
        "Operating Income": 2131000.0,
        "Operating Expense": 7396000.0,
        "Research And Development": 4467000.0,
        "Selling General And Administration": 2929000.0,
        "Gross Profit": 9527000.0,
        "Cost Of Revenue": 8324000.0,
        "Total Revenue": 17851000.0,
        "Operating Revenue": 17851000.0
    }
}