{
    "2023-06-30": {
        "Tax Effect Of Unusual Items": NaN,
        "Tax Rate For Calcs": NaN,
        "Normalized EBITDA": NaN,
        "Total Unusual Items": -23094000.0,
        "Total Unusual Items Excluding Goodwill": -23094000.0,
        "Net Income From Continuing Operation Net Minority Interest": NaN,
        "Reconciled Depreciation": NaN,
        "Reconciled Cost Of Revenue": NaN,
        "EBITDA": NaN,
        "EBIT": NaN,
        "Net Interest Income": NaN,
        "Interest Expense": NaN,
        "Interest Income": NaN,
        "Normalized Income": NaN,
        "Net Income From Continuing And Discontinued Operation": NaN,
        "Total Expenses": NaN,
        "Total Operating Income As Reported": NaN,
        "Diluted Average Shares": 27992000.0,
        "Basic Average Shares": 27561000.0,
        "Diluted EPS": 0.56,
        "Basic EPS": 0.57,
        "Diluted NI Availto Com Stockholders": NaN,
        "Net Income Common Stockholders": NaN,
        "Net Income": NaN,
        "Net Income Including Noncontrolling Interests": NaN,
        "Net Income Continuous Operations": NaN,
        "Tax Provision": NaN,
        "Pretax Income": NaN,
        "Other Income Expense": NaN,
        "Other Non Operating Income Expenses": NaN,
        "Special Income Charges": -23094000.0,
        "Restructuring And Mergern Acquisition": 23094000.0,
        "Net Non Operating Interest Income Expense": NaN,
        "Interest Expense Non Operating": NaN,
        "Interest Income Non Operating": NaN,
        "Operating Income": NaN,
        "Operating Expense": NaN,
        "Selling General And Administration": NaN,
        "Gross Profit": NaN,
        "Cost Of Revenue": NaN,
        "Total Revenue": NaN,
        "Operating Revenue": NaN
    },
    "2023-03-31": {
        "Tax Effect Of Unusual Items": NaN,
        "Tax Rate For Calcs": NaN,
        "Normalized EBITDA": NaN,
        "Total Unusual Items": 0.0,
        "Total Unusual Items Excluding Goodwill": 0.0,
        "Net Income From Continuing Operation Net Minority Interest": NaN,
        "Reconciled Depreciation": NaN,
        "Reconciled Cost Of Revenue": NaN,
        "EBITDA": NaN,
        "EBIT": NaN,
        "Net Interest Income": NaN,
        "Interest Expense": NaN,
        "Interest Income": NaN,
        "Normalized Income": NaN,
        "Net Income From Continuing And Discontinued Operation": NaN,
        "Total Expenses": NaN,
        "Total Operating Income As Reported": NaN,
        "Diluted Average Shares": NaN,
        "Basic Average Shares": NaN,
        "Diluted EPS": NaN,
        "Basic EPS": NaN,
        "Diluted NI Availto Com Stockholders": NaN,
        "Net Income Common Stockholders": NaN,
        "Net Income": NaN,
        "Net Income Including Noncontrolling Interests": NaN,
        "Net Income Continuous Operations": NaN,
        "Tax Provision": NaN,
        "Pretax Income": NaN,
        "Other Income Expense": NaN,
        "Other Non Operating Income Expenses": NaN,
        "Special Income Charges": 0.0,
        "Restructuring And Mergern Acquisition": 0.0,
        "Net Non Operating Interest Income Expense": NaN,
        "Interest Expense Non Operating": NaN,
        "Interest Income Non Operating": NaN,
        "Operating Income": NaN,
        "Operating Expense": NaN,
        "Selling General And Administration": NaN,
        "Gross Profit": NaN,
        "Cost Of Revenue": NaN,
        "Total Revenue": NaN,
        "Operating Revenue": NaN
    },
    "2022-12-31": {
        "Tax Effect Of Unusual Items": NaN,
        "Tax Rate For Calcs": NaN,
        "Normalized EBITDA": NaN,
        "Total Unusual Items": 0.0,
        "Total Unusual Items Excluding Goodwill": 0.0,
        "Net Income From Continuing Operation Net Minority Interest": NaN,
        "Reconciled Depreciation": NaN,
        "Reconciled Cost Of Revenue": NaN,
        "EBITDA": NaN,
        "EBIT": NaN,
        "Net Interest Income": NaN,
        "Interest Expense": NaN,
        "Interest Income": NaN,
        "Normalized Income": NaN,
        "Net Income From Continuing And Discontinued Operation": NaN,
        "Total Expenses": NaN,
        "Total Operating Income As Reported": NaN,
        "Diluted Average Shares": NaN,
        "Basic Average Shares": NaN,
        "Diluted EPS": NaN,
        "Basic EPS": NaN,
        "Diluted NI Availto Com Stockholders": NaN,
        "Net Income Common Stockholders": NaN,
        "Net Income": NaN,
        "Net Income Including Noncontrolling Interests": NaN,
        "Net Income Continuous Operations": NaN,
        "Tax Provision": NaN,
        "Pretax Income": NaN,
        "Other Income Expense": NaN,
        "Other Non Operating Income Expenses": NaN,
        "Special Income Charges": 0.0,
        "Restructuring And Mergern Acquisition": 0.0,
        "Net Non Operating Interest Income Expense": NaN,
        "Interest Expense Non Operating": NaN,
        "Interest Income Non Operating": NaN,
        "Operating Income": NaN,
        "Operating Expense": NaN,
        "Selling General And Administration": NaN,
        "Gross Profit": NaN,
        "Cost Of Revenue": NaN,
        "Total Revenue": NaN,
        "Operating Revenue": NaN
    },
    "2022-09-30": {
        "Tax Effect Of Unusual Items": 0.0,
        "Tax Rate For Calcs": 0.113888,
        "Normalized EBITDA": 62486000.0,
        "Total Unusual Items": 0.0,
        "Total Unusual Items Excluding Goodwill": 0.0,
        "Net Income From Continuing Operation Net Minority Interest": 50457000.0,
        "Reconciled Depreciation": 15847000.0,
        "Reconciled Cost Of Revenue": 1016743000.0,
        "EBITDA": 62486000.0,
        "EBIT": 62486000.0,
        "Net Interest Income": -5090000.0,
        "Interest Expense": 5544000.0,
        "Interest Income": 454000.0,
        "Normalized Income": 50457000.0,
        "Net Income From Continuing And Discontinued Operation": 50457000.0,
        "Total Expenses": 1061534000.0,
        "Total Operating Income As Reported": 62314000.0,
        "Diluted Average Shares": 28293000.0,
        "Basic Average Shares": 27710000.0,
        "Diluted EPS": 1.78,
        "Basic EPS": 1.82,
        "Diluted NI Availto Com Stockholders": 50457000.0,
        "Net Income Common Stockholders": 50457000.0,
        "Net Income": 50457000.0,
        "Net Income Including Noncontrolling Interests": 50457000.0,
        "Net Income Continuous Operations": 50457000.0,
        "Tax Provision": 6485000.0,
        "Pretax Income": 56942000.0,
        "Other Income Expense": -282000.0,
        "Other Non Operating Income Expenses": -282000.0,
        "Special Income Charges": 0.0,
        "Restructuring And Mergern Acquisition": 0.0,
        "Net Non Operating Interest Income Expense": -5090000.0,
        "Interest Expense Non Operating": 5544000.0,
        "Interest Income Non Operating": 454000.0,
        "Operating Income": 62314000.0,
        "Operating Expense": 44791000.0,
        "Selling General And Administration": 44791000.0,
        "Gross Profit": 107105000.0,
        "Cost Of Revenue": 1016743000.0,
        "Total Revenue": 1123848000.0,
        "Operating Revenue": 1123848000.0
    },
    "2022-06-30": {
        "Tax Effect Of Unusual Items": 0.0,
        "Tax Rate For Calcs": 0.133648,
        "Normalized EBITDA": 47201000.0,
        "Total Unusual Items": 0.0,
        "Total Unusual Items Excluding Goodwill": 0.0,
        "Net Income From Continuing Operation Net Minority Interest": 37494000.0,
        "Reconciled Depreciation": 15906000.0,
        "Reconciled Cost Of Revenue": 887723000.0,
        "EBITDA": 47201000.0,
        "EBIT": 47201000.0,
        "Net Interest Income": -3605000.0,
        "Interest Expense": 3923000.0,
        "Interest Income": 318000.0,
        "Normalized Income": 37494000.0,
        "Net Income From Continuing And Discontinued Operation": 37494000.0,
        "Total Expenses": 931780000.0,
        "Total Operating Income As Reported": 49561000.0,
        "Diluted Average Shares": 28179000.0,
        "Basic Average Shares": 27738000.0,
        "Diluted EPS": 1.33,
        "Basic EPS": 1.35,
        "Diluted NI Availto Com Stockholders": 37494000.0,
        "Net Income Common Stockholders": 37494000.0,
        "Net Income": 37494000.0,
        "Net Income Including Noncontrolling Interests": 37494000.0,
        "Net Income Continuous Operations": 37494000.0,
        "Tax Provision": 5784000.0,
        "Pretax Income": 43278000.0,
        "Other Income Expense": -2678000.0,
        "Other Non Operating Income Expenses": -2678000.0,
        "Special Income Charges": 0.0,
        "Restructuring And Mergern Acquisition": 0.0,
        "Net Non Operating Interest Income Expense": -3605000.0,
        "Interest Expense Non Operating": 3923000.0,
        "Interest Income Non Operating": 318000.0,
        "Operating Income": 49561000.0,
        "Operating Expense": 44057000.0,
        "Selling General And Administration": 44057000.0,
        "Gross Profit": 93618000.0,
        "Cost Of Revenue": 887723000.0,
        "Total Revenue": 981341000.0,
        "Operating Revenue": 981341000.0
    },
    "2022-03-31": {
        "Diluted EPS": 0.95,
        "Total Revenue": 889,
        "Gross Profit": 77,
        "Operating Income": 36,
        "EBIT": 51,
        "Net Income": 27
    },
    "2021-12-31": {
        "Diluted EPS": 0.82,
        "Total Revenue": 817,
        "Gross Profit": 70,
        "Operating Income": 30,
        "EBIT": 46,
        "Net Income": 23
    },
    "2021-09-30": {
        "Diluted EPS": 1.16,
        "Total Revenue": 843,
        "Gross Profit": 79,
        "Operating Income": 42,
        "EBIT": 58,
        "Net Income": 33
    },
    "2021-06-30": {
        "Diluted EPS": 0.95,
        "Total Revenue": 814,
        "Gross Profit": 74,
        "Operating Income": 36,
        "EBIT": 51,
        "Net Income": 28
    },
    "2021-03-31": {
        "Diluted EPS": 1.42,
        "Total Revenue": 881,
        "Gross Profit": 91,
        "Operating Income": 51,
        "EBIT": 67,
        "Net Income": 42
    },
    "2020-12-31": {
        "Diluted EPS": 1.23,
        "Total Revenue": 830,
        "Gross Profit": 79,
        "Operating Income": 47,
        "EBIT": 62,
        "Net Income": 36
    },
    "2020-09-30": {
        "Diluted EPS": 1.27,
        "Total Revenue": 913,
        "Gross Profit": 89,
        "Operating Income": 50,
        "EBIT": 65,
        "Net Income": 38
    },
    "2020-06-30": {
        "Diluted EPS": 1.2,
        "Total Revenue": 857,
        "Gross Profit": 83,
        "Operating Income": 46,
        "EBIT": 60,
        "Net Income": 36
    },
    "2020-03-31": {
        "Diluted EPS": 0.43,
        "Total Revenue": 767,
        "Gross Profit": 61,
        "Operating Income": 17,
        "EBIT": 31,
        "Net Income": 13
    },
    "2019-12-31": {
        "Diluted EPS": 1.03,
        "Total Revenue": 852,
        "Gross Profit": 79,
        "Operating Income": 40,
        "EBIT": 54,
        "Net Income": 31
    },
    "2019-09-30": {
        "Diluted EPS": 1.21,
        "Total Revenue": 810,
        "Gross Profit": 78,
        "Operating Income": 38,
        "EBIT": 51,
        "Net Income": 37
    },
    "2019-06-30": {
        "Diluted EPS": 0.81,
        "Total Revenue": 800,
        "Gross Profit": 71,
        "Operating Income": 34,
        "EBIT": 48,
        "Net Income": 25
    },
    "2019-03-31": {
        "Diluted EPS": 0.79,
        "Total Revenue": 789,
        "Gross Profit": 71,
        "Operating Income": 33,
        "EBIT": 46,
        "Net Income": 25
    },
    "2018-12-31": {
        "Diluted EPS": 0.69,
        "Total Revenue": 766,
        "Gross Profit": 72,
        "Operating Income": 37,
        "EBIT": 50,
        "Net Income": 22
    },
    "2018-09-30": {
        "Diluted EPS": 2.16,
        "Total Revenue": 771,
        "Gross Profit": 73,
        "Operating Income": 37,
        "EBIT": 50,
        "Net Income": 73
    },
    "2018-06-30": {
        "Diluted EPS": 0.79,
        "Total Revenue": 726,
        "Gross Profit": 68,
        "Operating Income": 32,
        "EBIT": 45,
        "Net Income": 27
    },
    "2018-03-31": {
        "Diluted EPS": 0.36,
        "Total Revenue": 699,
        "Gross Profit": 53,
        "Operating Income": 17,
        "EBIT": 29,
        "Net Income": 12
    },
    "2017-12-31": {
        "Diluted EPS": -2.93,
        "Total Revenue": 677,
        "Gross Profit": 64,
        "Operating Income": 32,
        "EBIT": 43,
        "Net Income": -98
    },
    "2017-09-30": {
        "Diluted EPS": 0.84,
        "Total Revenue": 670,
        "Gross Profit": 67,
        "Operating Income": 34,
        "EBIT": 46,
        "Net Income": 29
    },
    "2017-06-30": {
        "Diluted EPS": 0.74,
        "Total Revenue": 619,
        "Gross Profit": 61,
        "Operating Income": 29,
        "EBIT": 41,
        "Net Income": 26
    },
    "2017-03-31": {
        "Diluted EPS": 0.84,
        "Total Revenue": 604,
        "Gross Profit": 64,
        "Operating Income": 33,
        "EBIT": 44,
        "Net Income": 29
    },
    "2016-12-31": {
        "Diluted EPS": 0.82,
        "Total Revenue": 635,
        "Gross Profit": 64,
        "Operating Income": 34,
        "EBIT": 45,
        "Net Income": 28
    },
    "2016-09-30": {
        "Diluted EPS": 0.56,
        "Total Revenue": 653,
        "Gross Profit": 62,
        "Operating Income": 24,
        "EBIT": 35,
        "Net Income": 19
    },
    "2016-06-30": {
        "Diluted EPS": 0.76,
        "Total Revenue": 668,
        "Gross Profit": 62,
        "Operating Income": 31,
        "EBIT": 43,
        "Net Income": 26
    },
    "2016-03-31": {
        "Diluted EPS": 0.5,
        "Total Revenue": 619,
        "Gross Profit": 53,
        "Operating Income": 23,
        "EBIT": 35,
        "Net Income": 17
    },
    "2015-12-31": {
        "Diluted EPS": 0.42,
        "Total Revenue": 617,
        "Gross Profit": 50,
        "Operating Income": 22,
        "EBIT": 34,
        "Net Income": 14
    },
    "2015-09-30": {
        "Diluted EPS": 0.69,
        "Total Revenue": 669,
        "Gross Profit": 59,
        "Operating Income": 29,
        "EBIT": 41,
        "Net Income": 24
    },
    "2015-06-30": {
        "Diluted EPS": 0.69,
        "Total Revenue": 670,
        "Gross Profit": 59,
        "Operating Income": 29,
        "EBIT": 41,
        "Net Income": 24
    },
    "2015-03-31": {
        "Diluted EPS": 0.69,
        "Total Revenue": 651,
        "Gross Profit": 60,
        "Operating Income": 29,
        "EBIT": 41,
        "Net Income": 24
    },
    "2014-12-31": {
        "Diluted EPS": 0.67,
        "Total Revenue": 665,
        "Gross Profit": 61,
        "Operating Income": 29,
        "EBIT": 42,
        "Net Income": 23
    },
    "2014-09-30": {
        "Diluted EPS": 0.77,
        "Total Revenue": 666,
        "Gross Profit": 63,
        "Operating Income": 32,
        "EBIT": 44,
        "Net Income": 26
    },
    "2014-06-30": {
        "Diluted EPS": 0.71,
        "Total Revenue": 621,
        "Gross Profit": 59,
        "Operating Income": 28,
        "EBIT": 40,
        "Net Income": 25
    },
    "2014-03-31": {
        "Diluted EPS": 0.53,
        "Total Revenue": 558,
        "Gross Profit": 53,
        "Operating Income": 19,
        "EBIT": 31,
        "Net Income": 19
    },
    "2013-12-31": {
        "Diluted EPS": 0.51,
        "Total Revenue": 534,
        "Gross Profit": 52,
        "Operating Income": 22,
        "EBIT": 34,
        "Net Income": 18
    },
    "2013-09-30": {
        "Diluted EPS": 0.69,
        "Total Revenue": 568,
        "Gross Profit": 55,
        "Operating Income": 27,
        "EBIT": 39,
        "Net Income": 24
    },
    "2013-06-30": {
        "Diluted EPS": 0.68,
        "Total Revenue": 572,
        "Gross Profit": 55,
        "Operating Income": 25,
        "EBIT": 38,
        "Net Income": 23
    },
    "2013-03-31": {
        "Diluted EPS": 0.52,
        "Total Revenue": 558,
        "Gross Profit": 52,
        "Operating Income": 23,
        "EBIT": 36,
        "Net Income": 18
    },
    "2012-12-31": {
        "Diluted EPS": 0.47,
        "Total Revenue": 531,
        "Gross Profit": 51,
        "Operating Income": 21,
        "EBIT": 34,
        "Net Income": 17
    },
    "2012-09-30": {
        "Diluted EPS": 0.02,
        "Total Revenue": 595,
        "Gross Profit": 56,
        "Operating Income": 27,
        "EBIT": 40,
        "Net Income": 1
    },
    "2012-06-30": {
        "Diluted EPS": 0.66,
        "Total Revenue": 609,
        "Gross Profit": 57,
        "Operating Income": 27,
        "EBIT": 39,
        "Net Income": 24
    },
    "2012-03-31": {
        "Diluted EPS": 0.56,
        "Total Revenue": 573,
        "Gross Profit": 55,
        "Operating Income": 26,
        "EBIT": 38,
        "Net Income": 20
    },
    "2011-12-31": {
        "Diluted EPS": 0.51,
        "Total Revenue": 530,
        "Gross Profit": 52,
        "Operating Income": 24,
        "EBIT": 36,
        "Net Income": 18
    },
    "2011-09-30": {
        "Diluted EPS": 0.52,
        "Total Revenue": 538,
        "Gross Profit": 50,
        "Operating Income": 22,
        "EBIT": 35,
        "Net Income": 18
    },
    "2011-06-30": {
        "Diluted EPS": 0.58,
        "Total Revenue": 559,
        "Gross Profit": 54,
        "Operating Income": 25,
        "EBIT": 36,
        "Net Income": 22
    },
    "2011-03-31": {
        "Diluted EPS": 0.59,
        "Total Revenue": 568,
        "Gross Profit": 55,
        "Operating Income": 26,
        "EBIT": 38,
        "Net Income": 24
    },
    "2010-12-31": {
        "Diluted EPS": 0.61,
        "Total Revenue": 566,
        "Gross Profit": 55,
        "Operating Income": 28,
        "EBIT": 39,
        "Net Income": 25
    },
    "2010-09-30": {
        "Diluted EPS": 0.65,
        "Total Revenue": 556,
        "Gross Profit": 56,
        "Operating Income": 29,
        "EBIT": 40,
        "Net Income": 27
    },
    "2010-06-30": {
        "Diluted EPS": 0.59,
        "Total Revenue": 536,
        "Gross Profit": 56,
        "Operating Income": 27,
        "EBIT": 37,
        "Net Income": 24
    },
    "2010-03-31": {
        "Diluted EPS": 0.51,
        "Total Revenue": 491,
        "Gross Profit": 50,
        "Operating Income": 23,
        "EBIT": 33,
        "Net Income": 21
    },
    "2009-12-31": {
        "Diluted EPS": 0.44,
        "Total Revenue": 430,
        "Gross Profit": 45,
        "Operating Income": 20,
        "EBIT": 29,
        "Net Income": 18
    },
    "2009-09-30": {
        "Diluted EPS": 0.38,
        "Total Revenue": 393,
        "Gross Profit": 38,
        "Operating Income": 15,
        "EBIT": 18,
        "Net Income": 15
    },
    "2009-06-30": {
        "Diluted EPS": 0.23,
        "Total Revenue": 379,
        "Gross Profit": 35,
        "Operating Income": 12,
        "EBIT": 21,
        "Net Income": 9
    },
    "2009-03-31": {
        "Diluted EPS": 0.13,
        "Total Revenue": 389,
        "Gross Profit": 36,
        "Operating Income": 5,
        "EBIT": 20,
        "Net Income": 5
    },
    "2023-09-30": {
        "Tax Effect Of Unusual Items": 0.0,
        "Tax Rate For Calcs": 0.13225,
        "Normalized EBITDA": 72919000.0,
        "Total Unusual Items": 0.0,
        "Total Unusual Items Excluding Goodwill": 0.0,
        "Net Income From Continuing Operation Net Minority Interest": 40261000.0,
        "Reconciled Depreciation": 18392000.0,
        "Reconciled Cost Of Revenue": 927231000.0,
        "EBITDA": 72919000.0,
        "EBIT": 54527000.0,
        "Net Interest Income": -7283000.0,
        "Interest Expense": 8130000.0,
        "Interest Income": 847000.0,
        "Normalized Income": 40261000.0,
        "Net Income From Continuing And Discontinued Operation": 40261000.0,
        "Total Expenses": 970614000.0,
        "Total Operating Income As Reported": 53333000.0,
        "Diluted Average Shares": 27972000.0,
        "Basic Average Shares": 27475000.0,
        "Diluted EPS": 1.44,
        "Basic EPS": 1.47,
        "Diluted NI Availto Com Stockholders": 40261000.0,
        "Net Income Common Stockholders": 40261000.0,
        "Net Income": 40261000.0,
        "Net Income Including Noncontrolling Interests": 40261000.0,
        "Net Income Continuous Operations": 40261000.0,
        "Tax Provision": 6136000.0,
        "Pretax Income": 46397000.0,
        "Other Income Expense": 347000.0,
        "Other Non Operating Income Expenses": 347000.0,
        "Special Income Charges": 0.0,
        "Restructuring And Mergern Acquisition": 0.0,
        "Net Non Operating Interest Income Expense": -7283000.0,
        "Interest Expense Non Operating": 8130000.0,
        "Interest Income Non Operating": 847000.0,
        "Operating Income": 53333000.0,
        "Operating Expense": 43383000.0,
        "Selling General And Administration": 43383000.0,
        "Gross Profit": 96716000.0,
        "Cost Of Revenue": 927231000.0,
        "Total Revenue": 1023947000.0,
        "Operating Revenue": 1023947000.0
    },
    "2023-12-31": {
        "Tax Effect Of Unusual Items": 0.0,
        "Tax Rate For Calcs": 0.162,
        "Normalized EBITDA": 61605000.0,
        "Total Unusual Items": 0.0,
        "Total Unusual Items Excluding Goodwill": 0.0,
        "Net Income From Continuing Operation Net Minority Interest": 29215000.0,
        "Reconciled Depreciation": 19141000.0,
        "Reconciled Cost Of Revenue": 894467000.0,
        "EBITDA": 61605000.0,
        "EBIT": 42464000.0,
        "Net Interest Income": -6809000.0,
        "Interest Expense": 7617000.0,
        "Interest Income": 808000.0,
        "Normalized Income": 29215000.0,
        "Net Income From Continuing And Discontinued Operation": 29215000.0,
        "Total Expenses": 937449000.0,
        "Total Operating Income As Reported": 45158000.0,
        "Diluted Average Shares": 28013000.0,
        "Basic Average Shares": 27485000.0,
        "Diluted EPS": 1.04,
        "Basic EPS": 1.06,
        "Diluted NI Availto Com Stockholders": 29215000.0,
        "Net Income Common Stockholders": 29215000.0,
        "Net Income": 29215000.0,
        "Net Income Including Noncontrolling Interests": 29215000.0,
        "Net Income Continuous Operations": 29215000.0,
        "Tax Provision": 5632000.0,
        "Pretax Income": 34847000.0,
        "Other Income Expense": -3502000.0,
        "Other Non Operating Income Expenses": -3502000.0,
        "Special Income Charges": 0.0,
        "Restructuring And Mergern Acquisition": 0.0,
        "Net Non Operating Interest Income Expense": -6809000.0,
        "Interest Expense Non Operating": 7617000.0,
        "Interest Income Non Operating": 808000.0,
        "Operating Income": 45158000.0,
        "Operating Expense": 42982000.0,
        "Selling General And Administration": 42982000.0,
        "Gross Profit": 88140000.0,
        "Cost Of Revenue": 894467000.0,
        "Total Revenue": 982607000.0,
        "Operating Revenue": 982607000.0
    },
    "2024-03-31": {
        "Tax Effect Of Unusual Items": -1587581.799968,
        "Tax Rate For Calcs": 0.143829,
        "Normalized EBITDA": 57671000.0,
        "Total Unusual Items": -11038000.0,
        "Total Unusual Items Excluding Goodwill": -11038000.0,
        "Net Income From Continuing Operation Net Minority Interest": 16239000.0,
        "Reconciled Depreciation": 19373000.0,
        "Reconciled Cost Of Revenue": 878837000.0,
        "EBITDA": 46633000.0,
        "EBIT": 27260000.0,
        "Net Interest Income": -7476000.0,
        "Interest Expense": 8293000.0,
        "Interest Income": 817000.0,
        "Normalized Income": 25689418.200032,
        "Net Income From Continuing And Discontinued Operation": 16239000.0,
        "Total Expenses": 926392000.0,
        "Total Operating Income As Reported": 29470000.0,
        "Diluted Average Shares": 27929000.0,
        "Basic Average Shares": 27542000.0,
        "Diluted EPS": 0.58,
        "Basic EPS": 0.59,
        "Diluted NI Availto Com Stockholders": 16239000.0,
        "Net Income Common Stockholders": 16239000.0,
        "Net Income": 16239000.0,
        "Net Income Including Noncontrolling Interests": 16239000.0,
        "Net Income Continuous Operations": 16239000.0,
        "Tax Provision": 2728000.0,
        "Pretax Income": 18967000.0,
        "Other Income Expense": -14065000.0,
        "Other Non Operating Income Expenses": -3027000.0,
        "Special Income Charges": -11038000.0,
        "Restructuring And Mergern Acquisition": 11038000.0,
        "Net Non Operating Interest Income Expense": -7476000.0,
        "Interest Expense Non Operating": 8293000.0,
        "Interest Income Non Operating": 817000.0,
        "Operating Income": 40508000.0,
        "Operating Expense": 47555000.0,
        "Selling General And Administration": 47555000.0,
        "Gross Profit": 88063000.0,
        "Cost Of Revenue": 878837000.0,
        "Total Revenue": 966900000.0,
        "Operating Revenue": 966900000.0
    },
    "2024-06-30": {
        "Tax Effect Of Unusual Items": -1567230.0,
        "Tax Rate For Calcs": 0.17,
        "Normalized EBITDA": 66647000.0,
        "Total Unusual Items": -9219000.0,
        "Total Unusual Items Excluding Goodwill": -9219000.0,
        "Net Income From Continuing Operation Net Minority Interest": 25140000.0,
        "Reconciled Depreciation": 19735000.0,
        "Reconciled Cost Of Revenue": 866336000.0,
        "EBITDA": 57428000.0,
        "EBIT": 37693000.0,
        "Net Interest Income": -6374000.0,
        "Interest Expense": 7389000.0,
        "Interest Income": 1015000.0,
        "Normalized Income": 32791770.0,
        "Net Income From Continuing And Discontinued Operation": 25140000.0,
        "Total Expenses": 912286000.0,
        "Total Operating Income As Reported": 39246000.0,
        "Diluted Average Shares": 27765000.0,
        "Basic Average Shares": 27364000.0,
        "Diluted EPS": 0.91,
        "Basic EPS": 0.92,
        "Diluted NI Availto Com Stockholders": 25140000.0,
        "Net Income Common Stockholders": 25140000.0,
        "Net Income": 25140000.0,
        "Net Income Including Noncontrolling Interests": 25140000.0,
        "Net Income Continuous Operations": 25140000.0,
        "Tax Provision": 5164000.0,
        "Pretax Income": 30304000.0,
        "Other Income Expense": -11787000.0,
        "Other Non Operating Income Expenses": -2568000.0,
        "Special Income Charges": -9219000.0,
        "Restructuring And Mergern Acquisition": 9219000.0,
        "Net Non Operating Interest Income Expense": -6374000.0,
        "Interest Expense Non Operating": 7389000.0,
        "Interest Income Non Operating": 1015000.0,
        "Operating Income": 48465000.0,
        "Operating Expense": 45950000.0,
        "Selling General And Administration": 45950000.0,
        "Gross Profit": 94415000.0,
        "Cost Of Revenue": 866336000.0,
        "Total Revenue": 960751000.0,
        "Operating Revenue": 960751000.0
    },
    "2024-09-30": {
        "Tax Effect Of Unusual Items": 0.0,
        "Tax Rate For Calcs": 0.092328,
        "Normalized EBITDA": 70589000.0,
        "Total Unusual Items": 0.0,
        "Total Unusual Items Excluding Goodwill": 0.0,
        "Net Income From Continuing Operation Net Minority Interest": 41221000.0,
        "Reconciled Depreciation": 19598000.0,
        "Reconciled Cost Of Revenue": 942657000.0,
        "EBITDA": 70589000.0,
        "EBIT": 50991000.0,
        "Net Interest Income": -4357000.0,
        "Interest Expense": 5577000.0,
        "Interest Income": 1220000.0,
        "Normalized Income": 41221000.0,
        "Net Income From Continuing And Discontinued Operation": 41221000.0,
        "Total Expenses": 996711000.0,
        "Total Operating Income As Reported": 53858000.0,
        "Diluted Average Shares": 27783000.0,
        "Basic Average Shares": 27203000.0,
        "Diluted EPS": 1.48,
        "Basic EPS": 1.52,
        "Diluted NI Availto Com Stockholders": 41221000.0,
        "Net Income Common Stockholders": 41221000.0,
        "Net Income": 41221000.0,
        "Net Income Including Noncontrolling Interests": 41221000.0,
        "Net Income Continuous Operations": 41221000.0,
        "Tax Provision": 4193000.0,
        "Pretax Income": 45414000.0,
        "Other Income Expense": -4087000.0,
        "Other Non Operating Income Expenses": -4087000.0,
        "Special Income Charges": 0.0,
        "Restructuring And Mergern Acquisition": 0.0,
        "Net Non Operating Interest Income Expense": -4357000.0,
        "Interest Expense Non Operating": 5577000.0,
        "Interest Income Non Operating": 1220000.0,
        "Operating Income": 53858000.0,
        "Operating Expense": 54054000.0,
        "Selling General And Administration": 54054000.0,
        "Gross Profit": 107912000.0,
        "Cost Of Revenue": 942657000.0,
        "Total Revenue": 1050569000.0,
        "Operating Revenue": 1050569000.0
    },
    "2024-12-31": {
        "Tax Effect Of Unusual Items": -669669.0,
        "Tax Rate For Calcs": 0.143,
        "Normalized EBITDA": 71139000.0,
        "Total Unusual Items": -4683000.0,
        "Total Unusual Items Excluding Goodwill": -4683000.0,
        "Net Income From Continuing Operation Net Minority Interest": 37267000.0,
        "Reconciled Depreciation": 19408000.0,
        "Reconciled Cost Of Revenue": 875430000.0,
        "EBITDA": 66456000.0,
        "EBIT": 47048000.0,
        "Net Interest Income": -2320000.0,
        "Interest Expense": 3554000.0,
        "Interest Income": 1234000.0,
        "Normalized Income": 41280331.0,
        "Net Income From Continuing And Discontinued Operation": 37267000.0,
        "Total Expenses": 924579000.0,
        "Total Operating Income As Reported": 46860000.0,
        "Diluted Average Shares": 27763000.0,
        "Basic Average Shares": 27087000.0,
        "Diluted EPS": 1.34,
        "Basic EPS": 1.38,
        "Diluted NI Availto Com Stockholders": 37267000.0,
        "Net Income Common Stockholders": 37267000.0,
        "Net Income": 37267000.0,
        "Net Income Including Noncontrolling Interests": 37267000.0,
        "Net Income Continuous Operations": 37267000.0,
        "Tax Provision": 6227000.0,
        "Pretax Income": 43494000.0,
        "Other Income Expense": -5729000.0,
        "Other Non Operating Income Expenses": -1046000.0,
        "Special Income Charges": -4683000.0,
        "Restructuring And Mergern Acquisition": 4683000.0,
        "Net Non Operating Interest Income Expense": -2320000.0,
        "Interest Expense Non Operating": 3554000.0,
        "Interest Income Non Operating": 1234000.0,
        "Operating Income": 51543000.0,
        "Operating Expense": 49149000.0,
        "Selling General And Administration": 49149000.0,
        "Gross Profit": 100692000.0,
        "Cost Of Revenue": 875430000.0,
        "Total Revenue": 976122000.0,
        "Operating Revenue": 976122000.0
    },
    "2025-03-31": {
        "Tax Effect Of Unusual Items": 0.0,
        "Tax Rate For Calcs": 0.132,
        "Normalized EBITDA": 67677000.0,
        "Total Unusual Items": 0.0,
        "Total Unusual Items Excluding Goodwill": 0.0,
        "Net Income From Continuing Operation Net Minority Interest": 39073000.0,
        "Reconciled Depreciation": 19517000.0,
        "Reconciled Cost Of Revenue": 882419000.0,
        "EBITDA": 67677000.0,
        "EBIT": 48160000.0,
        "Net Interest Income": -2266000.0,
        "Interest Expense": 3137000.0,
        "Interest Income": 871000.0,
        "Normalized Income": 39073000.0,
        "Net Income From Continuing And Discontinued Operation": 39073000.0,
        "Total Expenses": 931379000.0,
        "Total Operating Income As Reported": 48791000.0,
        "Diluted Average Shares": 27662000.0,
        "Basic Average Shares": 27109000.0,
        "Diluted EPS": 1.41,
        "Basic EPS": 1.44,
        "Diluted NI Availto Com Stockholders": 39073000.0,
        "Net Income Common Stockholders": 39073000.0,
        "Net Income": 39073000.0,
        "Net Income Including Noncontrolling Interests": 39073000.0,
        "Net Income Continuous Operations": 39073000.0,
        "Tax Provision": 5950000.0,
        "Pretax Income": 45023000.0,
        "Other Income Expense": -1502000.0,
        "Other Non Operating Income Expenses": -1502000.0,
        "Special Income Charges": 0.0,
        "Restructuring And Mergern Acquisition": 0.0,
        "Net Non Operating Interest Income Expense": -2266000.0,
        "Interest Expense Non Operating": 3137000.0,
        "Interest Income Non Operating": 871000.0,
        "Operating Income": 48791000.0,
        "Operating Expense": 48960000.0,
        "Selling General And Administration": 48960000.0,
        "Gross Profit": 97751000.0,
        "Cost Of Revenue": 882419000.0,
        "Total Revenue": 980170000.0,
        "Operating Revenue": 980170000.0
    },
    "2025-06-30": {
        "Tax Effect Of Unusual Items": 0.0,
        "Tax Rate For Calcs": 0.094711,
        "Normalized EBITDA": 71921000.0,
        "Total Unusual Items": 0.0,
        "Total Unusual Items Excluding Goodwill": 0.0,
        "Net Income From Continuing Operation Net Minority Interest": 45116000.0,
        "Reconciled Depreciation": 19584000.0,
        "Reconciled Cost Of Revenue": 915020000.0,
        "EBITDA": 71921000.0,
        "EBIT": 52337000.0,
        "Net Interest Income": -1567000.0,
        "Interest Expense": 2501000.0,
        "Interest Income": 934000.0,
        "Normalized Income": 45116000.0,
        "Net Income From Continuing And Discontinued Operation": 45116000.0,
        "Total Expenses": 964700000.0,
        "Total Operating Income As Reported": 53608000.0,
        "Diluted Average Shares": 27532000.0,
        "Basic Average Shares": 27059000.0,
        "Diluted EPS": 1.64,
        "Basic EPS": 1.67,
        "Diluted NI Availto Com Stockholders": 45116000.0,
        "Net Income Common Stockholders": 45116000.0,
        "Net Income": 45116000.0,
        "Net Income Including Noncontrolling Interests": 45116000.0,
        "Net Income Continuous Operations": 45116000.0,
        "Tax Provision": 4720000.0,
        "Pretax Income": 49836000.0,
        "Other Income Expense": -2205000.0,
        "Other Non Operating Income Expenses": -2205000.0,
        "Special Income Charges": 0.0,
        "Restructuring And Mergern Acquisition": 0.0,
        "Net Non Operating Interest Income Expense": -1567000.0,
        "Interest Expense Non Operating": 2501000.0,
        "Interest Income Non Operating": 934000.0,
        "Operating Income": 53608000.0,
        "Operating Expense": 49680000.0,
        "Selling General And Administration": 49680000.0,
        "Gross Profit": 103288000.0,
        "Cost Of Revenue": 915020000.0,
        "Total Revenue": 1018308000.0,
        "Operating Revenue": 1018308000.0
    }
}