{
    "2023-03-31": {
        "Tax Effect Of Unusual Items": -1313.0,
        "Tax Rate For Calcs": 0.101,
        "Normalized EBITDA": 96405000.0,
        "Total Unusual Items": -13000.0,
        "Total Unusual Items Excluding Goodwill": -13000.0,
        "Net Income From Continuing Operation Net Minority Interest": 42719000.0,
        "Reconciled Depreciation": 19191000.0,
        "Reconciled Cost Of Revenue": 128968000.0,
        "EBITDA": 96392000.0,
        "EBIT": 77201000.0,
        "Net Interest Income": -29666000.0,
        "Interest Expense": 29666000.0,
        "Normalized Income": 42730687.0,
        "Net Income From Continuing And Discontinued Operation": 42719000.0,
        "Total Expenses": 196820000.0,
        "Total Operating Income As Reported": 76969000.0,
        "Diluted Average Shares": 158772453.0,
        "Basic Average Shares": 157314177.0,
        "Diluted EPS": 0.27,
        "Basic EPS": 0.27,
        "Diluted NI Availto Com Stockholders": 42719000.0,
        "Net Income Common Stockholders": 42719000.0,
        "Net Income": 42719000.0,
        "Net Income Including Noncontrolling Interests": 42719000.0,
        "Net Income Continuous Operations": 42719000.0,
        "Tax Provision": 4816000.0,
        "Pretax Income": 47535000.0,
        "Other Income Expense": 219000.0,
        "Other Non Operating Income Expenses": 232000.0,
        "Special Income Charges": -13000.0,
        "Gain On Sale Of Ppe": -13000.0,
        "Other Special Charges": NaN,
        "Impairment Of Capital Assets": NaN,
        "Net Non Operating Interest Income Expense": -29666000.0,
        "Interest Expense Non Operating": 29666000.0,
        "Operating Income": 76982000.0,
        "Operating Expense": 67852000.0,
        "Other Operating Expenses": 3534000.0,
        "Depreciation Amortization Depletion Income Statement": 19191000.0,
        "Depreciation And Amortization In Income Statement": 19191000.0,
        "Amortization": NaN,
        "Amortization Of Intangibles Income Statement": NaN,
        "Depreciation Income Statement": NaN,
        "Selling General And Administration": 45127000.0,
        "Gross Profit": 144834000.0,
        "Cost Of Revenue": 128968000.0,
        "Total Revenue": 273802000.0,
        "Operating Revenue": 269704000.0
    },
    "2022-12-31": {
        "Tax Effect Of Unusual Items": NaN,
        "Tax Rate For Calcs": NaN,
        "Normalized EBITDA": NaN,
        "Total Unusual Items": NaN,
        "Total Unusual Items Excluding Goodwill": NaN,
        "Net Income From Continuing Operation Net Minority Interest": NaN,
        "Reconciled Depreciation": NaN,
        "Reconciled Cost Of Revenue": NaN,
        "EBITDA": NaN,
        "EBIT": NaN,
        "Net Interest Income": NaN,
        "Interest Expense": NaN,
        "Normalized Income": NaN,
        "Net Income From Continuing And Discontinued Operation": NaN,
        "Total Expenses": NaN,
        "Total Operating Income As Reported": NaN,
        "Diluted Average Shares": NaN,
        "Basic Average Shares": NaN,
        "Diluted EPS": NaN,
        "Basic EPS": NaN,
        "Diluted NI Availto Com Stockholders": NaN,
        "Net Income Common Stockholders": NaN,
        "Net Income": NaN,
        "Net Income Including Noncontrolling Interests": NaN,
        "Net Income Continuous Operations": NaN,
        "Tax Provision": NaN,
        "Pretax Income": NaN,
        "Other Income Expense": NaN,
        "Other Non Operating Income Expenses": NaN,
        "Special Income Charges": NaN,
        "Gain On Sale Of Ppe": NaN,
        "Other Special Charges": NaN,
        "Impairment Of Capital Assets": 0.0,
        "Net Non Operating Interest Income Expense": NaN,
        "Interest Expense Non Operating": NaN,
        "Operating Income": NaN,
        "Operating Expense": NaN,
        "Other Operating Expenses": NaN,
        "Depreciation Amortization Depletion Income Statement": NaN,
        "Depreciation And Amortization In Income Statement": NaN,
        "Amortization": NaN,
        "Amortization Of Intangibles Income Statement": NaN,
        "Depreciation Income Statement": NaN,
        "Selling General And Administration": NaN,
        "Gross Profit": NaN,
        "Cost Of Revenue": NaN,
        "Total Revenue": NaN,
        "Operating Revenue": NaN
    },
    "2022-09-30": {
        "Tax Effect Of Unusual Items": NaN,
        "Tax Rate For Calcs": NaN,
        "Normalized EBITDA": NaN,
        "Total Unusual Items": NaN,
        "Total Unusual Items Excluding Goodwill": NaN,
        "Net Income From Continuing Operation Net Minority Interest": NaN,
        "Reconciled Depreciation": NaN,
        "Reconciled Cost Of Revenue": NaN,
        "EBITDA": NaN,
        "EBIT": NaN,
        "Net Interest Income": NaN,
        "Interest Expense": NaN,
        "Normalized Income": NaN,
        "Net Income From Continuing And Discontinued Operation": NaN,
        "Total Expenses": NaN,
        "Total Operating Income As Reported": NaN,
        "Diluted Average Shares": NaN,
        "Basic Average Shares": NaN,
        "Diluted EPS": NaN,
        "Basic EPS": NaN,
        "Diluted NI Availto Com Stockholders": NaN,
        "Net Income Common Stockholders": NaN,
        "Net Income": NaN,
        "Net Income Including Noncontrolling Interests": NaN,
        "Net Income Continuous Operations": NaN,
        "Tax Provision": NaN,
        "Pretax Income": NaN,
        "Other Income Expense": NaN,
        "Other Non Operating Income Expenses": NaN,
        "Special Income Charges": NaN,
        "Gain On Sale Of Ppe": NaN,
        "Other Special Charges": NaN,
        "Write Off": 0.0,
        "Impairment Of Capital Assets": 0.0,
        "Net Non Operating Interest Income Expense": NaN,
        "Interest Expense Non Operating": NaN,
        "Operating Income": NaN,
        "Operating Expense": NaN,
        "Other Operating Expenses": NaN,
        "Depreciation Amortization Depletion Income Statement": NaN,
        "Depreciation And Amortization In Income Statement": NaN,
        "Amortization": 400000.0,
        "Amortization Of Intangibles Income Statement": 400000.0,
        "Depreciation Income Statement": 19100000.0,
        "Selling General And Administration": NaN,
        "Gross Profit": NaN,
        "Cost Of Revenue": NaN,
        "Total Revenue": NaN,
        "Operating Revenue": NaN
    },
    "2022-06-30": {
        "Tax Effect Of Unusual Items": -363.836409,
        "Tax Rate For Calcs": 0.040426,
        "Normalized EBITDA": 64340000.0,
        "Total Unusual Items": -9000.0,
        "Total Unusual Items Excluding Goodwill": -9000.0,
        "Net Income From Continuing Operation Net Minority Interest": 30525000.0,
        "Reconciled Depreciation": 19628000.0,
        "Reconciled Cost Of Revenue": 121205000.0,
        "EBITDA": 64331000.0,
        "EBIT": 44703000.0,
        "Net Interest Income": -12892000.0,
        "Interest Expense": 12892000.0,
        "Normalized Income": 30533636.163591,
        "Net Income From Continuing And Discontinued Operation": 30525000.0,
        "Total Expenses": 182311000.0,
        "Total Operating Income As Reported": 38947000.0,
        "Diluted Average Shares": 167249294.0,
        "Basic Average Shares": 165894797.0,
        "Diluted EPS": 0.18,
        "Basic EPS": 0.18,
        "Diluted NI Availto Com Stockholders": 30525000.0,
        "Net Income Common Stockholders": 30525000.0,
        "Net Income": 30525000.0,
        "Net Income Including Noncontrolling Interests": 30525000.0,
        "Net Income Continuous Operations": 30525000.0,
        "Tax Provision": 1286000.0,
        "Pretax Income": 31811000.0,
        "Other Income Expense": 5747000.0,
        "Other Non Operating Income Expenses": 5756000.0,
        "Special Income Charges": -9000.0,
        "Gain On Sale Of Ppe": -9000.0,
        "Other Special Charges": NaN,
        "Impairment Of Capital Assets": 0.0,
        "Net Non Operating Interest Income Expense": -12892000.0,
        "Interest Expense Non Operating": 12892000.0,
        "Operating Income": 38956000.0,
        "Operating Expense": 61106000.0,
        "Depreciation Amortization Depletion Income Statement": 19628000.0,
        "Depreciation And Amortization In Income Statement": 19628000.0,
        "Amortization": 300000.0,
        "Amortization Of Intangibles Income Statement": 300000.0,
        "Depreciation Income Statement": 19300000.0,
        "Selling General And Administration": 41478000.0,
        "Gross Profit": 100062000.0,
        "Cost Of Revenue": 121205000.0,
        "Total Revenue": 221267000.0,
        "Operating Revenue": 219187000.0
    },
    "2022-03-31": {
        "Diluted EPS": 0.26,
        "Total Revenue": 220,
        "Gross Profit": 113,
        "Operating Income": 54,
        "EBIT": 75,
        "Net Income": 43
    },
    "2021-12-31": {
        "Diluted EPS": 0.01,
        "Total Revenue": 177,
        "Gross Profit": 80,
        "Operating Income": 22,
        "EBIT": 43,
        "Net Income": 0
    },
    "2021-09-30": {
        "Diluted EPS": -0.08,
        "Total Revenue": 151,
        "Gross Profit": 60,
        "Operating Income": 7,
        "EBIT": 28,
        "Net Income": -12
    },
    "2021-06-30": {
        "Diluted EPS": -0.05,
        "Total Revenue": 129,
        "Gross Profit": 49,
        "Operating Income": -1,
        "EBIT": 20,
        "Net Income": -8
    },
    "2021-03-31": {
        "Diluted EPS": -0.43,
        "Total Revenue": 78,
        "Gross Profit": 18,
        "Operating Income": -53,
        "EBIT": -31,
        "Net Income": -70
    },
    "2020-12-31": {
        "Diluted EPS": -0.56,
        "Total Revenue": 66,
        "Gross Profit": 10,
        "Operating Income": -54,
        "EBIT": -30,
        "Net Income": -74
    },
    "2020-09-30": {
        "Diluted EPS": -0.58,
        "Total Revenue": 29,
        "Gross Profit": -7,
        "Operating Income": -54,
        "EBIT": -30,
        "Net Income": -79
    },
    "2020-06-30": {
        "Diluted EPS": -0.67,
        "Total Revenue": 1,
        "Gross Profit": -19,
        "Operating Income": -86,
        "EBIT": -63,
        "Net Income": -87
    },
    "2020-03-31": {
        "Diluted EPS": -0.17,
        "Total Revenue": 177,
        "Gross Profit": 79,
        "Operating Income": 3,
        "EBIT": 29,
        "Net Income": -23
    },
    "2019-12-31": {
        "Diluted EPS": -0.14,
        "Total Revenue": 144,
        "Gross Profit": 48,
        "Operating Income": -15,
        "EBIT": 9,
        "Net Income": -18
    },
    "2019-09-30": {
        "Diluted EPS": -0.23,
        "Total Revenue": 133,
        "Gross Profit": 46,
        "Operating Income": -16,
        "EBIT": 13,
        "Net Income": -30
    },
    "2019-06-30": {
        "Diluted EPS": 0.01,
        "Total Revenue": 164,
        "Gross Profit": 71,
        "Operating Income": 10,
        "EBIT": 37,
        "Net Income": 1
    },
    "2019-03-31": {
        "Diluted EPS": 0.33,
        "Total Revenue": 196,
        "Gross Profit": 102,
        "Operating Income": 47,
        "EBIT": 70,
        "Net Income": 43
    },
    "2018-12-31": {
        "Diluted EPS": -0.14,
        "Total Revenue": 152,
        "Gross Profit": 62,
        "Operating Income": 14,
        "EBIT": 36,
        "Net Income": -14
    },
    "2018-09-30": {
        "Diluted EPS": -0.04,
        "Total Revenue": 143,
        "Gross Profit": 51,
        "Operating Income": 3,
        "EBIT": 23,
        "Net Income": -5
    },
    "2018-06-30": {
        "Diluted EPS": 0.14,
        "Total Revenue": 146,
        "Gross Profit": 67,
        "Operating Income": 19,
        "EBIT": 35,
        "Net Income": 17
    },
    "2018-03-31": {
        "Diluted EPS": 0.2,
        "Total Revenue": 177,
        "Gross Profit": 96,
        "Operating Income": 55,
        "EBIT": 71,
        "Net Income": 22
    },
    "2017-12-31": {
        "Diluted EPS": -0.14,
        "Total Revenue": 127,
        "Gross Profit": 48,
        "Operating Income": 4,
        "EBIT": 17,
        "Net Income": -5
    },
    "2017-09-30": {
        "Diluted EPS": -0.05,
        "Total Revenue": 118,
        "Gross Profit": 43,
        "Operating Income": 6,
        "EBIT": 20,
        "Net Income": -6
    },
    "2017-06-30": {
        "Diluted EPS": -0.11,
        "Total Revenue": 141,
        "Gross Profit": 62,
        "Operating Income": 23,
        "EBIT": 37,
        "Net Income": -11
    },
    "2017-03-31": {
        "Diluted EPS": 0.21,
        "Total Revenue": 174,
        "Gross Profit": 97,
        "Operating Income": 56,
        "EBIT": 70,
        "Net Income": 13
    },
    "2016-12-31": {
        "Diluted EPS": -0.58,
        "Total Revenue": 120,
        "Gross Profit": 47,
        "Operating Income": 2,
        "EBIT": 17,
        "Net Income": -25
    },
    "2016-09-30": {
        "Diluted EPS": -0.26,
        "Total Revenue": 114,
        "Gross Profit": 46,
        "Operating Income": 11,
        "EBIT": 25,
        "Net Income": -13
    },
    "2016-06-30": {
        "Diluted EPS": -0.02,
        "Total Revenue": 127,
        "Gross Profit": 54,
        "Operating Income": 19,
        "EBIT": 32,
        "Net Income": -1
    },
    "2016-03-31": {
        "Diluted EPS": 0.28,
        "Total Revenue": 160,
        "Gross Profit": 87,
        "Operating Income": 52,
        "EBIT": 66,
        "Net Income": 14
    },
    "2015-12-31": {
        "Diluted EPS": 0.0,
        "Total Revenue": NaN,
        "Gross Profit": NaN,
        "Operating Income": NaN,
        "EBIT": NaN,
        "Net Income": NaN
    },
    "2014-12-31": {
        "Diluted EPS": 0.0,
        "Total Revenue": NaN,
        "Gross Profit": NaN,
        "Operating Income": NaN,
        "EBIT": NaN,
        "Net Income": NaN
    },
    "2023-06-30": {
        "Tax Effect Of Unusual Items": NaN,
        "Tax Rate For Calcs": NaN,
        "Normalized EBITDA": NaN,
        "Total Unusual Items": NaN,
        "Total Unusual Items Excluding Goodwill": NaN,
        "Net Income From Continuing Operation Net Minority Interest": NaN,
        "Reconciled Depreciation": NaN,
        "Reconciled Cost Of Revenue": NaN,
        "EBITDA": NaN,
        "EBIT": NaN,
        "Net Interest Income": NaN,
        "Interest Expense": NaN,
        "Normalized Income": NaN,
        "Net Income From Continuing And Discontinued Operation": NaN,
        "Total Expenses": NaN,
        "Total Operating Income As Reported": NaN,
        "Diluted Average Shares": NaN,
        "Basic Average Shares": NaN,
        "Diluted EPS": NaN,
        "Basic EPS": NaN,
        "Diluted NI Availto Com Stockholders": NaN,
        "Net Income Common Stockholders": NaN,
        "Net Income": NaN,
        "Net Income Including Noncontrolling Interests": NaN,
        "Net Income Continuous Operations": NaN,
        "Tax Provision": NaN,
        "Pretax Income": NaN,
        "Other Income Expense": NaN,
        "Other Non Operating Income Expenses": NaN,
        "Special Income Charges": NaN,
        "Gain On Sale Of Ppe": NaN,
        "Other Special Charges": NaN,
        "Net Non Operating Interest Income Expense": NaN,
        "Interest Expense Non Operating": NaN,
        "Operating Income": NaN,
        "Operating Expense": NaN,
        "Other Operating Expenses": NaN,
        "Depreciation Amortization Depletion Income Statement": NaN,
        "Depreciation And Amortization In Income Statement": NaN,
        "Amortization": 300000.0,
        "Amortization Of Intangibles Income Statement": 300000.0,
        "Depreciation Income Statement": 19000000.0,
        "Selling General And Administration": NaN,
        "Gross Profit": NaN,
        "Cost Of Revenue": NaN,
        "Total Revenue": NaN,
        "Operating Revenue": NaN
    },
    "2023-09-30": {
        "Tax Effect Of Unusual Items": NaN,
        "Tax Rate For Calcs": NaN,
        "Normalized EBITDA": NaN,
        "Total Unusual Items": NaN,
        "Total Unusual Items Excluding Goodwill": NaN,
        "Net Income From Continuing Operation Net Minority Interest": NaN,
        "Reconciled Depreciation": NaN,
        "Reconciled Cost Of Revenue": NaN,
        "EBITDA": NaN,
        "EBIT": NaN,
        "Net Interest Income": NaN,
        "Interest Expense": NaN,
        "Normalized Income": NaN,
        "Net Income From Continuing And Discontinued Operation": NaN,
        "Total Expenses": NaN,
        "Total Operating Income As Reported": NaN,
        "Diluted Average Shares": NaN,
        "Basic Average Shares": NaN,
        "Diluted EPS": NaN,
        "Basic EPS": NaN,
        "Diluted NI Availto Com Stockholders": NaN,
        "Net Income Common Stockholders": NaN,
        "Net Income": NaN,
        "Net Income Including Noncontrolling Interests": NaN,
        "Net Income Continuous Operations": NaN,
        "Tax Provision": NaN,
        "Pretax Income": NaN,
        "Other Income Expense": NaN,
        "Other Non Operating Income Expenses": NaN,
        "Special Income Charges": NaN,
        "Gain On Sale Of Ppe": NaN,
        "Other Special Charges": NaN,
        "Net Non Operating Interest Income Expense": NaN,
        "Interest Expense Non Operating": NaN,
        "Operating Income": NaN,
        "Operating Expense": NaN,
        "Other Operating Expenses": NaN,
        "Depreciation Amortization Depletion Income Statement": NaN,
        "Depreciation And Amortization In Income Statement": NaN,
        "Amortization": 400000.0,
        "Amortization Of Intangibles Income Statement": 400000.0,
        "Depreciation Income Statement": 22200000.0,
        "Selling General And Administration": NaN,
        "Gross Profit": NaN,
        "Cost Of Revenue": NaN,
        "Total Revenue": NaN,
        "Operating Revenue": NaN
    },
    "2023-12-31": {
        "Tax Effect Of Unusual Items": -1519800.0,
        "Tax Rate For Calcs": 0.3,
        "Normalized EBITDA": 59563000.0,
        "Total Unusual Items": -5066000.0,
        "Total Unusual Items Excluding Goodwill": -5066000.0,
        "Net Income From Continuing Operation Net Minority Interest": 1004000.0,
        "Reconciled Depreciation": 20772000.0,
        "Reconciled Cost Of Revenue": 128519000.0,
        "EBITDA": 54497000.0,
        "EBIT": 33725000.0,
        "Net Interest Income": -25847000.0,
        "Interest Expense": 25847000.0,
        "Normalized Income": 4550200.0,
        "Net Income From Continuing And Discontinued Operation": 1004000.0,
        "Total Expenses": 203694000.0,
        "Total Operating Income As Reported": 34651000.0,
        "Diluted Average Shares": 140477293.0,
        "Basic Average Shares": 137757679.0,
        "Diluted EPS": 0.01,
        "Basic EPS": 0.01,
        "Diluted NI Availto Com Stockholders": 1004000.0,
        "Net Income Common Stockholders": 1004000.0,
        "Net Income": 1004000.0,
        "Net Income Including Noncontrolling Interests": 1004000.0,
        "Net Income Continuous Operations": 1004000.0,
        "Tax Provision": 6874000.0,
        "Pretax Income": 7878000.0,
        "Other Income Expense": -5098000.0,
        "Other Non Operating Income Expenses": -32000.0,
        "Special Income Charges": -5066000.0,
        "Gain On Sale Of Ppe": -5052000.0,
        "Other Special Charges": 14000.0,
        "Net Non Operating Interest Income Expense": -25847000.0,
        "Interest Expense Non Operating": 25847000.0,
        "Operating Income": 38823000.0,
        "Operating Expense": 75175000.0,
        "Other Operating Expenses": 3148000.0,
        "Depreciation Amortization Depletion Income Statement": 20772000.0,
        "Depreciation And Amortization In Income Statement": 20772000.0,
        "Amortization": NaN,
        "Amortization Of Intangibles Income Statement": NaN,
        "Depreciation Income Statement": NaN,
        "Selling General And Administration": 51255000.0,
        "Gross Profit": 113998000.0,
        "Cost Of Revenue": 128519000.0,
        "Total Revenue": 242517000.0,
        "Operating Revenue": 232253000.0
    },
    "2024-03-31": {
        "Tax Effect Of Unusual Items": 76563.0,
        "Tax Rate For Calcs": 0.181,
        "Normalized EBITDA": 107755000.0,
        "Total Unusual Items": 423000.0,
        "Total Unusual Items Excluding Goodwill": 423000.0,
        "Net Income From Continuing Operation Net Minority Interest": 54341000.0,
        "Reconciled Depreciation": 18672000.0,
        "Reconciled Cost Of Revenue": 137979000.0,
        "EBITDA": 108178000.0,
        "EBIT": 89506000.0,
        "Net Interest Income": -23128000.0,
        "Interest Expense": 23128000.0,
        "Normalized Income": 53994563.0,
        "Net Income From Continuing And Discontinued Operation": 54341000.0,
        "Total Expenses": 210759000.0,
        "Total Operating Income As Reported": 90299000.0,
        "Diluted Average Shares": 138009859.0,
        "Basic Average Shares": 136651696.0,
        "Diluted EPS": 0.39,
        "Basic EPS": 0.4,
        "Diluted NI Availto Com Stockholders": 54341000.0,
        "Net Income Common Stockholders": 54341000.0,
        "Net Income": 54341000.0,
        "Net Income Including Noncontrolling Interests": 54341000.0,
        "Net Income Continuous Operations": 54341000.0,
        "Tax Provision": 12037000.0,
        "Pretax Income": 66378000.0,
        "Other Income Expense": -370000.0,
        "Other Non Operating Income Expenses": -793000.0,
        "Special Income Charges": 423000.0,
        "Gain On Sale Of Ppe": 36000.0,
        "Other Special Charges": -387000.0,
        "Net Non Operating Interest Income Expense": -23128000.0,
        "Interest Expense Non Operating": 23128000.0,
        "Operating Income": 89876000.0,
        "Operating Expense": 72780000.0,
        "Other Operating Expenses": 2889000.0,
        "Depreciation Amortization Depletion Income Statement": 18672000.0,
        "Depreciation And Amortization In Income Statement": 18672000.0,
        "Amortization": NaN,
        "Amortization Of Intangibles Income Statement": NaN,
        "Depreciation Income Statement": NaN,
        "Selling General And Administration": 51219000.0,
        "Gross Profit": 162656000.0,
        "Cost Of Revenue": 137979000.0,
        "Total Revenue": 300635000.0,
        "Operating Revenue": 297326000.0
    },
    "2024-06-30": {
        "Tax Effect Of Unusual Items": -248.960774,
        "Tax Rate For Calcs": 0.00461,
        "Normalized EBITDA": 55664000.0,
        "Total Unusual Items": -54000.0,
        "Total Unusual Items Excluding Goodwill": -54000.0,
        "Net Income From Continuing Operation Net Minority Interest": 13170000.0,
        "Reconciled Depreciation": 19045000.0,
        "Reconciled Cost Of Revenue": 127367000.0,
        "EBITDA": 55610000.0,
        "EBIT": 36565000.0,
        "Net Interest Income": -23334000.0,
        "Interest Expense": 23334000.0,
        "Normalized Income": 13223751.039226,
        "Net Income From Continuing And Discontinued Operation": 13170000.0,
        "Total Expenses": 198554000.0,
        "Total Operating Income As Reported": 37910000.0,
        "Diluted Average Shares": 133867472.0,
        "Basic Average Shares": 132426621.0,
        "Diluted EPS": 0.1,
        "Basic EPS": 0.1,
        "Diluted NI Availto Com Stockholders": 13170000.0,
        "Net Income Common Stockholders": 13170000.0,
        "Net Income": 13170000.0,
        "Net Income Including Noncontrolling Interests": 13170000.0,
        "Net Income Continuous Operations": 13170000.0,
        "Tax Provision": 61000.0,
        "Pretax Income": 13231000.0,
        "Other Income Expense": -356000.0,
        "Other Non Operating Income Expenses": -302000.0,
        "Special Income Charges": -54000.0,
        "Gain On Sale Of Ppe": -36000.0,
        "Other Special Charges": 18000.0,
        "Net Non Operating Interest Income Expense": -23334000.0,
        "Interest Expense Non Operating": 23334000.0,
        "Operating Income": 36921000.0,
        "Operating Expense": 71187000.0,
        "Other Operating Expenses": 2348000.0,
        "Depreciation Amortization Depletion Income Statement": 19045000.0,
        "Depreciation And Amortization In Income Statement": 19045000.0,
        "Amortization": NaN,
        "Amortization Of Intangibles Income Statement": NaN,
        "Depreciation Income Statement": NaN,
        "Selling General And Administration": 49794000.0,
        "Gross Profit": 108108000.0,
        "Cost Of Revenue": 127367000.0,
        "Total Revenue": 235475000.0,
        "Operating Revenue": 232718000.0
    },
    "2024-09-30": {
        "Tax Effect Of Unusual Items": 5663100.0,
        "Tax Rate For Calcs": 0.3,
        "Normalized EBITDA": 16397000.0,
        "Total Unusual Items": 18877000.0,
        "Total Unusual Items Excluding Goodwill": 18877000.0,
        "Net Income From Continuing Operation Net Minority Interest": -2734000.0,
        "Reconciled Depreciation": 21043000.0,
        "Reconciled Cost Of Revenue": 115731000.0,
        "EBITDA": 35274000.0,
        "EBIT": 14231000.0,
        "Net Interest Income": -21949000.0,
        "Interest Expense": 21949000.0,
        "Normalized Income": -15947900.0,
        "Net Income From Continuing And Discontinued Operation": -2734000.0,
        "Total Expenses": 188497000.0,
        "Total Operating Income As Reported": 13897000.0,
        "Diluted Average Shares": 127975787.0,
        "Basic Average Shares": 127975787.0,
        "Diluted EPS": -0.02,
        "Basic EPS": -0.02,
        "Diluted NI Availto Com Stockholders": -2734000.0,
        "Net Income Common Stockholders": -2734000.0,
        "Net Income": -2734000.0,
        "Net Income Including Noncontrolling Interests": -2734000.0,
        "Net Income Continuous Operations": -2734000.0,
        "Tax Provision": -4984000.0,
        "Pretax Income": -7718000.0,
        "Other Income Expense": 19211000.0,
        "Other Non Operating Income Expenses": 334000.0,
        "Special Income Charges": 18877000.0,
        "Gain On Sale Of Ppe": 18179000.0,
        "Other Special Charges": -698000.0,
        "Net Non Operating Interest Income Expense": -21949000.0,
        "Interest Expense Non Operating": 21949000.0,
        "Operating Income": -4980000.0,
        "Operating Expense": 72766000.0,
        "Other Operating Expenses": 1898000.0,
        "Depreciation Amortization Depletion Income Statement": 21043000.0,
        "Depreciation And Amortization In Income Statement": 21043000.0,
        "Amortization": NaN,
        "Amortization Of Intangibles Income Statement": NaN,
        "Depreciation Income Statement": NaN,
        "Selling General And Administration": 49825000.0,
        "Gross Profit": 67786000.0,
        "Cost Of Revenue": 115731000.0,
        "Total Revenue": 183517000.0,
        "Operating Revenue": 181267000.0
    },
    "2024-12-31": {
        "Tax Effect Of Unusual Items": 88275.544304,
        "Tax Rate For Calcs": 0.084962,
        "Normalized EBITDA": 49609000.0,
        "Total Unusual Items": 1039000.0,
        "Total Unusual Items Excluding Goodwill": 1039000.0,
        "Net Income From Continuing Operation Net Minority Interest": 9036000.0,
        "Reconciled Depreciation": 19820000.0,
        "Reconciled Cost Of Revenue": 117089000.0,
        "EBITDA": 50648000.0,
        "EBIT": 30828000.0,
        "Net Interest Income": -20953000.0,
        "Interest Expense": 20953000.0,
        "Normalized Income": 8085275.544304,
        "Net Income From Continuing And Discontinued Operation": 9036000.0,
        "Total Expenses": 188176000.0,
        "Total Operating Income As Reported": 31805000.0,
        "Diluted Average Shares": 124723901.0,
        "Basic Average Shares": 121998377.0,
        "Diluted EPS": 0.07,
        "Basic EPS": 0.07,
        "Diluted NI Availto Com Stockholders": 9036000.0,
        "Net Income Common Stockholders": 9036000.0,
        "Net Income": 9036000.0,
        "Net Income Including Noncontrolling Interests": 9036000.0,
        "Net Income Continuous Operations": 9036000.0,
        "Tax Provision": 839000.0,
        "Pretax Income": 9875000.0,
        "Other Income Expense": 62000.0,
        "Other Non Operating Income Expenses": -977000.0,
        "Special Income Charges": 1039000.0,
        "Gain On Sale Of Ppe": -18000.0,
        "Other Special Charges": -1057000.0,
        "Net Non Operating Interest Income Expense": -20953000.0,
        "Interest Expense Non Operating": 20953000.0,
        "Operating Income": 30766000.0,
        "Operating Expense": 71087000.0,
        "Other Operating Expenses": 2738000.0,
        "Depreciation Amortization Depletion Income Statement": 19820000.0,
        "Depreciation And Amortization In Income Statement": 19820000.0,
        "Amortization": NaN,
        "Amortization Of Intangibles Income Statement": NaN,
        "Depreciation Income Statement": NaN,
        "Selling General And Administration": 48529000.0,
        "Gross Profit": 101853000.0,
        "Cost Of Revenue": 117089000.0,
        "Total Revenue": 218942000.0,
        "Operating Revenue": 215913000.0
    }
}