{
    "2023-03-31": {
        "Tax Effect Of Unusual Items": NaN,
        "Tax Rate For Calcs": NaN,
        "Normalized EBITDA": NaN,
        "Net Income From Continuing Operation Net Minority Interest": NaN,
        "Reconciled Depreciation": NaN,
        "Reconciled Cost Of Revenue": NaN,
        "EBITDA": NaN,
        "EBIT": NaN,
        "Net Interest Income": NaN,
        "Interest Expense": 6781000.0,
        "Normalized Income": NaN,
        "Net Income From Continuing And Discontinued Operation": NaN,
        "Total Expenses": NaN,
        "Total Operating Income As Reported": NaN,
        "Diluted Average Shares": 11901581.0,
        "Basic Average Shares": 11394919.0,
        "Diluted EPS": 0.91,
        "Basic EPS": 0.95,
        "Diluted NI Availto Com Stockholders": NaN,
        "Net Income Common Stockholders": NaN,
        "Net Income": NaN,
        "Net Income Including Noncontrolling Interests": NaN,
        "Net Income Continuous Operations": NaN,
        "Tax Provision": NaN,
        "Pretax Income": NaN,
        "Other Income Expense": NaN,
        "Other Non Operating Income Expenses": NaN,
        "Net Non Operating Interest Income Expense": NaN,
        "Total Other Finance Cost": NaN,
        "Interest Expense Non Operating": 6781000.0,
        "Operating Income": NaN,
        "Operating Expense": NaN,
        "Depreciation Amortization Depletion Income Statement": NaN,
        "Depreciation And Amortization In Income Statement": NaN,
        "Selling General And Administration": NaN,
        "Gross Profit": NaN,
        "Cost Of Revenue": NaN,
        "Total Revenue": NaN,
        "Operating Revenue": NaN
    },
    "2022-12-31": {
        "Tax Effect Of Unusual Items": NaN,
        "Tax Rate For Calcs": NaN,
        "Normalized EBITDA": NaN,
        "Total Unusual Items": -79000.0,
        "Total Unusual Items Excluding Goodwill": -79000.0,
        "Net Income From Continuing Operation Net Minority Interest": NaN,
        "Reconciled Depreciation": NaN,
        "Reconciled Cost Of Revenue": NaN,
        "EBITDA": NaN,
        "EBIT": NaN,
        "Net Interest Income": NaN,
        "Interest Expense": NaN,
        "Normalized Income": NaN,
        "Net Income From Continuing And Discontinued Operation": NaN,
        "Total Expenses": NaN,
        "Total Operating Income As Reported": NaN,
        "Diluted Average Shares": NaN,
        "Basic Average Shares": NaN,
        "Diluted EPS": NaN,
        "Basic EPS": NaN,
        "Diluted NI Availto Com Stockholders": NaN,
        "Net Income Common Stockholders": NaN,
        "Net Income": NaN,
        "Net Income Including Noncontrolling Interests": NaN,
        "Net Income Continuous Operations": NaN,
        "Tax Provision": NaN,
        "Pretax Income": NaN,
        "Other Income Expense": NaN,
        "Other Non Operating Income Expenses": NaN,
        "Special Income Charges": -79000.0,
        "Other Special Charges": 79000.0,
        "Net Non Operating Interest Income Expense": NaN,
        "Total Other Finance Cost": NaN,
        "Interest Expense Non Operating": NaN,
        "Operating Income": NaN,
        "Operating Expense": NaN,
        "Depreciation Amortization Depletion Income Statement": NaN,
        "Depreciation And Amortization In Income Statement": NaN,
        "Selling General And Administration": NaN,
        "Gross Profit": NaN,
        "Cost Of Revenue": NaN,
        "Total Revenue": NaN,
        "Operating Revenue": NaN
    },
    "2022-09-30": {
        "Tax Effect Of Unusual Items": NaN,
        "Tax Rate For Calcs": NaN,
        "Normalized EBITDA": NaN,
        "Total Unusual Items": 0.0,
        "Total Unusual Items Excluding Goodwill": 0.0,
        "Net Income From Continuing Operation Net Minority Interest": NaN,
        "Reconciled Depreciation": NaN,
        "Reconciled Cost Of Revenue": NaN,
        "EBITDA": NaN,
        "EBIT": NaN,
        "Net Interest Income": NaN,
        "Interest Expense": NaN,
        "Normalized Income": NaN,
        "Net Income From Continuing And Discontinued Operation": NaN,
        "Total Expenses": NaN,
        "Total Operating Income As Reported": NaN,
        "Diluted Average Shares": NaN,
        "Basic Average Shares": NaN,
        "Diluted EPS": NaN,
        "Basic EPS": NaN,
        "Diluted NI Availto Com Stockholders": NaN,
        "Net Income Common Stockholders": NaN,
        "Net Income": NaN,
        "Net Income Including Noncontrolling Interests": NaN,
        "Net Income Continuous Operations": NaN,
        "Tax Provision": NaN,
        "Pretax Income": NaN,
        "Other Income Expense": NaN,
        "Other Non Operating Income Expenses": NaN,
        "Special Income Charges": 0.0,
        "Other Special Charges": NaN,
        "Net Non Operating Interest Income Expense": NaN,
        "Interest Expense Non Operating": NaN,
        "Operating Income": NaN,
        "Operating Expense": NaN,
        "Depreciation Amortization Depletion Income Statement": NaN,
        "Depreciation And Amortization In Income Statement": NaN,
        "Selling General And Administration": NaN,
        "Gross Profit": NaN,
        "Cost Of Revenue": NaN,
        "Total Revenue": NaN,
        "Operating Revenue": NaN
    },
    "2022-06-30": {
        "Tax Effect Of Unusual Items": 0.0,
        "Tax Rate For Calcs": 0.221,
        "Normalized EBITDA": 18610000.0,
        "Total Unusual Items": 0.0,
        "Total Unusual Items Excluding Goodwill": 0.0,
        "Net Income From Continuing Operation Net Minority Interest": 6151000.0,
        "Reconciled Depreciation": 3571000.0,
        "Reconciled Cost Of Revenue": 70633000.0,
        "EBITDA": 18610000.0,
        "EBIT": 15039000.0,
        "Net Interest Income": -7146000.0,
        "Interest Expense": 7146000.0,
        "Normalized Income": 6151000.0,
        "Net Income From Continuing And Discontinued Operation": 6151000.0,
        "Total Expenses": 98254000.0,
        "Total Operating Income As Reported": 15054000.0,
        "Diluted Average Shares": 11721744.0,
        "Basic Average Shares": 11257733.0,
        "Diluted EPS": 0.52,
        "Basic EPS": 0.55,
        "Diluted NI Availto Com Stockholders": 6151000.0,
        "Net Income Common Stockholders": 6151000.0,
        "Net Income": 6151000.0,
        "Net Income Including Noncontrolling Interests": 6151000.0,
        "Net Income Continuous Operations": 6151000.0,
        "Tax Provision": 1742000.0,
        "Pretax Income": 7893000.0,
        "Other Income Expense": -15000.0,
        "Other Non Operating Income Expenses": -15000.0,
        "Special Income Charges": 0.0,
        "Other Special Charges": NaN,
        "Net Non Operating Interest Income Expense": -7146000.0,
        "Total Other Finance Cost": NaN,
        "Interest Expense Non Operating": 7146000.0,
        "Operating Income": 15054000.0,
        "Operating Expense": 25497000.0,
        "Depreciation Amortization Depletion Income Statement": 1447000.0,
        "Depreciation And Amortization In Income Statement": 1447000.0,
        "Selling General And Administration": 24050000.0,
        "Gross Profit": 40551000.0,
        "Cost Of Revenue": 72757000.0,
        "Total Revenue": 113308000.0,
        "Operating Revenue": 113308000.0
    },
    "2022-03-31": {
        "Diluted EPS": 0.51,
        "Total Revenue": 111,
        "Gross Profit": 39,
        "Operating Income": 18,
        "EBIT": 22,
        "Net Income": 6
    },
    "2021-12-31": {
        "Diluted EPS": 0.06,
        "Total Revenue": 93,
        "Gross Profit": 31,
        "Operating Income": 9,
        "EBIT": 13,
        "Net Income": 1
    },
    "2021-09-30": {
        "Diluted EPS": 0.56,
        "Total Revenue": 100,
        "Gross Profit": 38,
        "Operating Income": 17,
        "EBIT": 21,
        "Net Income": 7
    },
    "2021-06-30": {
        "Diluted EPS": 0.53,
        "Total Revenue": 93,
        "Gross Profit": 37,
        "Operating Income": 16,
        "EBIT": 20,
        "Net Income": 6
    },
    "2021-03-31": {
        "Diluted EPS": 0.21,
        "Total Revenue": 89,
        "Gross Profit": 36,
        "Operating Income": 18,
        "EBIT": 23,
        "Net Income": 2
    },
    "2020-12-31": {
        "Diluted EPS": 0.65,
        "Total Revenue": 84,
        "Gross Profit": 31,
        "Operating Income": 12,
        "EBIT": 18,
        "Net Income": 7
    },
    "2020-09-30": {
        "Diluted EPS": 0.52,
        "Total Revenue": 83,
        "Gross Profit": 31,
        "Operating Income": 13,
        "EBIT": 18,
        "Net Income": 6
    },
    "2020-06-30": {
        "Diluted EPS": 0.11,
        "Total Revenue": 71,
        "Gross Profit": 23,
        "Operating Income": 5,
        "EBIT": 10,
        "Net Income": 1
    },
    "2020-03-31": {
        "Diluted EPS": 0.16,
        "Total Revenue": 74,
        "Gross Profit": 26,
        "Operating Income": 8,
        "EBIT": 12,
        "Net Income": 2
    },
    "2019-12-31": {
        "Diluted EPS": -0.27,
        "Total Revenue": 73,
        "Gross Profit": 22,
        "Operating Income": 3,
        "EBIT": 8,
        "Net Income": -3
    },
    "2019-09-30": {
        "Diluted EPS": -0.06,
        "Total Revenue": 72,
        "Gross Profit": 25,
        "Operating Income": 8,
        "EBIT": 13,
        "Net Income": -1
    },
    "2019-06-30": {
        "Diluted EPS": 0.14,
        "Total Revenue": 67,
        "Gross Profit": 22,
        "Operating Income": 10,
        "EBIT": 15,
        "Net Income": 2
    },
    "2019-03-31": {
        "Diluted EPS": -0.27,
        "Total Revenue": 67,
        "Gross Profit": 22,
        "Operating Income": 4,
        "EBIT": 8,
        "Net Income": -3
    },
    "2018-12-31": {
        "Diluted EPS": -0.66,
        "Total Revenue": 69,
        "Gross Profit": 21,
        "Operating Income": 0,
        "EBIT": 4,
        "Net Income": -7
    },
    "2018-09-30": {
        "Diluted EPS": -0.55,
        "Total Revenue": 71,
        "Gross Profit": 23,
        "Operating Income": 5,
        "EBIT": 9,
        "Net Income": -6
    },
    "2018-06-30": {
        "Diluted EPS": -1.5,
        "Total Revenue": 61,
        "Gross Profit": 20,
        "Operating Income": 3,
        "EBIT": 8,
        "Net Income": -17
    },
    "2018-03-31": {
        "Diluted EPS": -0.65,
        "Total Revenue": 55,
        "Gross Profit": 14,
        "Operating Income": -2,
        "EBIT": 3,
        "Net Income": -7
    },
    "2017-12-31": {
        "Diluted EPS": -1.32,
        "Total Revenue": 52,
        "Gross Profit": 16,
        "Operating Income": -22,
        "EBIT": -17,
        "Net Income": -15
    },
    "2017-09-30": {
        "Diluted EPS": -0.06,
        "Total Revenue": 61,
        "Gross Profit": 19,
        "Operating Income": 3,
        "EBIT": 8,
        "Net Income": -1
    },
    "2017-06-30": {
        "Diluted EPS": -0.2,
        "Total Revenue": 55,
        "Gross Profit": 17,
        "Operating Income": 1,
        "EBIT": 5,
        "Net Income": -2
    },
    "2017-03-31": {
        "Diluted EPS": -0.4,
        "Total Revenue": 56,
        "Gross Profit": 16,
        "Operating Income": -2,
        "EBIT": 3,
        "Net Income": -5
    },
    "2016-12-31": {
        "Diluted EPS": -0.32,
        "Total Revenue": 67,
        "Gross Profit": 20,
        "Operating Income": -1,
        "EBIT": 7,
        "Net Income": -4
    },
    "2016-09-30": {
        "Diluted EPS": 0.35,
        "Total Revenue": 81,
        "Gross Profit": 29,
        "Operating Income": 12,
        "EBIT": 16,
        "Net Income": 4
    },
    "2016-06-30": {
        "Diluted EPS": -0.05,
        "Total Revenue": 74,
        "Gross Profit": 23,
        "Operating Income": 5,
        "EBIT": 9,
        "Net Income": 0
    },
    "2016-03-31": {
        "Diluted EPS": 0.5,
        "Total Revenue": 86,
        "Gross Profit": 30,
        "Operating Income": 14,
        "EBIT": 18,
        "Net Income": 6
    },
    "2015-12-31": {
        "Diluted EPS": -0.29,
        "Total Revenue": 94,
        "Gross Profit": 31,
        "Operating Income": 10,
        "EBIT": 19,
        "Net Income": -2
    },
    "2015-09-30": {
        "Diluted EPS": 0.95,
        "Total Revenue": 108,
        "Gross Profit": 43,
        "Operating Income": 26,
        "EBIT": 30,
        "Net Income": 8
    },
    "2015-06-30": {
        "Diluted EPS": -0.1,
        "Total Revenue": 96,
        "Gross Profit": 36,
        "Operating Income": 20,
        "EBIT": 24,
        "Net Income": -1
    },
    "2015-03-31": {
        "Diluted EPS": -0.75,
        "Total Revenue": 77,
        "Gross Profit": 26,
        "Operating Income": 12,
        "EBIT": 16,
        "Net Income": -6
    },
    "2014-12-31": {
        "Diluted EPS": 0.0,
        "Total Revenue": NaN,
        "Gross Profit": NaN,
        "Operating Income": NaN,
        "EBIT": NaN,
        "Net Income": NaN
    },
    "2014-09-30": {
        "Diluted EPS": -0.4,
        "Total Revenue": 77,
        "Gross Profit": 27,
        "Operating Income": 14,
        "EBIT": 14,
        "Net Income": -3
    },
    "2013-12-31": {
        "Diluted EPS": 0.0,
        "Total Revenue": NaN,
        "Gross Profit": NaN,
        "Operating Income": NaN,
        "EBIT": NaN,
        "Net Income": NaN
    },
    "2012-12-31": {
        "Diluted EPS": 0.0,
        "Total Revenue": NaN,
        "Gross Profit": NaN,
        "Operating Income": NaN,
        "EBIT": NaN,
        "Net Income": NaN
    },
    "2023-06-30": {
        "Tax Effect Of Unusual Items": NaN,
        "Tax Rate For Calcs": NaN,
        "Normalized EBITDA": NaN,
        "Total Unusual Items": NaN,
        "Total Unusual Items Excluding Goodwill": NaN,
        "Net Income From Continuing Operation Net Minority Interest": NaN,
        "Reconciled Depreciation": NaN,
        "Reconciled Cost Of Revenue": NaN,
        "EBITDA": NaN,
        "EBIT": NaN,
        "Net Interest Income": NaN,
        "Interest Expense": 6740000.0,
        "Normalized Income": NaN,
        "Net Income From Continuing And Discontinued Operation": NaN,
        "Total Expenses": NaN,
        "Total Operating Income As Reported": NaN,
        "Diluted Average Shares": NaN,
        "Basic Average Shares": NaN,
        "Diluted EPS": NaN,
        "Basic EPS": NaN,
        "Diluted NI Availto Com Stockholders": NaN,
        "Net Income Common Stockholders": NaN,
        "Net Income": NaN,
        "Net Income Including Noncontrolling Interests": NaN,
        "Net Income Continuous Operations": NaN,
        "Tax Provision": NaN,
        "Pretax Income": NaN,
        "Other Income Expense": NaN,
        "Other Non Operating Income Expenses": NaN,
        "Special Income Charges": NaN,
        "Other Special Charges": NaN,
        "Net Non Operating Interest Income Expense": NaN,
        "Total Other Finance Cost": 6740000.0,
        "Interest Expense Non Operating": 6740000.0,
        "Operating Income": NaN,
        "Operating Expense": NaN,
        "Depreciation Amortization Depletion Income Statement": NaN,
        "Depreciation And Amortization In Income Statement": NaN,
        "Selling General And Administration": NaN,
        "Gross Profit": NaN,
        "Cost Of Revenue": NaN,
        "Total Revenue": NaN,
        "Operating Revenue": NaN
    },
    "2023-09-30": {
        "Tax Effect Of Unusual Items": NaN,
        "Tax Rate For Calcs": NaN,
        "Normalized EBITDA": NaN,
        "Total Unusual Items": -25000.0,
        "Total Unusual Items Excluding Goodwill": -25000.0,
        "Net Income From Continuing Operation Net Minority Interest": NaN,
        "Reconciled Depreciation": NaN,
        "Reconciled Cost Of Revenue": NaN,
        "EBITDA": NaN,
        "EBIT": NaN,
        "Net Interest Income": NaN,
        "Interest Expense": 6714000.0,
        "Normalized Income": NaN,
        "Net Income From Continuing And Discontinued Operation": NaN,
        "Total Expenses": NaN,
        "Total Operating Income As Reported": NaN,
        "Diluted Average Shares": NaN,
        "Basic Average Shares": NaN,
        "Diluted EPS": NaN,
        "Basic EPS": NaN,
        "Diluted NI Availto Com Stockholders": NaN,
        "Net Income Common Stockholders": NaN,
        "Net Income": NaN,
        "Net Income Including Noncontrolling Interests": NaN,
        "Net Income Continuous Operations": NaN,
        "Tax Provision": NaN,
        "Pretax Income": NaN,
        "Other Income Expense": NaN,
        "Other Non Operating Income Expenses": NaN,
        "Special Income Charges": -25000.0,
        "Other Special Charges": 25000.0,
        "Net Non Operating Interest Income Expense": NaN,
        "Total Other Finance Cost": NaN,
        "Interest Expense Non Operating": 6714000.0,
        "Operating Income": NaN,
        "Operating Expense": NaN,
        "Depreciation Amortization Depletion Income Statement": NaN,
        "Depreciation And Amortization In Income Statement": NaN,
        "Selling General And Administration": NaN,
        "Gross Profit": NaN,
        "Cost Of Revenue": NaN,
        "Total Revenue": NaN,
        "Operating Revenue": NaN
    },
    "2023-12-31": {
        "Tax Effect Of Unusual Items": NaN,
        "Tax Rate For Calcs": NaN,
        "Normalized EBITDA": NaN,
        "Total Unusual Items": NaN,
        "Total Unusual Items Excluding Goodwill": NaN,
        "Net Income From Continuing Operation Net Minority Interest": NaN,
        "Reconciled Depreciation": NaN,
        "Reconciled Cost Of Revenue": NaN,
        "EBITDA": NaN,
        "EBIT": NaN,
        "Net Interest Income": NaN,
        "Interest Expense": 6678000.0,
        "Normalized Income": NaN,
        "Net Income From Continuing And Discontinued Operation": NaN,
        "Total Expenses": NaN,
        "Total Operating Income As Reported": NaN,
        "Diluted Average Shares": NaN,
        "Basic Average Shares": NaN,
        "Diluted EPS": NaN,
        "Basic EPS": NaN,
        "Diluted NI Availto Com Stockholders": NaN,
        "Net Income Common Stockholders": NaN,
        "Net Income": NaN,
        "Net Income Including Noncontrolling Interests": NaN,
        "Net Income Continuous Operations": NaN,
        "Tax Provision": NaN,
        "Pretax Income": NaN,
        "Other Income Expense": NaN,
        "Other Non Operating Income Expenses": NaN,
        "Special Income Charges": NaN,
        "Other Special Charges": NaN,
        "Net Non Operating Interest Income Expense": NaN,
        "Total Other Finance Cost": NaN,
        "Interest Expense Non Operating": 6678000.0,
        "Operating Income": NaN,
        "Operating Expense": NaN,
        "Depreciation Amortization Depletion Income Statement": NaN,
        "Depreciation And Amortization In Income Statement": NaN,
        "Selling General And Administration": NaN,
        "Gross Profit": NaN,
        "Cost Of Revenue": NaN,
        "Total Revenue": NaN,
        "Operating Revenue": NaN
    },
    "2024-03-31": {
        "Tax Effect Of Unusual Items": NaN,
        "Tax Rate For Calcs": NaN,
        "Normalized EBITDA": NaN,
        "Total Unusual Items": NaN,
        "Total Unusual Items Excluding Goodwill": NaN,
        "Net Income From Continuing Operation Net Minority Interest": NaN,
        "Reconciled Depreciation": NaN,
        "Reconciled Cost Of Revenue": NaN,
        "EBITDA": NaN,
        "EBIT": NaN,
        "Net Interest Income": NaN,
        "Interest Expense": 6425000.0,
        "Normalized Income": NaN,
        "Net Income From Continuing And Discontinued Operation": NaN,
        "Total Expenses": NaN,
        "Total Operating Income As Reported": NaN,
        "Diluted Average Shares": NaN,
        "Basic Average Shares": NaN,
        "Diluted EPS": NaN,
        "Basic EPS": NaN,
        "Diluted NI Availto Com Stockholders": NaN,
        "Net Income Common Stockholders": NaN,
        "Net Income": NaN,
        "Net Income Including Noncontrolling Interests": NaN,
        "Net Income Continuous Operations": NaN,
        "Tax Provision": NaN,
        "Pretax Income": NaN,
        "Other Income Expense": NaN,
        "Other Non Operating Income Expenses": NaN,
        "Special Income Charges": NaN,
        "Other Special Charges": NaN,
        "Net Non Operating Interest Income Expense": NaN,
        "Total Other Finance Cost": 6425000.0,
        "Interest Expense Non Operating": 6425000.0,
        "Operating Income": NaN,
        "Operating Expense": NaN,
        "Depreciation Amortization Depletion Income Statement": NaN,
        "Depreciation And Amortization In Income Statement": NaN,
        "Selling General And Administration": NaN,
        "Gross Profit": NaN,
        "Cost Of Revenue": NaN,
        "Total Revenue": NaN,
        "Operating Revenue": NaN
    },
    "2024-06-30": {
        "Tax Effect Of Unusual Items": NaN,
        "Tax Rate For Calcs": NaN,
        "Normalized EBITDA": NaN,
        "Total Unusual Items": NaN,
        "Total Unusual Items Excluding Goodwill": NaN,
        "Net Income From Continuing Operation Net Minority Interest": NaN,
        "Reconciled Depreciation": NaN,
        "Reconciled Cost Of Revenue": NaN,
        "EBITDA": NaN,
        "EBIT": NaN,
        "Net Interest Income": NaN,
        "Interest Expense": NaN,
        "Normalized Income": NaN,
        "Net Income From Continuing And Discontinued Operation": NaN,
        "Total Expenses": NaN,
        "Total Operating Income As Reported": NaN,
        "Diluted Average Shares": NaN,
        "Basic Average Shares": NaN,
        "Diluted EPS": NaN,
        "Basic EPS": NaN,
        "Diluted NI Availto Com Stockholders": NaN,
        "Net Income Common Stockholders": NaN,
        "Net Income": NaN,
        "Net Income Including Noncontrolling Interests": NaN,
        "Net Income Continuous Operations": NaN,
        "Tax Provision": NaN,
        "Pretax Income": NaN,
        "Other Income Expense": NaN,
        "Other Non Operating Income Expenses": NaN,
        "Special Income Charges": NaN,
        "Other Special Charges": NaN,
        "Net Non Operating Interest Income Expense": NaN,
        "Total Other Finance Cost": 6530000.0,
        "Interest Expense Non Operating": NaN,
        "Operating Income": NaN,
        "Operating Expense": NaN,
        "Depreciation Amortization Depletion Income Statement": NaN,
        "Depreciation And Amortization In Income Statement": NaN,
        "Selling General And Administration": NaN,
        "Gross Profit": NaN,
        "Cost Of Revenue": NaN,
        "Total Revenue": NaN,
        "Operating Revenue": NaN
    },
    "2024-09-30": {
        "Tax Effect Of Unusual Items": -627270.0,
        "Tax Rate For Calcs": 0.21,
        "Normalized EBITDA": 21417000.0,
        "Total Unusual Items": -2987000.0,
        "Total Unusual Items Excluding Goodwill": -2987000.0,
        "Net Income From Continuing Operation Net Minority Interest": 1293000.0,
        "Reconciled Depreciation": 4153000.0,
        "Reconciled Cost Of Revenue": 77126000.0,
        "EBITDA": 18430000.0,
        "EBIT": 14277000.0,
        "Net Interest Income": -13458000.0,
        "Interest Expense": 13458000.0,
        "Normalized Income": 3652730.0,
        "Net Income From Continuing And Discontinued Operation": 1293000.0,
        "Total Expenses": 106953000.0,
        "Total Operating Income As Reported": 17798000.0,
        "Diluted Average Shares": 11872783.0,
        "Basic Average Shares": 11107126.0,
        "Diluted EPS": 0.11,
        "Basic EPS": 0.12,
        "Diluted NI Availto Com Stockholders": 1293000.0,
        "Net Income Common Stockholders": 1293000.0,
        "Net Income": 1293000.0,
        "Net Income Including Noncontrolling Interests": 1293000.0,
        "Net Income Continuous Operations": 1293000.0,
        "Tax Provision": -474000.0,
        "Pretax Income": 819000.0,
        "Other Income Expense": -3521000.0,
        "Other Non Operating Income Expenses": -534000.0,
        "Special Income Charges": -2987000.0,
        "Other Special Charges": 2987000.0,
        "Net Non Operating Interest Income Expense": -13458000.0,
        "Total Other Finance Cost": NaN,
        "Interest Expense Non Operating": 13458000.0,
        "Operating Income": 17798000.0,
        "Operating Expense": 26900000.0,
        "Depreciation Amortization Depletion Income Statement": 1226000.0,
        "Depreciation And Amortization In Income Statement": 1226000.0,
        "Selling General And Administration": 25674000.0,
        "Gross Profit": 44698000.0,
        "Cost Of Revenue": 80053000.0,
        "Total Revenue": 124751000.0,
        "Operating Revenue": 124751000.0
    },
    "2024-12-31": {
        "Tax Effect Of Unusual Items": 0.0,
        "Tax Rate For Calcs": 0.17935,
        "Normalized EBITDA": 23806000.0,
        "Total Unusual Items": 0.0,
        "Total Unusual Items Excluding Goodwill": 0.0,
        "Net Income From Continuing Operation Net Minority Interest": 6772000.0,
        "Reconciled Depreciation": 4202000.0,
        "Reconciled Cost Of Revenue": 79495000.0,
        "EBITDA": 23806000.0,
        "EBIT": 19604000.0,
        "Net Interest Income": -7674000.0,
        "Interest Expense": NaN,
        "Normalized Income": 6772000.0,
        "Net Income From Continuing And Discontinued Operation": 6772000.0,
        "Total Expenses": 109156000.0,
        "Total Operating Income As Reported": 15940000.0,
        "Diluted Average Shares": 11926466.0,
        "Basic Average Shares": 11186797.0,
        "Diluted EPS": 0.57,
        "Basic EPS": 0.61,
        "Diluted NI Availto Com Stockholders": 6772000.0,
        "Net Income Common Stockholders": 6772000.0,
        "Net Income": 6772000.0,
        "Net Income Including Noncontrolling Interests": 6772000.0,
        "Net Income Continuous Operations": 6772000.0,
        "Tax Provision": 1480000.0,
        "Pretax Income": 8252000.0,
        "Other Income Expense": -14000.0,
        "Other Non Operating Income Expenses": -14000.0,
        "Special Income Charges": 0.0,
        "Other Special Charges": 0.0,
        "Net Non Operating Interest Income Expense": -7674000.0,
        "Total Other Finance Cost": NaN,
        "Interest Expense Non Operating": NaN,
        "Operating Income": 15940000.0,
        "Operating Expense": 26675000.0,
        "Depreciation Amortization Depletion Income Statement": 1216000.0,
        "Depreciation And Amortization In Income Statement": 1216000.0,
        "Selling General And Administration": 25459000.0,
        "Gross Profit": 42615000.0,
        "Cost Of Revenue": 82481000.0,
        "Total Revenue": 125096000.0,
        "Operating Revenue": 125096000.0
    },
    "2025-03-31": {
        "Tax Effect Of Unusual Items": 0.0,
        "Tax Rate For Calcs": 0.258,
        "Normalized EBITDA": 18351000.0,
        "Total Unusual Items": NaN,
        "Total Unusual Items Excluding Goodwill": NaN,
        "Net Income From Continuing Operation Net Minority Interest": 4774000.0,
        "Reconciled Depreciation": 4247000.0,
        "Reconciled Cost Of Revenue": 78915000.0,
        "EBITDA": 18351000.0,
        "EBIT": 14104000.0,
        "Net Interest Income": -7685000.0,
        "Interest Expense": NaN,
        "Normalized Income": 4774000.0,
        "Net Income From Continuing And Discontinued Operation": 4774000.0,
        "Total Expenses": 108657000.0,
        "Total Operating Income As Reported": 14104000.0,
        "Diluted Average Shares": 12008523.0,
        "Basic Average Shares": 11245844.0,
        "Diluted EPS": 0.4,
        "Basic EPS": 0.42,
        "Diluted NI Availto Com Stockholders": 4774000.0,
        "Net Income Common Stockholders": 4774000.0,
        "Net Income": 4774000.0,
        "Net Income Including Noncontrolling Interests": 4774000.0,
        "Net Income Continuous Operations": 4774000.0,
        "Tax Provision": 1663000.0,
        "Pretax Income": 6437000.0,
        "Other Income Expense": 18000.0,
        "Other Non Operating Income Expenses": 18000.0,
        "Special Income Charges": NaN,
        "Other Special Charges": NaN,
        "Net Non Operating Interest Income Expense": -7685000.0,
        "Total Other Finance Cost": 7685000.0,
        "Interest Expense Non Operating": NaN,
        "Operating Income": 14104000.0,
        "Operating Expense": 26592000.0,
        "Depreciation Amortization Depletion Income Statement": 1097000.0,
        "Depreciation And Amortization In Income Statement": 1097000.0,
        "Selling General And Administration": 25495000.0,
        "Gross Profit": 40696000.0,
        "Cost Of Revenue": 82065000.0,
        "Total Revenue": 122761000.0,
        "Operating Revenue": 122761000.0
    },
    "2025-06-30": {
        "Tax Effect Of Unusual Items": 0.0,
        "Tax Rate For Calcs": 0.21,
        "Normalized EBITDA": 14938000.0,
        "Total Unusual Items": NaN,
        "Total Unusual Items Excluding Goodwill": NaN,
        "Net Income From Continuing Operation Net Minority Interest": 518000.0,
        "Reconciled Depreciation": 5515000.0,
        "Reconciled Cost Of Revenue": 85524000.0,
        "EBITDA": 14938000.0,
        "EBIT": 9423000.0,
        "Net Interest Income": -8069000.0,
        "Interest Expense": NaN,
        "Normalized Income": 518000.0,
        "Net Income From Continuing And Discontinued Operation": 518000.0,
        "Total Expenses": 120330000.0,
        "Total Operating Income As Reported": 9423000.0,
        "Diluted Average Shares": 11927943.0,
        "Basic Average Shares": 11297785.0,
        "Diluted EPS": 0.04,
        "Basic EPS": 0.05,
        "Diluted NI Availto Com Stockholders": 518000.0,
        "Net Income Common Stockholders": 518000.0,
        "Net Income": 518000.0,
        "Net Income Including Noncontrolling Interests": 518000.0,
        "Net Income Continuous Operations": 518000.0,
        "Tax Provision": 823000.0,
        "Pretax Income": 1341000.0,
        "Other Income Expense": -13000.0,
        "Other Non Operating Income Expenses": -13000.0,
        "Special Income Charges": NaN,
        "Other Special Charges": NaN,
        "Net Non Operating Interest Income Expense": -8069000.0,
        "Total Other Finance Cost": 8069000.0,
        "Interest Expense Non Operating": NaN,
        "Operating Income": 9423000.0,
        "Operating Expense": 30697000.0,
        "Depreciation Amortization Depletion Income Statement": 1406000.0,
        "Depreciation And Amortization In Income Statement": 1406000.0,
        "Selling General And Administration": 29291000.0,
        "Gross Profit": 40120000.0,
        "Cost Of Revenue": 89633000.0,
        "Total Revenue": 129753000.0,
        "Operating Revenue": 129753000.0
    },
    "2025-09-30": {
        "Tax Effect Of Unusual Items": -110030.724018,
        "Tax Rate For Calcs": 0.383382,
        "Normalized EBITDA": 18891000.0,
        "Total Unusual Items": -287000.0,
        "Total Unusual Items Excluding Goodwill": -287000.0,
        "Net Income From Continuing Operation Net Minority Interest": 2308000.0,
        "Reconciled Depreciation": 6115000.0,
        "Reconciled Cost Of Revenue": 92362000.0,
        "EBITDA": 18604000.0,
        "EBIT": 12489000.0,
        "Net Interest Income": -8746000.0,
        "Interest Expense": 8746000.0,
        "Normalized Income": 2484969.275982,
        "Net Income From Continuing And Discontinued Operation": 2308000.0,
        "Total Expenses": 124948000.0,
        "Total Operating Income As Reported": 13018000.0,
        "Diluted Average Shares": 11853630.0,
        "Basic Average Shares": 11353329.0,
        "Diluted EPS": 0.19,
        "Basic EPS": 0.2,
        "Diluted NI Availto Com Stockholders": 2308000.0,
        "Net Income Common Stockholders": 2308000.0,
        "Net Income": 2308000.0,
        "Net Income Including Noncontrolling Interests": 2308000.0,
        "Net Income Continuous Operations": 2308000.0,
        "Tax Provision": 1435000.0,
        "Pretax Income": 3743000.0,
        "Other Income Expense": -529000.0,
        "Other Non Operating Income Expenses": -242000.0,
        "Special Income Charges": -287000.0,
        "Other Special Charges": 287000.0,
        "Net Non Operating Interest Income Expense": -8746000.0,
        "Total Other Finance Cost": NaN,
        "Interest Expense Non Operating": 8746000.0,
        "Operating Income": 13018000.0,
        "Operating Expense": 27975000.0,
        "Depreciation Amortization Depletion Income Statement": 1504000.0,
        "Depreciation And Amortization In Income Statement": 1504000.0,
        "Selling General And Administration": 26471000.0,
        "Gross Profit": 40993000.0,
        "Cost Of Revenue": 96973000.0,
        "Total Revenue": 137966000.0,
        "Operating Revenue": 137966000.0
    }
}