{
    "2023-03-31": {
        "Tax Effect Of Unusual Items": NaN,
        "Tax Rate For Calcs": NaN,
        "Total Unusual Items": -27000.0,
        "Total Unusual Items Excluding Goodwill": -27000.0,
        "Net Income From Continuing Operation Net Minority Interest": NaN,
        "Reconciled Depreciation": NaN,
        "Net Interest Income": NaN,
        "Interest Expense": NaN,
        "Interest Income": NaN,
        "Normalized Income": NaN,
        "Net Income From Continuing And Discontinued Operation": NaN,
        "Diluted Average Shares": NaN,
        "Basic Average Shares": NaN,
        "Diluted EPS": NaN,
        "Basic EPS": NaN,
        "Diluted NI Availto Com Stockholders": NaN,
        "Net Income Common Stockholders": NaN,
        "Net Income": NaN,
        "Net Income Including Noncontrolling Interests": NaN,
        "Net Income Continuous Operations": NaN,
        "Tax Provision": NaN,
        "Pretax Income": NaN,
        "Special Income Charges": -27000.0,
        "Restructuring And Mergern Acquisition": 27000.0,
        "Gain On Sale Of Security": NaN,
        "Selling General And Administration": NaN,
        "Selling And Marketing Expense": NaN,
        "General And Administrative Expense": NaN,
        "Other Gand A": 294000.0,
        "Insurance And Claims": NaN,
        "Salaries And Wages": NaN,
        "Total Revenue": NaN,
        "Operating Revenue": NaN,
        "Occupancy And Equipment": NaN,
        "Professional Expense And Contract Services Expense": NaN,
        "Other Non Interest Expense": NaN
    },
    "2022-12-31": {
        "Tax Effect Of Unusual Items": NaN,
        "Tax Rate For Calcs": NaN,
        "Total Unusual Items": -2000.0,
        "Total Unusual Items Excluding Goodwill": -2000.0,
        "Net Income From Continuing Operation Net Minority Interest": NaN,
        "Reconciled Depreciation": NaN,
        "Net Interest Income": NaN,
        "Interest Expense": NaN,
        "Interest Income": NaN,
        "Normalized Income": NaN,
        "Net Income From Continuing And Discontinued Operation": NaN,
        "Diluted Average Shares": NaN,
        "Basic Average Shares": NaN,
        "Diluted EPS": NaN,
        "Basic EPS": NaN,
        "Diluted NI Availto Com Stockholders": NaN,
        "Net Income Common Stockholders": NaN,
        "Net Income": NaN,
        "Net Income Including Noncontrolling Interests": NaN,
        "Net Income Continuous Operations": NaN,
        "Tax Provision": NaN,
        "Pretax Income": NaN,
        "Special Income Charges": -2000.0,
        "Restructuring And Mergern Acquisition": 2000.0,
        "Gain On Sale Of Security": NaN,
        "Selling General And Administration": NaN,
        "Selling And Marketing Expense": NaN,
        "General And Administrative Expense": NaN,
        "Other Gand A": NaN,
        "Insurance And Claims": NaN,
        "Salaries And Wages": NaN,
        "Total Revenue": NaN,
        "Operating Revenue": NaN,
        "Occupancy And Equipment": NaN,
        "Professional Expense And Contract Services Expense": NaN,
        "Other Non Interest Expense": NaN
    },
    "2022-09-30": {
        "Tax Effect Of Unusual Items": NaN,
        "Tax Rate For Calcs": NaN,
        "Total Unusual Items": -50000.0,
        "Total Unusual Items Excluding Goodwill": -50000.0,
        "Net Income From Continuing Operation Net Minority Interest": NaN,
        "Reconciled Depreciation": NaN,
        "Net Interest Income": NaN,
        "Interest Expense": NaN,
        "Interest Income": NaN,
        "Normalized Income": NaN,
        "Net Income From Continuing And Discontinued Operation": NaN,
        "Diluted Average Shares": NaN,
        "Basic Average Shares": NaN,
        "Diluted EPS": NaN,
        "Basic EPS": NaN,
        "Diluted NI Availto Com Stockholders": NaN,
        "Net Income Common Stockholders": NaN,
        "Net Income": NaN,
        "Net Income Including Noncontrolling Interests": NaN,
        "Net Income Continuous Operations": NaN,
        "Tax Provision": NaN,
        "Pretax Income": NaN,
        "Special Income Charges": -50000.0,
        "Restructuring And Mergern Acquisition": 50000.0,
        "Gain On Sale Of Security": NaN,
        "Selling General And Administration": NaN,
        "Selling And Marketing Expense": NaN,
        "General And Administrative Expense": NaN,
        "Other Gand A": 297000.0,
        "Insurance And Claims": NaN,
        "Salaries And Wages": NaN,
        "Total Revenue": NaN,
        "Operating Revenue": NaN
    },
    "2022-06-30": {
        "Tax Effect Of Unusual Items": 0.0,
        "Tax Rate For Calcs": 0.273406,
        "Total Unusual Items": -29000.0,
        "Total Unusual Items Excluding Goodwill": -29000.0,
        "Net Income From Continuing Operation Net Minority Interest": 1265000.0,
        "Reconciled Depreciation": 361000.0,
        "Net Interest Income": 7655000.0,
        "Interest Expense": 1967000.0,
        "Interest Income": 9622000.0,
        "Normalized Income": 1265000.0,
        "Net Income From Continuing And Discontinued Operation": 1265000.0,
        "Diluted Average Shares": 3967079.0,
        "Basic Average Shares": 3957260.0,
        "Diluted EPS": 0.32,
        "Basic EPS": 0.32,
        "Diluted NI Availto Com Stockholders": 1265000.0,
        "Net Income Common Stockholders": 1265000.0,
        "Net Income": 1265000.0,
        "Net Income Including Noncontrolling Interests": 1265000.0,
        "Net Income Continuous Operations": 1265000.0,
        "Tax Provision": 476000.0,
        "Pretax Income": 1741000.0,
        "Special Income Charges": -29000.0,
        "Restructuring And Mergern Acquisition": 29000.0,
        "Gain On Sale Of Security": 0.0,
        "Selling General And Administration": 4195000.0,
        "Selling And Marketing Expense": 73000.0,
        "General And Administrative Expense": 4122000.0,
        "Other Gand A": 283000.0,
        "Insurance And Claims": 76000.0,
        "Salaries And Wages": 3763000.0,
        "Total Revenue": 8476000.0,
        "Operating Revenue": 8476000.0
    },
    "2022-03-31": {
        "Diluted EPS": 0.2,
        "Total Revenue": 9,
        "Gross Profit": 8,
        "Operating Income": 1,
        "EBIT": NaN,
        "Net Income": 1
    },
    "2021-12-31": {
        "Diluted EPS": 0.47,
        "Total Revenue": 11,
        "Gross Profit": 9,
        "Operating Income": 1,
        "EBIT": NaN,
        "Net Income": 2
    },
    "2021-09-30": {
        "Diluted EPS": 0.34,
        "Total Revenue": 9,
        "Gross Profit": 7,
        "Operating Income": 2,
        "EBIT": NaN,
        "Net Income": 1
    },
    "2021-06-30": {
        "Diluted EPS": 0.26,
        "Total Revenue": 9,
        "Gross Profit": 7,
        "Operating Income": 1,
        "EBIT": NaN,
        "Net Income": 1
    },
    "2021-03-31": {
        "Diluted EPS": 0.22,
        "Total Revenue": 9,
        "Gross Profit": 7,
        "Operating Income": 1,
        "EBIT": NaN,
        "Net Income": 1
    },
    "2020-12-31": {
        "Diluted EPS": -0.36,
        "Total Revenue": 9,
        "Gross Profit": 7,
        "Operating Income": -1,
        "EBIT": NaN,
        "Net Income": -1
    },
    "2020-09-30": {
        "Diluted EPS": -0.02,
        "Total Revenue": 10,
        "Gross Profit": 7,
        "Operating Income": 0,
        "EBIT": NaN,
        "Net Income": 0
    },
    "2020-06-30": {
        "Diluted EPS": -0.32,
        "Total Revenue": 10,
        "Gross Profit": 6,
        "Operating Income": -2,
        "EBIT": NaN,
        "Net Income": -1
    },
    "2020-03-31": {
        "Diluted EPS": -0.27,
        "Total Revenue": 11,
        "Gross Profit": 7,
        "Operating Income": -1,
        "EBIT": NaN,
        "Net Income": -1
    },
    "2019-12-31": {
        "Diluted EPS": -0.39,
        "Total Revenue": 11,
        "Gross Profit": 7,
        "Operating Income": -2,
        "EBIT": NaN,
        "Net Income": -2
    },
    "2019-09-30": {
        "Diluted EPS": 0.01,
        "Total Revenue": 12,
        "Gross Profit": 7,
        "Operating Income": 0,
        "EBIT": NaN,
        "Net Income": 0
    },
    "2019-06-30": {
        "Diluted EPS": -0.42,
        "Total Revenue": 12,
        "Gross Profit": 7,
        "Operating Income": -2,
        "EBIT": NaN,
        "Net Income": -2
    },
    "2019-03-31": {
        "Diluted EPS": 0.08,
        "Total Revenue": 11,
        "Gross Profit": 7,
        "Operating Income": 0,
        "EBIT": NaN,
        "Net Income": 0
    },
    "2018-12-31": {
        "Diluted EPS": 0.09,
        "Total Revenue": 11,
        "Gross Profit": 8,
        "Operating Income": 0,
        "EBIT": NaN,
        "Net Income": 0
    },
    "2018-09-30": {
        "Diluted EPS": 0.2,
        "Total Revenue": 11,
        "Gross Profit": 7,
        "Operating Income": 1,
        "EBIT": NaN,
        "Net Income": 1
    },
    "2018-06-30": {
        "Diluted EPS": 0.26,
        "Total Revenue": 10,
        "Gross Profit": 7,
        "Operating Income": 2,
        "EBIT": NaN,
        "Net Income": 1
    },
    "2018-03-31": {
        "Diluted EPS": 0.27,
        "Total Revenue": 10,
        "Gross Profit": 7,
        "Operating Income": 1,
        "EBIT": NaN,
        "Net Income": 1
    },
    "2017-12-31": {
        "Diluted EPS": 0.15,
        "Total Revenue": 9,
        "Gross Profit": 7,
        "Operating Income": 1,
        "EBIT": NaN,
        "Net Income": 1
    },
    "2017-09-30": {
        "Diluted EPS": 0.26,
        "Total Revenue": 9,
        "Gross Profit": 7,
        "Operating Income": 2,
        "EBIT": NaN,
        "Net Income": 1
    },
    "2017-06-30": {
        "Diluted EPS": 0.21,
        "Total Revenue": 8,
        "Gross Profit": 7,
        "Operating Income": 1,
        "EBIT": NaN,
        "Net Income": 1
    },
    "2017-03-31": {
        "Diluted EPS": 0.44,
        "Total Revenue": 7,
        "Gross Profit": 6,
        "Operating Income": 3,
        "EBIT": NaN,
        "Net Income": 2
    },
    "2016-12-31": {
        "Diluted EPS": 0.27,
        "Total Revenue": 7,
        "Gross Profit": 6,
        "Operating Income": 2,
        "EBIT": NaN,
        "Net Income": 1
    },
    "2016-09-30": {
        "Diluted EPS": 0.21,
        "Total Revenue": 7,
        "Gross Profit": 6,
        "Operating Income": 1,
        "EBIT": NaN,
        "Net Income": 1
    },
    "2016-06-30": {
        "Diluted EPS": -0.15,
        "Total Revenue": 6,
        "Gross Profit": 6,
        "Operating Income": -1,
        "EBIT": NaN,
        "Net Income": -1
    },
    "2016-03-31": {
        "Diluted EPS": 0.16,
        "Total Revenue": 7,
        "Gross Profit": 6,
        "Operating Income": 1,
        "EBIT": NaN,
        "Net Income": 1
    },
    "2015-12-31": {
        "Diluted EPS": 0.14,
        "Total Revenue": 6,
        "Gross Profit": 5,
        "Operating Income": 1,
        "EBIT": NaN,
        "Net Income": 1
    },
    "2015-09-30": {
        "Diluted EPS": 0.16,
        "Total Revenue": 6,
        "Gross Profit": 6,
        "Operating Income": 1,
        "EBIT": NaN,
        "Net Income": 1
    },
    "2015-06-30": {
        "Diluted EPS": 0.18,
        "Total Revenue": 7,
        "Gross Profit": 6,
        "Operating Income": 1,
        "EBIT": NaN,
        "Net Income": 1
    },
    "2015-03-31": {
        "Diluted EPS": 0.07,
        "Total Revenue": 6,
        "Gross Profit": 5,
        "Operating Income": 0,
        "EBIT": NaN,
        "Net Income": 0
    },
    "2014-12-31": {
        "Diluted EPS": -0.62,
        "Total Revenue": 6,
        "Gross Profit": 5,
        "Operating Income": 0,
        "EBIT": NaN,
        "Net Income": -2
    },
    "2014-09-30": {
        "Diluted EPS": 4.45,
        "Total Revenue": 6,
        "Gross Profit": 5,
        "Operating Income": 0,
        "EBIT": NaN,
        "Net Income": 17
    },
    "2014-06-30": {
        "Diluted EPS": 0.14,
        "Total Revenue": 5,
        "Gross Profit": 5,
        "Operating Income": 1,
        "EBIT": NaN,
        "Net Income": 1
    },
    "2014-03-31": {
        "Diluted EPS": 0.08,
        "Total Revenue": 5,
        "Gross Profit": 5,
        "Operating Income": 0,
        "EBIT": NaN,
        "Net Income": 0
    },
    "2013-12-31": {
        "Diluted EPS": 0.2,
        "Total Revenue": 6,
        "Gross Profit": 5,
        "Operating Income": 1,
        "EBIT": NaN,
        "Net Income": 1
    },
    "2013-09-30": {
        "Diluted EPS": -0.6,
        "Total Revenue": 6,
        "Gross Profit": 5,
        "Operating Income": -2,
        "EBIT": NaN,
        "Net Income": -2
    },
    "2013-06-30": {
        "Diluted EPS": -1.0,
        "Total Revenue": 6,
        "Gross Profit": 5,
        "Operating Income": -4,
        "EBIT": NaN,
        "Net Income": -4
    },
    "2013-03-31": {
        "Diluted EPS": -0.5,
        "Total Revenue": 6,
        "Gross Profit": 4,
        "Operating Income": -2,
        "EBIT": NaN,
        "Net Income": -2
    },
    "2012-12-31": {
        "Diluted EPS": -0.34,
        "Total Revenue": 6,
        "Gross Profit": 5,
        "Operating Income": -1,
        "EBIT": NaN,
        "Net Income": -1
    },
    "2012-09-30": {
        "Diluted EPS": 0.0,
        "Total Revenue": 7,
        "Gross Profit": 6,
        "Operating Income": 0,
        "EBIT": NaN,
        "Net Income": 0
    },
    "2012-06-30": {
        "Diluted EPS": 0.1,
        "Total Revenue": 7,
        "Gross Profit": 5,
        "Operating Income": 0,
        "EBIT": NaN,
        "Net Income": 0
    },
    "2012-03-31": {
        "Diluted EPS": 0.1,
        "Total Revenue": 8,
        "Gross Profit": 6,
        "Operating Income": 1,
        "EBIT": NaN,
        "Net Income": 1
    },
    "2011-12-31": {
        "Diluted EPS": 0.1,
        "Total Revenue": 8,
        "Gross Profit": 6,
        "Operating Income": 0,
        "EBIT": NaN,
        "Net Income": 0
    },
    "2011-09-30": {
        "Diluted EPS": 0.1,
        "Total Revenue": 8,
        "Gross Profit": 6,
        "Operating Income": 0,
        "EBIT": NaN,
        "Net Income": 0
    },
    "2011-06-30": {
        "Diluted EPS": -1.9,
        "Total Revenue": 8,
        "Gross Profit": 6,
        "Operating Income": -4,
        "EBIT": NaN,
        "Net Income": -7
    },
    "2011-03-31": {
        "Diluted EPS": -2.3,
        "Total Revenue": 8,
        "Gross Profit": 6,
        "Operating Income": -9,
        "EBIT": NaN,
        "Net Income": -9
    },
    "2010-12-31": {
        "Diluted EPS": 10.8,
        "Total Revenue": 9,
        "Gross Profit": 6,
        "Operating Income": -4,
        "EBIT": NaN,
        "Net Income": -4
    },
    "2010-09-30": {
        "Diluted EPS": -14.3,
        "Total Revenue": 9,
        "Gross Profit": 6,
        "Operating Income": -7,
        "EBIT": NaN,
        "Net Income": -7
    },
    "2010-06-30": {
        "Diluted EPS": -2.9,
        "Total Revenue": 10,
        "Gross Profit": 6,
        "Operating Income": -1,
        "EBIT": NaN,
        "Net Income": -1
    },
    "2010-03-31": {
        "Diluted EPS": -6.6,
        "Total Revenue": 10,
        "Gross Profit": 7,
        "Operating Income": -3,
        "EBIT": NaN,
        "Net Income": -3
    },
    "2009-12-31": {
        "Diluted EPS": -8.8,
        "Total Revenue": 10,
        "Gross Profit": 5,
        "Operating Income": -8,
        "EBIT": NaN,
        "Net Income": -4
    },
    "2009-09-30": {
        "Diluted EPS": -29.3,
        "Total Revenue": 11,
        "Gross Profit": 5,
        "Operating Income": -4,
        "EBIT": NaN,
        "Net Income": -14
    },
    "2009-06-30": {
        "Diluted EPS": -9.8,
        "Total Revenue": 12,
        "Gross Profit": 5,
        "Operating Income": -8,
        "EBIT": NaN,
        "Net Income": -5
    },
    "2009-03-31": {
        "Diluted EPS": -2.3,
        "Total Revenue": 13,
        "Gross Profit": 7,
        "Operating Income": -1,
        "EBIT": NaN,
        "Net Income": -1
    },
    "2023-06-30": {
        "Tax Effect Of Unusual Items": NaN,
        "Tax Rate For Calcs": NaN,
        "Total Unusual Items": -66000.0,
        "Total Unusual Items Excluding Goodwill": -66000.0,
        "Net Income From Continuing Operation Net Minority Interest": NaN,
        "Reconciled Depreciation": NaN,
        "Net Interest Income": NaN,
        "Interest Expense": NaN,
        "Interest Income": NaN,
        "Normalized Income": NaN,
        "Net Income From Continuing And Discontinued Operation": NaN,
        "Diluted Average Shares": 3900000.0,
        "Basic Average Shares": 3900000.0,
        "Diluted EPS": -0.14,
        "Basic EPS": -0.14,
        "Diluted NI Availto Com Stockholders": NaN,
        "Net Income Common Stockholders": NaN,
        "Net Income": NaN,
        "Net Income Including Noncontrolling Interests": NaN,
        "Net Income Continuous Operations": NaN,
        "Tax Provision": NaN,
        "Pretax Income": NaN,
        "Special Income Charges": -66000.0,
        "Restructuring And Mergern Acquisition": 66000.0,
        "Gain On Sale Of Security": NaN,
        "Selling General And Administration": NaN,
        "Selling And Marketing Expense": NaN,
        "General And Administrative Expense": NaN,
        "Other Gand A": 316000.0,
        "Insurance And Claims": NaN,
        "Salaries And Wages": NaN,
        "Total Revenue": NaN,
        "Operating Revenue": NaN,
        "Occupancy And Equipment": NaN,
        "Professional Expense And Contract Services Expense": NaN,
        "Other Non Interest Expense": NaN
    },
    "2023-09-30": {
        "Tax Effect Of Unusual Items": NaN,
        "Tax Rate For Calcs": NaN,
        "Net Income From Continuing Operation Net Minority Interest": NaN,
        "Reconciled Depreciation": NaN,
        "Net Interest Income": NaN,
        "Interest Expense": NaN,
        "Interest Income": NaN,
        "Normalized Income": NaN,
        "Net Income From Continuing And Discontinued Operation": NaN,
        "Diluted Average Shares": 3965186.0,
        "Basic Average Shares": 3965186.0,
        "Diluted EPS": -0.95,
        "Basic EPS": -0.95,
        "Diluted NI Availto Com Stockholders": NaN,
        "Net Income Common Stockholders": NaN,
        "Net Income": NaN,
        "Net Income Including Noncontrolling Interests": NaN,
        "Net Income Continuous Operations": NaN,
        "Tax Provision": NaN,
        "Pretax Income": NaN,
        "Gain On Sale Of Security": NaN,
        "Selling General And Administration": NaN,
        "Selling And Marketing Expense": NaN,
        "General And Administrative Expense": NaN,
        "Other Gand A": NaN,
        "Insurance And Claims": NaN,
        "Salaries And Wages": NaN,
        "Total Revenue": NaN,
        "Operating Revenue": NaN,
        "Occupancy And Equipment": NaN,
        "Professional Expense And Contract Services Expense": NaN,
        "Other Non Interest Expense": NaN
    },
    "2023-12-31": {
        "Tax Effect Of Unusual Items": 0.0,
        "Tax Rate For Calcs": 0.288522,
        "Net Income From Continuing Operation Net Minority Interest": 905000.0,
        "Reconciled Depreciation": 322000.0,
        "Net Interest Income": 6161000.0,
        "Interest Expense": 8683000.0,
        "Interest Income": 14844000.0,
        "Normalized Income": 905000.0,
        "Net Income From Continuing And Discontinued Operation": 905000.0,
        "Diluted Average Shares": NaN,
        "Basic Average Shares": NaN,
        "Diluted EPS": NaN,
        "Basic EPS": NaN,
        "Diluted NI Availto Com Stockholders": 905000.0,
        "Net Income Common Stockholders": 905000.0,
        "Net Income": 905000.0,
        "Net Income Including Noncontrolling Interests": 905000.0,
        "Net Income Continuous Operations": 905000.0,
        "Tax Provision": 367000.0,
        "Pretax Income": 1272000.0,
        "Gain On Sale Of Security": 0.0,
        "Selling General And Administration": 3945000.0,
        "Selling And Marketing Expense": 46000.0,
        "General And Administrative Expense": 3899000.0,
        "Other Gand A": NaN,
        "Insurance And Claims": 62000.0,
        "Salaries And Wages": 3837000.0,
        "Total Revenue": 9364000.0,
        "Operating Revenue": 9364000.0,
        "Occupancy And Equipment": 817000.0,
        "Professional Expense And Contract Services Expense": 1026000.0,
        "Other Non Interest Expense": 2001000.0
    },
    "2024-03-31": {
        "Tax Effect Of Unusual Items": 0.0,
        "Tax Rate For Calcs": 0.21,
        "Net Income From Continuing Operation Net Minority Interest": -299000.0,
        "Reconciled Depreciation": 315000.0,
        "Net Interest Income": 5333000.0,
        "Interest Expense": 8597000.0,
        "Interest Income": 13930000.0,
        "Normalized Income": -299000.0,
        "Net Income From Continuing And Discontinued Operation": -299000.0,
        "Diluted Average Shares": 3976073.0,
        "Basic Average Shares": 3976073.0,
        "Diluted EPS": -0.08,
        "Basic EPS": -0.08,
        "Diluted NI Availto Com Stockholders": -299000.0,
        "Net Income Common Stockholders": -299000.0,
        "Net Income": -299000.0,
        "Net Income Including Noncontrolling Interests": -299000.0,
        "Net Income Continuous Operations": -299000.0,
        "Tax Provision": 66000.0,
        "Pretax Income": -233000.0,
        "Gain On Sale Of Security": -24000.0,
        "Selling General And Administration": 4602000.0,
        "Selling And Marketing Expense": 46000.0,
        "General And Administrative Expense": 4556000.0,
        "Other Gand A": 324000.0,
        "Insurance And Claims": 76000.0,
        "Salaries And Wages": 4156000.0,
        "Total Revenue": 7643000.0,
        "Operating Revenue": 7643000.0,
        "Occupancy And Equipment": 817000.0,
        "Professional Expense And Contract Services Expense": 841000.0,
        "Other Non Interest Expense": 958000.0
    },
    "2024-06-30": {
        "Tax Effect Of Unusual Items": 0.0,
        "Tax Rate For Calcs": 0.2307,
        "Net Income From Continuing Operation Net Minority Interest": -3081000.0,
        "Reconciled Depreciation": 406000.0,
        "Net Interest Income": 4945000.0,
        "Interest Expense": 8194000.0,
        "Interest Income": 13139000.0,
        "Normalized Income": -3081000.0,
        "Net Income From Continuing And Discontinued Operation": -3081000.0,
        "Diluted Average Shares": 3976073.0,
        "Basic Average Shares": 3976073.0,
        "Diluted EPS": -0.77,
        "Basic EPS": -0.77,
        "Diluted NI Availto Com Stockholders": -3081000.0,
        "Net Income Common Stockholders": -3081000.0,
        "Net Income": -3081000.0,
        "Net Income Including Noncontrolling Interests": -3081000.0,
        "Net Income Continuous Operations": -3081000.0,
        "Tax Provision": -924000.0,
        "Pretax Income": -4005000.0,
        "Gain On Sale Of Security": 0.0,
        "Selling General And Administration": 5120000.0,
        "Selling And Marketing Expense": 88000.0,
        "General And Administrative Expense": 5032000.0,
        "Other Gand A": 336000.0,
        "Insurance And Claims": 73000.0,
        "Salaries And Wages": 4623000.0,
        "Total Revenue": 7034000.0,
        "Operating Revenue": 7034000.0,
        "Occupancy And Equipment": 862000.0,
        "Professional Expense And Contract Services Expense": 737000.0,
        "Other Non Interest Expense": 1228000.0
    },
    "2024-09-30": {
        "Tax Effect Of Unusual Items": 0.0,
        "Tax Rate For Calcs": 0.21,
        "Net Income From Continuing Operation Net Minority Interest": -26954000.0,
        "Reconciled Depreciation": 314000.0,
        "Net Interest Income": 4910000.0,
        "Interest Expense": 7815000.0,
        "Interest Income": 12725000.0,
        "Normalized Income": -26954000.0,
        "Net Income From Continuing And Discontinued Operation": -26954000.0,
        "Diluted Average Shares": 3976073.0,
        "Basic Average Shares": 3976073.0,
        "Diluted EPS": -6.78,
        "Basic EPS": -6.78,
        "Diluted NI Availto Com Stockholders": -26954000.0,
        "Net Income Common Stockholders": -26954000.0,
        "Net Income": -26954000.0,
        "Net Income Including Noncontrolling Interests": -26954000.0,
        "Net Income Continuous Operations": -26954000.0,
        "Tax Provision": 24646000.0,
        "Pretax Income": -2308000.0,
        "Gain On Sale Of Security": 0.0,
        "Selling General And Administration": 4897000.0,
        "Selling And Marketing Expense": 105000.0,
        "General And Administrative Expense": 4792000.0,
        "Other Gand A": NaN,
        "Insurance And Claims": 82000.0,
        "Salaries And Wages": 4710000.0,
        "Total Revenue": 7056000.0,
        "Operating Revenue": 7056000.0,
        "Occupancy And Equipment": 801000.0,
        "Professional Expense And Contract Services Expense": 952000.0,
        "Other Non Interest Expense": 1688000.0
    },
    "2024-12-31": {
        "Tax Effect Of Unusual Items": 0.0,
        "Tax Rate For Calcs": 0.000314,
        "Net Income From Continuing Operation Net Minority Interest": -9548000.0,
        "Reconciled Depreciation": 319000.0,
        "Net Interest Income": 4602000.0,
        "Interest Expense": 7679000.0,
        "Interest Income": 12281000.0,
        "Normalized Income": -9548000.0,
        "Net Income From Continuing And Discontinued Operation": -9548000.0,
        "Diluted Average Shares": NaN,
        "Basic Average Shares": NaN,
        "Diluted EPS": NaN,
        "Basic EPS": NaN,
        "Diluted NI Availto Com Stockholders": -9548000.0,
        "Net Income Common Stockholders": -9548000.0,
        "Net Income": -9548000.0,
        "Net Income Including Noncontrolling Interests": -9548000.0,
        "Net Income Continuous Operations": -9548000.0,
        "Tax Provision": -3000.0,
        "Pretax Income": -9551000.0,
        "Gain On Sale Of Security": -310000.0,
        "Selling General And Administration": 4613000.0,
        "Selling And Marketing Expense": 121000.0,
        "General And Administrative Expense": 4492000.0,
        "Other Gand A": NaN,
        "Insurance And Claims": 85000.0,
        "Salaries And Wages": 4407000.0,
        "Total Revenue": 6539000.0,
        "Operating Revenue": 6539000.0,
        "Occupancy And Equipment": 728000.0,
        "Professional Expense And Contract Services Expense": 1170000.0,
        "Other Non Interest Expense": 1900000.0
    },
    "2025-03-31": {
        "Tax Effect Of Unusual Items": 0.0,
        "Tax Rate For Calcs": 0.21,
        "Net Income From Continuing Operation Net Minority Interest": -2777000.0,
        "Reconciled Depreciation": 290000.0,
        "Net Interest Income": 3927000.0,
        "Interest Expense": 8594000.0,
        "Interest Income": 12521000.0,
        "Normalized Income": -2777000.0,
        "Net Income From Continuing And Discontinued Operation": -2777000.0,
        "Diluted Average Shares": 13289644.0,
        "Basic Average Shares": 13289644.0,
        "Diluted EPS": -0.21,
        "Basic EPS": -0.21,
        "Diluted NI Availto Com Stockholders": -2777000.0,
        "Net Income Common Stockholders": -2777000.0,
        "Net Income": -2777000.0,
        "Net Income Including Noncontrolling Interests": -2777000.0,
        "Net Income Continuous Operations": -2777000.0,
        "Tax Provision": 1000.0,
        "Pretax Income": -2776000.0,
        "Gain On Sale Of Security": 0.0,
        "Selling General And Administration": 5119000.0,
        "Selling And Marketing Expense": 153000.0,
        "General And Administrative Expense": 4966000.0,
        "Other Gand A": 385000.0,
        "Insurance And Claims": 70000.0,
        "Salaries And Wages": 4511000.0,
        "Total Revenue": 6578000.0,
        "Operating Revenue": 6578000.0,
        "Occupancy And Equipment": 748000.0,
        "Professional Expense And Contract Services Expense": 1081000.0,
        "Other Non Interest Expense": 1673000.0
    }
}