{
    "2023-06-30": {
        "Tax Effect Of Unusual Items": 0.0,
        "Tax Rate For Calcs": 0.15,
        "Normalized EBITDA": 241900000.0,
        "Total Unusual Items": NaN,
        "Total Unusual Items Excluding Goodwill": NaN,
        "Net Income From Continuing Operation Net Minority Interest": 154200000.0,
        "Reconciled Depreciation": 28600000.0,
        "Reconciled Cost Of Revenue": 683000000.0,
        "EBITDA": 241900000.0,
        "EBIT": 213300000.0,
        "Net Interest Income": -31800000.0,
        "Interest Expense": 31800000.0,
        "Normalized Income": 154200000.0,
        "Net Income From Continuing And Discontinued Operation": 152900000.0,
        "Total Expenses": 874000000.0,
        "Total Operating Income As Reported": 208500000.0,
        "Diluted Average Shares": 166100000.0,
        "Basic Average Shares": 165000000.0,
        "Diluted EPS": 0.92,
        "Basic EPS": 0.93,
        "Diluted NI Availto Com Stockholders": 152900000.0,
        "Net Income Common Stockholders": 152900000.0,
        "Net Income": 152900000.0,
        "Net Income Including Noncontrolling Interests": 152900000.0,
        "Net Income Discontinuous Operations": -1300000.0,
        "Net Income Continuous Operations": 154200000.0,
        "Tax Provision": 27300000.0,
        "Pretax Income": 181500000.0,
        "Other Income Expense": 4800000.0,
        "Other Non Operating Income Expenses": 4800000.0,
        "Special Income Charges": NaN,
        "Gain On Sale Of Business": NaN,
        "Net Non Operating Interest Income Expense": -31800000.0,
        "Interest Expense Non Operating": 31800000.0,
        "Operating Income": 208500000.0,
        "Operating Expense": 191000000.0,
        "Research And Development": 25900000.0,
        "Selling General And Administration": 165100000.0,
        "Gross Profit": 399500000.0,
        "Cost Of Revenue": 683000000.0,
        "Total Revenue": 1082500000.0,
        "Operating Revenue": 1082500000.0
    },
    "2023-03-31": {
        "Tax Effect Of Unusual Items": 0.0,
        "Tax Rate For Calcs": 0.146,
        "Normalized EBITDA": 211400000.0,
        "Total Unusual Items": NaN,
        "Total Unusual Items Excluding Goodwill": NaN,
        "Net Income From Continuing Operation Net Minority Interest": 128500000.0,
        "Reconciled Depreciation": 28500000.0,
        "Reconciled Cost Of Revenue": 646800000.0,
        "EBITDA": 211400000.0,
        "EBIT": 182900000.0,
        "Net Interest Income": -32400000.0,
        "Interest Expense": 32400000.0,
        "Normalized Income": 128500000.0,
        "Net Income From Continuing And Discontinued Operation": 129700000.0,
        "Total Expenses": 845000000.0,
        "Total Operating Income As Reported": 183600000.0,
        "Diluted Average Shares": 165800000.0,
        "Basic Average Shares": 164800000.0,
        "Diluted EPS": 0.79,
        "Basic EPS": 0.79,
        "Diluted NI Availto Com Stockholders": 129700000.0,
        "Net Income Common Stockholders": 129700000.0,
        "Net Income": 129700000.0,
        "Net Income Including Noncontrolling Interests": 129700000.0,
        "Net Income Discontinuous Operations": 1200000.0,
        "Net Income Continuous Operations": 128500000.0,
        "Tax Provision": 22000000.0,
        "Pretax Income": 150500000.0,
        "Other Income Expense": -700000.0,
        "Other Non Operating Income Expenses": -700000.0,
        "Special Income Charges": NaN,
        "Gain On Sale Of Business": NaN,
        "Net Non Operating Interest Income Expense": -32400000.0,
        "Interest Expense Non Operating": 32400000.0,
        "Operating Income": 183600000.0,
        "Operating Expense": 198200000.0,
        "Research And Development": 24900000.0,
        "Selling General And Administration": 173300000.0,
        "Gross Profit": 381800000.0,
        "Cost Of Revenue": 646800000.0,
        "Total Revenue": 1028600000.0,
        "Operating Revenue": 1028600000.0
    },
    "2022-12-31": {
        "Tax Effect Of Unusual Items": NaN,
        "Tax Rate For Calcs": NaN,
        "Normalized EBITDA": NaN,
        "Total Unusual Items": 0.0,
        "Total Unusual Items Excluding Goodwill": 0.0,
        "Net Income From Continuing Operation Net Minority Interest": NaN,
        "Reconciled Depreciation": NaN,
        "Reconciled Cost Of Revenue": NaN,
        "EBITDA": NaN,
        "EBIT": NaN,
        "Net Interest Income": NaN,
        "Interest Expense": NaN,
        "Normalized Income": NaN,
        "Net Income From Continuing And Discontinued Operation": NaN,
        "Total Expenses": NaN,
        "Total Operating Income As Reported": NaN,
        "Diluted Average Shares": NaN,
        "Basic Average Shares": NaN,
        "Diluted EPS": NaN,
        "Basic EPS": NaN,
        "Diluted NI Availto Com Stockholders": NaN,
        "Net Income Common Stockholders": NaN,
        "Net Income": NaN,
        "Net Income Including Noncontrolling Interests": NaN,
        "Net Income Discontinuous Operations": NaN,
        "Net Income Continuous Operations": NaN,
        "Tax Provision": NaN,
        "Pretax Income": NaN,
        "Other Income Expense": NaN,
        "Other Non Operating Income Expenses": NaN,
        "Special Income Charges": 0.0,
        "Gain On Sale Of Business": 0.0,
        "Net Non Operating Interest Income Expense": NaN,
        "Interest Expense Non Operating": NaN,
        "Operating Income": NaN,
        "Operating Expense": NaN,
        "Research And Development": NaN,
        "Selling General And Administration": NaN,
        "Gross Profit": NaN,
        "Cost Of Revenue": NaN,
        "Total Revenue": NaN,
        "Operating Revenue": NaN
    },
    "2022-09-30": {
        "Tax Effect Of Unusual Items": NaN,
        "Tax Rate For Calcs": NaN,
        "Normalized EBITDA": NaN,
        "Total Unusual Items": 200000.0,
        "Total Unusual Items Excluding Goodwill": 200000.0,
        "Net Income From Continuing Operation Net Minority Interest": NaN,
        "Reconciled Depreciation": NaN,
        "Reconciled Cost Of Revenue": NaN,
        "EBITDA": NaN,
        "EBIT": NaN,
        "Net Interest Income": NaN,
        "Interest Expense": NaN,
        "Normalized Income": NaN,
        "Net Income From Continuing And Discontinued Operation": NaN,
        "Total Expenses": NaN,
        "Total Operating Income As Reported": NaN,
        "Diluted Average Shares": NaN,
        "Basic Average Shares": NaN,
        "Diluted EPS": NaN,
        "Basic EPS": NaN,
        "Diluted NI Availto Com Stockholders": NaN,
        "Net Income Common Stockholders": NaN,
        "Net Income": NaN,
        "Net Income Including Noncontrolling Interests": NaN,
        "Net Income Discontinuous Operations": NaN,
        "Net Income Continuous Operations": NaN,
        "Tax Provision": NaN,
        "Pretax Income": NaN,
        "Other Income Expense": NaN,
        "Other Non Operating Income Expenses": NaN,
        "Special Income Charges": 200000.0,
        "Gain On Sale Of Business": 200000.0,
        "Net Non Operating Interest Income Expense": NaN,
        "Interest Expense Non Operating": NaN,
        "Operating Income": NaN,
        "Operating Expense": NaN,
        "Research And Development": NaN,
        "Selling General And Administration": NaN,
        "Gross Profit": NaN,
        "Cost Of Revenue": NaN,
        "Total Revenue": NaN,
        "Operating Revenue": NaN
    },
    "2022-06-30": {
        "Tax Effect Of Unusual Items": 0.0,
        "Tax Rate For Calcs": 0.157,
        "Normalized EBITDA": 210500000.0,
        "Total Unusual Items": NaN,
        "Total Unusual Items Excluding Goodwill": NaN,
        "Net Income From Continuing Operation Net Minority Interest": 153000000.0,
        "Reconciled Depreciation": 19800000.0,
        "Reconciled Cost Of Revenue": 704700000.0,
        "EBITDA": 210500000.0,
        "EBIT": 190700000.0,
        "Net Interest Income": -9200000.0,
        "Interest Expense": 9200000.0,
        "Normalized Income": 153000000.0,
        "Net Income From Continuing And Discontinued Operation": 152900000.0,
        "Total Expenses": 873400000.0,
        "Total Operating Income As Reported": 190800000.0,
        "Diluted Average Shares": 165500000.0,
        "Basic Average Shares": 164800000.0,
        "Diluted EPS": 0.92,
        "Basic EPS": 0.93,
        "Diluted NI Availto Com Stockholders": 152900000.0,
        "Net Income Common Stockholders": 152900000.0,
        "Net Income": 152900000.0,
        "Net Income Including Noncontrolling Interests": 152900000.0,
        "Net Income Discontinuous Operations": -100000.0,
        "Net Income Continuous Operations": 153000000.0,
        "Tax Provision": 28500000.0,
        "Pretax Income": 181500000.0,
        "Other Income Expense": -100000.0,
        "Other Non Operating Income Expenses": -100000.0,
        "Special Income Charges": NaN,
        "Gain On Sale Of Business": NaN,
        "Net Non Operating Interest Income Expense": -9200000.0,
        "Interest Expense Non Operating": 9200000.0,
        "Operating Income": 190800000.0,
        "Operating Expense": 168700000.0,
        "Research And Development": 23100000.0,
        "Selling General And Administration": 145600000.0,
        "Gross Profit": 359500000.0,
        "Cost Of Revenue": 704700000.0,
        "Total Revenue": 1064200000.0,
        "Operating Revenue": 1064200000.0
    },
    "2022-03-31": {
        "Diluted EPS": 0.7,
        "Total Revenue": NaN,
        "Gross Profit": 332,
        "Operating Income": 146,
        "EBIT": 168,
        "Net Income": 118
    },
    "2021-12-31": {
        "Diluted EPS": 0.88,
        "Total Revenue": 989,
        "Gross Profit": 328,
        "Operating Income": 151,
        "EBIT": 171,
        "Net Income": 149
    },
    "2021-09-30": {
        "Diluted EPS": 0.86,
        "Total Revenue": 969,
        "Gross Profit": 335,
        "Operating Income": 167,
        "EBIT": 186,
        "Net Income": 144
    },
    "2021-06-30": {
        "Diluted EPS": 0.79,
        "Total Revenue": 941,
        "Gross Profit": 341,
        "Operating Income": 162,
        "EBIT": 181,
        "Net Income": 132
    },
    "2021-03-31": {
        "Diluted EPS": 0.77,
        "Total Revenue": 866,
        "Gross Profit": 315,
        "Operating Income": 157,
        "EBIT": 177,
        "Net Income": 129
    },
    "2020-12-31": {
        "Diluted EPS": 0.62,
        "Total Revenue": 796,
        "Gross Profit": 284,
        "Operating Income": 122,
        "EBIT": 141,
        "Net Income": 103
    },
    "2020-09-30": {
        "Diluted EPS": 0.66,
        "Total Revenue": 799,
        "Gross Profit": 277,
        "Operating Income": 128,
        "EBIT": 147,
        "Net Income": 111
    },
    "2020-06-30": {
        "Diluted EPS": 0.43,
        "Total Revenue": 713,
        "Gross Profit": 245,
        "Operating Income": 111,
        "EBIT": 129,
        "Net Income": 72
    },
    "2020-03-31": {
        "Diluted EPS": 0.43,
        "Total Revenue": 710,
        "Gross Profit": 252,
        "Operating Income": 101,
        "EBIT": 120,
        "Net Income": 73
    },
    "2019-12-31": {
        "Diluted EPS": 0.57,
        "Total Revenue": 755,
        "Gross Profit": 274,
        "Operating Income": 122,
        "EBIT": 142,
        "Net Income": 98
    },
    "2019-09-30": {
        "Diluted EPS": 0.55,
        "Total Revenue": 714,
        "Gross Profit": 255,
        "Operating Income": 109,
        "EBIT": 128,
        "Net Income": 92
    },
    "2019-06-30": {
        "Diluted EPS": 0.67,
        "Total Revenue": 800,
        "Gross Profit": 287,
        "Operating Income": 134,
        "EBIT": 155,
        "Net Income": 114
    },
    "2019-03-31": {
        "Diluted EPS": 0.3,
        "Total Revenue": 689,
        "Gross Profit": 236,
        "Operating Income": 68,
        "EBIT": 88,
        "Net Income": 51
    },
    "2018-12-31": {
        "Diluted EPS": 0.53,
        "Total Revenue": 741,
        "Gross Profit": 268,
        "Operating Income": 113,
        "EBIT": 134,
        "Net Income": 93
    },
    "2018-09-30": {
        "Diluted EPS": 0.63,
        "Total Revenue": 711,
        "Gross Profit": 244,
        "Operating Income": 108,
        "EBIT": 129,
        "Net Income": 110
    },
    "2018-06-30": {
        "Diluted EPS": 0.23,
        "Total Revenue": 781,
        "Gross Profit": 283,
        "Operating Income": 123,
        "EBIT": 144,
        "Net Income": 42
    },
    "2018-03-31": {
        "Diluted EPS": 0.57,
        "Total Revenue": 733,
        "Gross Profit": 253,
        "Operating Income": 93,
        "EBIT": 115,
        "Net Income": 103
    },
    "2017-12-31": {
        "Diluted EPS": 1.04,
        "Total Revenue": 221,
        "Gross Profit": 55,
        "Operating Income": 7,
        "EBIT": 28,
        "Net Income": 190
    },
    "2017-09-30": {
        "Diluted EPS": 0.68,
        "Total Revenue": 688,
        "Gross Profit": 237,
        "Operating Income": 102,
        "EBIT": 124,
        "Net Income": 125
    },
    "2017-06-30": {
        "Diluted EPS": 1.43,
        "Total Revenue": 754,
        "Gross Profit": 274,
        "Operating Income": 129,
        "EBIT": 127,
        "Net Income": 264
    },
    "2017-03-31": {
        "Diluted EPS": 0.48,
        "Total Revenue": NaN,
        "Gross Profit": 422,
        "Operating Income": 141,
        "EBIT": 186,
        "Net Income": 88
    },
    "2016-12-31": {
        "Diluted EPS": 0.71,
        "Total Revenue": -921,
        "Gross Profit": -395,
        "Operating Income": -185,
        "EBIT": -233,
        "Net Income": 131
    },
    "2016-09-30": {
        "Diluted EPS": 0.77,
        "Total Revenue": NaN,
        "Gross Profit": 441,
        "Operating Income": 183,
        "EBIT": 228,
        "Net Income": 141
    },
    "2016-06-30": {
        "Diluted EPS": 0.78,
        "Total Revenue": NaN,
        "Gross Profit": 482,
        "Operating Income": 203,
        "EBIT": 250,
        "Net Income": 143
    },
    "2016-03-31": {
        "Diluted EPS": 0.59,
        "Total Revenue": NaN,
        "Gross Profit": 431,
        "Operating Income": 153,
        "EBIT": 198,
        "Net Income": 107
    },
    "2015-12-31": {
        "Diluted EPS": -2.48,
        "Total Revenue": 367,
        "Gross Profit": 128,
        "Operating Income": 74,
        "EBIT": 120,
        "Net Income": -453
    },
    "2015-09-30": {
        "Diluted EPS": 0.63,
        "Total Revenue": NaN,
        "Gross Profit": 395,
        "Operating Income": 153,
        "EBIT": 145,
        "Net Income": 115
    },
    "2015-06-30": {
        "Diluted EPS": 0.81,
        "Total Revenue": NaN,
        "Gross Profit": 566,
        "Operating Income": 218,
        "EBIT": 280,
        "Net Income": 148
    },
    "2015-03-31": {
        "Diluted EPS": 0.62,
        "Total Revenue": NaN,
        "Gross Profit": 510,
        "Operating Income": 171,
        "EBIT": 231,
        "Net Income": 114
    },
    "2014-12-31": {
        "Diluted EPS": 0.65,
        "Total Revenue": -570,
        "Gross Profit": -215,
        "Operating Income": -137,
        "EBIT": -187,
        "Net Income": 121
    },
    "2014-09-30": {
        "Diluted EPS": -0.95,
        "Total Revenue": NaN,
        "Gross Profit": 625,
        "Operating Income": 267,
        "EBIT": 330,
        "Net Income": -186
    },
    "2014-06-30": {
        "Diluted EPS": 0.82,
        "Total Revenue": NaN,
        "Gross Profit": 646,
        "Operating Income": 226,
        "EBIT": 290,
        "Net Income": 162
    },
    "2014-03-31": {
        "Diluted EPS": 0.59,
        "Total Revenue": NaN,
        "Gross Profit": 564,
        "Operating Income": 182,
        "EBIT": 245,
        "Net Income": 119
    },
    "2013-12-31": {
        "Diluted EPS": 0.77,
        "Total Revenue": NaN,
        "Gross Profit": 564,
        "Operating Income": 212,
        "EBIT": 272,
        "Net Income": 158
    },
    "2013-09-30": {
        "Diluted EPS": 0.85,
        "Total Revenue": NaN,
        "Gross Profit": 615,
        "Operating Income": 230,
        "EBIT": 291,
        "Net Income": 173
    },
    "2013-06-30": {
        "Diluted EPS": 0.75,
        "Total Revenue": NaN,
        "Gross Profit": 667,
        "Operating Income": 226,
        "EBIT": 300,
        "Net Income": 154
    },
    "2013-03-31": {
        "Diluted EPS": 0.25,
        "Total Revenue": NaN,
        "Gross Profit": 524,
        "Operating Income": 74,
        "EBIT": 154,
        "Net Income": 52
    },
    "2012-12-31": {
        "Diluted EPS": -2.49,
        "Total Revenue": NaN,
        "Gross Profit": 395,
        "Operating Income": -265,
        "EBIT": -183,
        "Net Income": -273
    },
    "2012-09-30": {
        "Diluted EPS": 0.31,
        "Total Revenue": 866,
        "Gross Profit": 278,
        "Operating Income": 55,
        "EBIT": 81,
        "Net Income": 31
    },
    "2012-06-30": {
        "Diluted EPS": 0.72,
        "Total Revenue": 942,
        "Gross Profit": 312,
        "Operating Income": 119,
        "EBIT": 146,
        "Net Income": 73
    },
    "2012-03-31": {
        "Diluted EPS": 0.62,
        "Total Revenue": 858,
        "Gross Profit": 281,
        "Operating Income": 86,
        "EBIT": 112,
        "Net Income": 62
    },
    "2011-12-31": {
        "Diluted EPS": -1.77,
        "Total Revenue": 866,
        "Gross Profit": 265,
        "Operating Income": -188,
        "EBIT": -159,
        "Net Income": -176
    },
    "2011-09-30": {
        "Diluted EPS": 0.51,
        "Total Revenue": 891,
        "Gross Profit": 272,
        "Operating Income": 93,
        "EBIT": 122,
        "Net Income": 51
    },
    "2011-06-30": {
        "Diluted EPS": 0.67,
        "Total Revenue": 910,
        "Gross Profit": 288,
        "Operating Income": 109,
        "EBIT": 138,
        "Net Income": 67
    },
    "2011-03-31": {
        "Diluted EPS": 0.51,
        "Total Revenue": 790,
        "Gross Profit": 249,
        "Operating Income": 86,
        "EBIT": 108,
        "Net Income": 51
    },
    "2010-12-31": {
        "Diluted EPS": 0.34,
        "Total Revenue": 754,
        "Gross Profit": 232,
        "Operating Income": 58,
        "EBIT": 80,
        "Net Income": 33
    },
    "2010-09-30": {
        "Diluted EPS": 0.55,
        "Total Revenue": 774,
        "Gross Profit": 237,
        "Operating Income": 91,
        "EBIT": 111,
        "Net Income": 55
    },
    "2010-06-30": {
        "Diluted EPS": 0.61,
        "Total Revenue": 796,
        "Gross Profit": 248,
        "Operating Income": 100,
        "EBIT": 121,
        "Net Income": 61
    },
    "2010-03-31": {
        "Diluted EPS": 0.36,
        "Total Revenue": 707,
        "Gross Profit": 214,
        "Operating Income": 64,
        "EBIT": 85,
        "Net Income": 35
    },
    "2009-12-31": {
        "Diluted EPS": 0.28,
        "Total Revenue": 702,
        "Gross Profit": 212,
        "Operating Income": 52,
        "EBIT": 92,
        "Net Income": 29
    },
    "2009-09-30": {
        "Diluted EPS": 0.38,
        "Total Revenue": 663,
        "Gross Profit": 207,
        "Operating Income": 67,
        "EBIT": 89,
        "Net Income": 37
    },
    "2009-06-30": {
        "Diluted EPS": 0.33,
        "Total Revenue": 694,
        "Gross Profit": 196,
        "Operating Income": 64,
        "EBIT": 85,
        "Net Income": 32
    },
    "2009-03-31": {
        "Diluted EPS": 0.18,
        "Total Revenue": 634,
        "Gross Profit": 169,
        "Operating Income": 37,
        "EBIT": 60,
        "Net Income": 17
    },
    "2023-09-30": {
        "Tax Effect Of Unusual Items": NaN,
        "Tax Rate For Calcs": NaN,
        "Normalized EBITDA": NaN,
        "Total Unusual Items": -2000000.0,
        "Total Unusual Items Excluding Goodwill": -2000000.0,
        "Net Income From Continuing Operation Net Minority Interest": NaN,
        "Reconciled Depreciation": NaN,
        "Reconciled Cost Of Revenue": NaN,
        "EBITDA": NaN,
        "EBIT": NaN,
        "Net Interest Income": NaN,
        "Interest Expense": NaN,
        "Normalized Income": NaN,
        "Net Income From Continuing And Discontinued Operation": NaN,
        "Total Expenses": NaN,
        "Total Operating Income As Reported": NaN,
        "Diluted Average Shares": NaN,
        "Basic Average Shares": NaN,
        "Diluted EPS": NaN,
        "Basic EPS": NaN,
        "Diluted NI Availto Com Stockholders": NaN,
        "Net Income Common Stockholders": NaN,
        "Net Income": NaN,
        "Net Income Including Noncontrolling Interests": NaN,
        "Net Income Discontinuous Operations": NaN,
        "Net Income Continuous Operations": NaN,
        "Tax Provision": NaN,
        "Pretax Income": NaN,
        "Other Income Expense": NaN,
        "Other Non Operating Income Expenses": NaN,
        "Special Income Charges": -2000000.0,
        "Gain On Sale Of Business": 0.0,
        "Write Off": 400000.0,
        "Restructuring And Mergern Acquisition": 1600000.0,
        "Net Non Operating Interest Income Expense": NaN,
        "Interest Expense Non Operating": NaN,
        "Operating Income": NaN,
        "Operating Expense": NaN,
        "Research And Development": NaN,
        "Selling General And Administration": NaN,
        "General And Administrative Expense": 164200000.0,
        "Other Gand A": 164200000.0,
        "Gross Profit": NaN,
        "Cost Of Revenue": NaN,
        "Total Revenue": NaN,
        "Operating Revenue": NaN
    },
    "2023-12-31": {
        "Tax Effect Of Unusual Items": NaN,
        "Tax Rate For Calcs": NaN,
        "Normalized EBITDA": NaN,
        "Total Unusual Items": 0.0,
        "Total Unusual Items Excluding Goodwill": 0.0,
        "Net Income From Continuing Operation Net Minority Interest": NaN,
        "Reconciled Depreciation": NaN,
        "Reconciled Cost Of Revenue": NaN,
        "EBITDA": NaN,
        "EBIT": NaN,
        "Net Interest Income": NaN,
        "Interest Expense": NaN,
        "Normalized Income": NaN,
        "Net Income From Continuing And Discontinued Operation": NaN,
        "Total Expenses": NaN,
        "Total Operating Income As Reported": NaN,
        "Diluted Average Shares": NaN,
        "Basic Average Shares": NaN,
        "Diluted EPS": NaN,
        "Basic EPS": NaN,
        "Diluted NI Availto Com Stockholders": NaN,
        "Net Income Common Stockholders": NaN,
        "Net Income": NaN,
        "Net Income Including Noncontrolling Interests": NaN,
        "Net Income Discontinuous Operations": NaN,
        "Net Income Continuous Operations": NaN,
        "Tax Provision": NaN,
        "Pretax Income": NaN,
        "Other Income Expense": NaN,
        "Other Non Operating Income Expenses": NaN,
        "Special Income Charges": 0.0,
        "Gain On Sale Of Business": 0.0,
        "Write Off": NaN,
        "Restructuring And Mergern Acquisition": NaN,
        "Net Non Operating Interest Income Expense": NaN,
        "Interest Expense Non Operating": NaN,
        "Operating Income": NaN,
        "Operating Expense": NaN,
        "Research And Development": NaN,
        "Selling General And Administration": NaN,
        "General And Administrative Expense": NaN,
        "Other Gand A": NaN,
        "Gross Profit": NaN,
        "Cost Of Revenue": NaN,
        "Total Revenue": NaN,
        "Operating Revenue": NaN
    },
    "2024-03-31": {
        "Tax Effect Of Unusual Items": 0.0,
        "Tax Rate For Calcs": 0.13,
        "Normalized EBITDA": 209100000.0,
        "Total Unusual Items": NaN,
        "Total Unusual Items Excluding Goodwill": NaN,
        "Net Income From Continuing Operation Net Minority Interest": 133500000.0,
        "Reconciled Depreciation": 28400000.0,
        "Reconciled Cost Of Revenue": 627100000.0,
        "EBITDA": 209100000.0,
        "EBIT": 180700000.0,
        "Net Interest Income": -27300000.0,
        "Interest Expense": 27300000.0,
        "Normalized Income": 133500000.0,
        "Net Income From Continuing And Discontinued Operation": 133300000.0,
        "Total Expenses": 836400000.0,
        "Total Operating Income As Reported": 180800000.0,
        "Diluted Average Shares": 167200000.0,
        "Basic Average Shares": 165700000.0,
        "Diluted EPS": 0.8,
        "Basic EPS": 0.8,
        "Diluted NI Availto Com Stockholders": 133300000.0,
        "Net Income Common Stockholders": 133300000.0,
        "Net Income": 133300000.0,
        "Net Income Including Noncontrolling Interests": 133300000.0,
        "Net Income Discontinuous Operations": -200000.0,
        "Net Income Continuous Operations": 133500000.0,
        "Tax Provision": 19900000.0,
        "Pretax Income": 153400000.0,
        "Other Income Expense": -100000.0,
        "Other Non Operating Income Expenses": -100000.0,
        "Special Income Charges": NaN,
        "Gain On Sale Of Business": NaN,
        "Write Off": NaN,
        "Restructuring And Mergern Acquisition": NaN,
        "Net Non Operating Interest Income Expense": -27300000.0,
        "Interest Expense Non Operating": 27300000.0,
        "Operating Income": 180800000.0,
        "Operating Expense": 209300000.0,
        "Research And Development": 24100000.0,
        "Selling General And Administration": 185200000.0,
        "General And Administrative Expense": NaN,
        "Other Gand A": NaN,
        "Gross Profit": 390100000.0,
        "Cost Of Revenue": 627100000.0,
        "Total Revenue": 1017200000.0,
        "Operating Revenue": 1017200000.0
    },
    "2024-06-30": {
        "Tax Effect Of Unusual Items": 0.0,
        "Tax Rate For Calcs": 0.157537,
        "Normalized EBITDA": 276100000.0,
        "Total Unusual Items": 0.0,
        "Total Unusual Items Excluding Goodwill": 0.0,
        "Net Income From Continuing Operation Net Minority Interest": 186100000.0,
        "Reconciled Depreciation": 28900000.0,
        "Reconciled Cost Of Revenue": 661400000.0,
        "EBITDA": 276100000.0,
        "EBIT": 247200000.0,
        "Net Interest Income": -26300000.0,
        "Interest Expense": 26300000.0,
        "Normalized Income": 186100000.0,
        "Net Income From Continuing And Discontinued Operation": 186100000.0,
        "Total Expenses": 851300000.0,
        "Total Operating Income As Reported": 248000000.0,
        "Diluted Average Shares": 167300000.0,
        "Basic Average Shares": 165900000.0,
        "Diluted EPS": 1.11,
        "Basic EPS": 1.12,
        "Diluted NI Availto Com Stockholders": 186100000.0,
        "Net Income Common Stockholders": 186100000.0,
        "Net Income": 186100000.0,
        "Net Income Including Noncontrolling Interests": 186100000.0,
        "Net Income Discontinuous Operations": 0.0,
        "Net Income Continuous Operations": 186100000.0,
        "Tax Provision": 34800000.0,
        "Pretax Income": 220900000.0,
        "Other Income Expense": -800000.0,
        "Other Non Operating Income Expenses": -800000.0,
        "Special Income Charges": 0.0,
        "Gain On Sale Of Business": 0.0,
        "Write Off": NaN,
        "Restructuring And Mergern Acquisition": NaN,
        "Net Non Operating Interest Income Expense": -26300000.0,
        "Interest Expense Non Operating": 26300000.0,
        "Operating Income": 248000000.0,
        "Operating Expense": 189900000.0,
        "Research And Development": 24800000.0,
        "Selling General And Administration": 165100000.0,
        "General And Administrative Expense": NaN,
        "Other Gand A": NaN,
        "Gross Profit": 437900000.0,
        "Cost Of Revenue": 661400000.0,
        "Total Revenue": 1099300000.0,
        "Operating Revenue": 1099300000.0
    },
    "2024-09-30": {
        "Tax Effect Of Unusual Items": -3753900.0,
        "Tax Rate For Calcs": 0.129,
        "Normalized EBITDA": 237500000.0,
        "Total Unusual Items": -29100000.0,
        "Total Unusual Items Excluding Goodwill": -29100000.0,
        "Net Income From Continuing Operation Net Minority Interest": 139600000.0,
        "Reconciled Depreciation": 28400000.0,
        "Reconciled Cost Of Revenue": 600200000.0,
        "EBITDA": 208400000.0,
        "EBIT": 180000000.0,
        "Net Interest Income": -19800000.0,
        "Interest Expense": 19800000.0,
        "Normalized Income": 164946100.0,
        "Net Income From Continuing And Discontinued Operation": 139600000.0,
        "Total Expenses": 784400000.0,
        "Total Operating Income As Reported": 179900000.0,
        "Diluted Average Shares": 167000000.0,
        "Basic Average Shares": 165600000.0,
        "Diluted EPS": 0.84,
        "Basic EPS": 0.84,
        "Diluted NI Availto Com Stockholders": 139600000.0,
        "Net Income Common Stockholders": 139600000.0,
        "Net Income": 139600000.0,
        "Net Income Including Noncontrolling Interests": 139600000.0,
        "Net Income Discontinuous Operations": 0.0,
        "Net Income Continuous Operations": 139600000.0,
        "Tax Provision": 20600000.0,
        "Pretax Income": 160200000.0,
        "Other Income Expense": -29000000.0,
        "Other Non Operating Income Expenses": 100000.0,
        "Special Income Charges": -29100000.0,
        "Gain On Sale Of Business": NaN,
        "Write Off": 5700000.0,
        "Restructuring And Mergern Acquisition": 23400000.0,
        "Net Non Operating Interest Income Expense": -19800000.0,
        "Interest Expense Non Operating": 19800000.0,
        "Operating Income": 209000000.0,
        "Operating Expense": 184200000.0,
        "Research And Development": 22900000.0,
        "Selling General And Administration": 161300000.0,
        "General And Administrative Expense": 161300000.0,
        "Other Gand A": 161300000.0,
        "Gross Profit": 393200000.0,
        "Cost Of Revenue": 600200000.0,
        "Total Revenue": 993400000.0,
        "Operating Revenue": 993400000.0
    },
    "2024-12-31": {
        "Tax Effect Of Unusual Items": -1132321.041215,
        "Tax Rate For Calcs": 0.097614,
        "Normalized EBITDA": 240100000.0,
        "Total Unusual Items": -11600000.0,
        "Total Unusual Items Excluding Goodwill": -11600000.0,
        "Net Income From Continuing Operation Net Minority Interest": 166400000.0,
        "Reconciled Depreciation": 28900000.0,
        "Reconciled Cost Of Revenue": 595300000.0,
        "EBITDA": 228500000.0,
        "EBIT": 199600000.0,
        "Net Interest Income": -15200000.0,
        "Interest Expense": 15200000.0,
        "Normalized Income": 176867678.958785,
        "Net Income From Continuing And Discontinued Operation": 166400000.0,
        "Total Expenses": 766200000.0,
        "Total Operating Income As Reported": 195100000.0,
        "Diluted Average Shares": 166800000.0,
        "Basic Average Shares": 165200000.0,
        "Diluted EPS": 0.99,
        "Basic EPS": 1.01,
        "Diluted NI Availto Com Stockholders": 166400000.0,
        "Net Income Common Stockholders": 166400000.0,
        "Net Income": 166400000.0,
        "Net Income Including Noncontrolling Interests": 166400000.0,
        "Net Income Discontinuous Operations": 0.0,
        "Net Income Continuous Operations": 166400000.0,
        "Tax Provision": 18000000.0,
        "Pretax Income": 184400000.0,
        "Other Income Expense": -7100000.0,
        "Other Non Operating Income Expenses": 4500000.0,
        "Special Income Charges": -11600000.0,
        "Gain On Sale Of Business": NaN,
        "Write Off": 500000.0,
        "Restructuring And Mergern Acquisition": 11100000.0,
        "Net Non Operating Interest Income Expense": -15200000.0,
        "Interest Expense Non Operating": 15200000.0,
        "Operating Income": 206700000.0,
        "Operating Expense": 170900000.0,
        "Research And Development": 21800000.0,
        "Selling General And Administration": 149100000.0,
        "General And Administrative Expense": 149100000.0,
        "Other Gand A": 149100000.0,
        "Gross Profit": 377600000.0,
        "Cost Of Revenue": 595300000.0,
        "Total Revenue": 972900000.0,
        "Operating Revenue": 972900000.0
    },
    "2025-03-31": {
        "Tax Effect Of Unusual Items": 0.0,
        "Tax Rate For Calcs": 0.153,
        "Normalized EBITDA": 231600000.0,
        "Total Unusual Items": NaN,
        "Total Unusual Items Excluding Goodwill": NaN,
        "Net Income From Continuing Operation Net Minority Interest": 154900000.0,
        "Reconciled Depreciation": 29000000.0,
        "Reconciled Cost Of Revenue": 607100000.0,
        "EBITDA": 231600000.0,
        "EBIT": 202600000.0,
        "Net Interest Income": -19700000.0,
        "Interest Expense": 19700000.0,
        "Normalized Income": 154900000.0,
        "Net Income From Continuing And Discontinued Operation": 154900000.0,
        "Total Expenses": 807300000.0,
        "Total Operating Income As Reported": 203100000.0,
        "Diluted Average Shares": 166300000.0,
        "Basic Average Shares": 164900000.0,
        "Diluted EPS": 0.93,
        "Basic EPS": 0.94,
        "Diluted NI Availto Com Stockholders": 154900000.0,
        "Net Income Common Stockholders": 154900000.0,
        "Net Income": 154900000.0,
        "Net Income Including Noncontrolling Interests": 154900000.0,
        "Net Income Discontinuous Operations": 0.0,
        "Net Income Continuous Operations": 154900000.0,
        "Tax Provision": 28000000.0,
        "Pretax Income": 182900000.0,
        "Other Income Expense": -500000.0,
        "Other Non Operating Income Expenses": -500000.0,
        "Special Income Charges": NaN,
        "Gain On Sale Of Business": NaN,
        "Write Off": NaN,
        "Restructuring And Mergern Acquisition": NaN,
        "Net Non Operating Interest Income Expense": -19700000.0,
        "Interest Expense Non Operating": 19700000.0,
        "Operating Income": 203100000.0,
        "Operating Expense": 200200000.0,
        "Research And Development": 23600000.0,
        "Selling General And Administration": 176600000.0,
        "General And Administrative Expense": NaN,
        "Other Gand A": NaN,
        "Gross Profit": 403300000.0,
        "Cost Of Revenue": 607100000.0,
        "Total Revenue": 1010400000.0,
        "Operating Revenue": 1010400000.0
    },
    "2025-06-30": {
        "Tax Effect Of Unusual Items": -3659130.434783,
        "Tax Rate For Calcs": 0.13913,
        "Normalized EBITDA": 245600000.0,
        "Total Unusual Items": -26300000.0,
        "Total Unusual Items Excluding Goodwill": -26300000.0,
        "Net Income From Continuing Operation Net Minority Interest": 148500000.0,
        "Reconciled Depreciation": 28900000.0,
        "Reconciled Cost Of Revenue": 666500000.0,
        "EBITDA": 219300000.0,
        "EBIT": 190400000.0,
        "Net Interest Income": -17900000.0,
        "Interest Expense": 17900000.0,
        "Normalized Income": 171140869.565217,
        "Net Income From Continuing And Discontinued Operation": 148500000.0,
        "Total Expenses": 905400000.0,
        "Total Operating Income As Reported": 217700000.0,
        "Diluted Average Shares": 165700000.0,
        "Basic Average Shares": 164500000.0,
        "Diluted EPS": 0.9,
        "Basic EPS": 0.9,
        "Diluted NI Availto Com Stockholders": 148500000.0,
        "Net Income Common Stockholders": 148500000.0,
        "Net Income": 148500000.0,
        "Net Income Including Noncontrolling Interests": 148500000.0,
        "Net Income Discontinuous Operations": 0.0,
        "Net Income Continuous Operations": 148500000.0,
        "Tax Provision": 24000000.0,
        "Pretax Income": 172500000.0,
        "Other Income Expense": -27300000.0,
        "Other Non Operating Income Expenses": -1000000.0,
        "Special Income Charges": -26300000.0,
        "Gain On Sale Of Business": -26300000.0,
        "Write Off": NaN,
        "Restructuring And Mergern Acquisition": NaN,
        "Net Non Operating Interest Income Expense": -17900000.0,
        "Interest Expense Non Operating": 17900000.0,
        "Operating Income": 217700000.0,
        "Operating Expense": 238900000.0,
        "Research And Development": 25100000.0,
        "Selling General And Administration": 213800000.0,
        "General And Administrative Expense": NaN,
        "Other Gand A": NaN,
        "Gross Profit": 456600000.0,
        "Cost Of Revenue": 666500000.0,
        "Total Revenue": 1123100000.0,
        "Operating Revenue": 1123100000.0
    }
}