{
    "2023-03-31": {
        "Tax Effect Of Unusual Items": NaN,
        "Tax Rate For Calcs": NaN,
        "Normalized EBITDA": NaN,
        "Total Unusual Items": NaN,
        "Total Unusual Items Excluding Goodwill": NaN,
        "Net Income From Continuing Operation Net Minority Interest": NaN,
        "Reconciled Depreciation": NaN,
        "Reconciled Cost Of Revenue": NaN,
        "EBITDA": NaN,
        "EBIT": NaN,
        "Net Interest Income": NaN,
        "Interest Expense": NaN,
        "Normalized Income": NaN,
        "Net Income From Continuing And Discontinued Operation": NaN,
        "Total Expenses": NaN,
        "Rent Expense Supplemental": NaN,
        "Total Operating Income As Reported": NaN,
        "Diluted Average Shares": 30147000.0,
        "Basic Average Shares": 29751000.0,
        "Diluted EPS": 0.06,
        "Basic EPS": 0.06,
        "Diluted NI Availto Com Stockholders": NaN,
        "Net Income Common Stockholders": NaN,
        "Net Income": NaN,
        "Minority Interests": NaN,
        "Net Income Including Noncontrolling Interests": NaN,
        "Net Income Continuous Operations": NaN,
        "Tax Provision": NaN,
        "Pretax Income": NaN,
        "Other Income Expense": NaN,
        "Other Non Operating Income Expenses": NaN,
        "Special Income Charges": NaN,
        "Gain On Sale Of Ppe": NaN,
        "Net Non Operating Interest Income Expense": NaN,
        "Interest Expense Non Operating": NaN,
        "Operating Income": NaN,
        "Operating Expense": NaN,
        "Depreciation Amortization Depletion Income Statement": NaN,
        "Depreciation And Amortization In Income Statement": NaN,
        "Selling General And Administration": NaN,
        "General And Administrative Expense": NaN,
        "Other Gand A": NaN,
        "Gross Profit": NaN,
        "Cost Of Revenue": NaN,
        "Total Revenue": NaN,
        "Operating Revenue": NaN
    },
    "2022-12-31": {
        "Tax Effect Of Unusual Items": NaN,
        "Tax Rate For Calcs": NaN,
        "Normalized EBITDA": NaN,
        "Total Unusual Items": NaN,
        "Total Unusual Items Excluding Goodwill": NaN,
        "Net Income From Continuing Operation Net Minority Interest": NaN,
        "Reconciled Depreciation": NaN,
        "Reconciled Cost Of Revenue": NaN,
        "EBITDA": NaN,
        "EBIT": NaN,
        "Net Interest Income": NaN,
        "Interest Expense": NaN,
        "Normalized Income": NaN,
        "Net Income From Continuing And Discontinued Operation": NaN,
        "Total Expenses": NaN,
        "Rent Expense Supplemental": NaN,
        "Total Operating Income As Reported": NaN,
        "Diluted Average Shares": 30091000.0,
        "Basic Average Shares": 29728000.0,
        "Diluted EPS": 0.12,
        "Basic EPS": 0.12,
        "Diluted NI Availto Com Stockholders": NaN,
        "Net Income Common Stockholders": NaN,
        "Net Income": NaN,
        "Minority Interests": NaN,
        "Net Income Including Noncontrolling Interests": NaN,
        "Net Income Continuous Operations": NaN,
        "Tax Provision": NaN,
        "Pretax Income": NaN,
        "Other Income Expense": NaN,
        "Other Non Operating Income Expenses": NaN,
        "Special Income Charges": NaN,
        "Gain On Sale Of Ppe": NaN,
        "Net Non Operating Interest Income Expense": NaN,
        "Interest Expense Non Operating": NaN,
        "Operating Income": NaN,
        "Operating Expense": NaN,
        "Depreciation Amortization Depletion Income Statement": NaN,
        "Depreciation And Amortization In Income Statement": NaN,
        "Selling General And Administration": NaN,
        "General And Administrative Expense": NaN,
        "Other Gand A": NaN,
        "Gross Profit": NaN,
        "Cost Of Revenue": NaN,
        "Total Revenue": NaN,
        "Operating Revenue": NaN
    },
    "2022-09-30": {
        "Tax Effect Of Unusual Items": -885.0,
        "Tax Rate For Calcs": 0.177,
        "Normalized EBITDA": 8382000.0,
        "Total Unusual Items": -5000.0,
        "Total Unusual Items Excluding Goodwill": -5000.0,
        "Net Income From Continuing Operation Net Minority Interest": 4831000.0,
        "Reconciled Depreciation": 1251000.0,
        "Reconciled Cost Of Revenue": 104071000.0,
        "EBITDA": 8377000.0,
        "EBIT": 7126000.0,
        "Net Interest Income": -1058000.0,
        "Interest Expense": 1058000.0,
        "Normalized Income": 4835115.0,
        "Net Income From Continuing And Discontinued Operation": 4831000.0,
        "Total Expenses": 111201000.0,
        "Rent Expense Supplemental": 9391000.0,
        "Total Operating Income As Reported": 7144000.0,
        "Diluted Average Shares": 30172000.0,
        "Basic Average Shares": 29335000.0,
        "Diluted EPS": 0.16,
        "Basic EPS": 0.16,
        "Diluted NI Availto Com Stockholders": 4831000.0,
        "Net Income Common Stockholders": 4831000.0,
        "Net Income": 4831000.0,
        "Minority Interests": -163000.0,
        "Net Income Including Noncontrolling Interests": 4994000.0,
        "Net Income Continuous Operations": 4994000.0,
        "Tax Provision": 1074000.0,
        "Pretax Income": 6068000.0,
        "Other Income Expense": -23000.0,
        "Other Non Operating Income Expenses": -18000.0,
        "Special Income Charges": -5000.0,
        "Gain On Sale Of Ppe": -5000.0,
        "Net Non Operating Interest Income Expense": -1058000.0,
        "Interest Expense Non Operating": 1058000.0,
        "Operating Income": 7149000.0,
        "Operating Expense": 7130000.0,
        "Depreciation Amortization Depletion Income Statement": 1251000.0,
        "Depreciation And Amortization In Income Statement": 1251000.0,
        "Selling General And Administration": 5879000.0,
        "General And Administrative Expense": 5879000.0,
        "Other Gand A": 5879000.0,
        "Gross Profit": 14279000.0,
        "Cost Of Revenue": 104071000.0,
        "Total Revenue": 118350000.0,
        "Operating Revenue": 118350000.0
    },
    "2022-06-30": {
        "Tax Effect Of Unusual Items": -2289482.0,
        "Tax Rate For Calcs": 0.346,
        "Normalized EBITDA": 4746000.0,
        "Total Unusual Items": -6617000.0,
        "Total Unusual Items Excluding Goodwill": -6617000.0,
        "Net Income From Continuing Operation Net Minority Interest": -2676000.0,
        "Reconciled Depreciation": 1279000.0,
        "Reconciled Cost Of Revenue": 101794000.0,
        "EBITDA": -1871000.0,
        "EBIT": -3150000.0,
        "Net Interest Income": -821000.0,
        "Interest Expense": 821000.0,
        "Normalized Income": 1651518.0,
        "Net Income From Continuing And Discontinued Operation": -2676000.0,
        "Total Expenses": 112814000.0,
        "Rent Expense Supplemental": 9078000.0,
        "Total Operating Income As Reported": -3115000.0,
        "Diluted Average Shares": 28605000.0,
        "Basic Average Shares": 28605000.0,
        "Diluted EPS": -0.09,
        "Basic EPS": -0.09,
        "Diluted NI Availto Com Stockholders": -2676000.0,
        "Net Income Common Stockholders": -2676000.0,
        "Net Income": -2676000.0,
        "Minority Interests": -80000.0,
        "Net Income Including Noncontrolling Interests": -2596000.0,
        "Net Income Continuous Operations": -2596000.0,
        "Tax Provision": -1375000.0,
        "Pretax Income": -3971000.0,
        "Other Income Expense": -6652000.0,
        "Other Non Operating Income Expenses": -35000.0,
        "Special Income Charges": -6617000.0,
        "Gain On Sale Of Ppe": -6617000.0,
        "Net Non Operating Interest Income Expense": -821000.0,
        "Interest Expense Non Operating": 821000.0,
        "Operating Income": 3502000.0,
        "Operating Expense": 11020000.0,
        "Depreciation Amortization Depletion Income Statement": 1279000.0,
        "Depreciation And Amortization In Income Statement": 1279000.0,
        "Selling General And Administration": 9741000.0,
        "General And Administrative Expense": 9741000.0,
        "Other Gand A": 9741000.0,
        "Gross Profit": 14522000.0,
        "Cost Of Revenue": 101794000.0,
        "Total Revenue": 116316000.0,
        "Operating Revenue": 116316000.0
    },
    "2022-03-31": {
        "Diluted EPS": 0.03,
        "Total Revenue": 114,
        "Gross Profit": 14,
        "Operating Income": 2,
        "EBIT": 4,
        "Net Income": 1
    },
    "2021-12-31": {
        "Diluted EPS": -0.07,
        "Total Revenue": 112,
        "Gross Profit": 11,
        "Operating Income": -2,
        "EBIT": -1,
        "Net Income": -2
    },
    "2021-09-30": {
        "Diluted EPS": 0.04,
        "Total Revenue": 112,
        "Gross Profit": 12,
        "Operating Income": 2,
        "EBIT": 3,
        "Net Income": 1
    },
    "2021-06-30": {
        "Diluted EPS": 0.09,
        "Total Revenue": 110,
        "Gross Profit": 14,
        "Operating Income": 4,
        "EBIT": 5,
        "Net Income": 3
    },
    "2021-03-31": {
        "Diluted EPS": 0.03,
        "Total Revenue": 106,
        "Gross Profit": 12,
        "Operating Income": 2,
        "EBIT": 3,
        "Net Income": 1
    },
    "2020-12-31": {
        "Diluted EPS": 0.12,
        "Total Revenue": 108,
        "Gross Profit": 15,
        "Operating Income": 4,
        "EBIT": 5,
        "Net Income": 4
    },
    "2020-09-30": {
        "Diluted EPS": 0.15,
        "Total Revenue": 98,
        "Gross Profit": 13,
        "Operating Income": 4,
        "EBIT": 6,
        "Net Income": 4
    },
    "2020-06-30": {
        "Diluted EPS": 0.15,
        "Total Revenue": 93,
        "Gross Profit": 15,
        "Operating Income": 6,
        "EBIT": 7,
        "Net Income": 4
    },
    "2020-03-31": {
        "Diluted EPS": 0.1,
        "Total Revenue": 92,
        "Gross Profit": 12,
        "Operating Income": 4,
        "EBIT": 5,
        "Net Income": 3
    },
    "2019-12-31": {
        "Diluted EPS": -0.13,
        "Total Revenue": 89,
        "Gross Profit": 11,
        "Operating Income": -1,
        "EBIT": 0,
        "Net Income": -4
    },
    "2019-09-30": {
        "Diluted EPS": 0.06,
        "Total Revenue": 88,
        "Gross Profit": 12,
        "Operating Income": 2,
        "EBIT": 3,
        "Net Income": 2
    },
    "2019-06-30": {
        "Diluted EPS": 0.13,
        "Total Revenue": 83,
        "Gross Profit": 11,
        "Operating Income": 3,
        "EBIT": 4,
        "Net Income": 3
    },
    "2019-03-31": {
        "Diluted EPS": 0.05,
        "Total Revenue": 78,
        "Gross Profit": 11,
        "Operating Income": 2,
        "EBIT": 3,
        "Net Income": 1
    },
    "2018-12-31": {
        "Diluted EPS": 0.0,
        "Total Revenue": NaN,
        "Gross Profit": NaN,
        "Operating Income": NaN,
        "EBIT": NaN,
        "Net Income": NaN
    },
    "2018-09-30": {
        "Diluted EPS": 0.16,
        "Total Revenue": 73,
        "Gross Profit": 11,
        "Operating Income": 6,
        "EBIT": 6,
        "Net Income": 4
    },
    "2017-12-31": {
        "Diluted EPS": 0.0,
        "Total Revenue": NaN,
        "Gross Profit": NaN,
        "Operating Income": NaN,
        "EBIT": NaN,
        "Net Income": NaN
    },
    "2023-06-30": {
        "Tax Effect Of Unusual Items": NaN,
        "Tax Rate For Calcs": NaN,
        "Normalized EBITDA": NaN,
        "Total Unusual Items": NaN,
        "Total Unusual Items Excluding Goodwill": NaN,
        "Net Income From Continuing Operation Net Minority Interest": NaN,
        "Reconciled Depreciation": NaN,
        "Reconciled Cost Of Revenue": NaN,
        "EBITDA": NaN,
        "EBIT": NaN,
        "Net Interest Income": NaN,
        "Interest Expense": NaN,
        "Normalized Income": NaN,
        "Net Income From Continuing And Discontinued Operation": NaN,
        "Total Expenses": NaN,
        "Rent Expense Supplemental": NaN,
        "Total Operating Income As Reported": NaN,
        "Diluted Average Shares": 30193000.0,
        "Basic Average Shares": 29809000.0,
        "Diluted EPS": 0.09,
        "Basic EPS": 0.09,
        "Diluted NI Availto Com Stockholders": NaN,
        "Net Income Common Stockholders": NaN,
        "Net Income": NaN,
        "Minority Interests": NaN,
        "Net Income Including Noncontrolling Interests": NaN,
        "Net Income Continuous Operations": NaN,
        "Tax Provision": NaN,
        "Pretax Income": NaN,
        "Other Income Expense": NaN,
        "Other Non Operating Income Expenses": NaN,
        "Special Income Charges": NaN,
        "Gain On Sale Of Ppe": NaN,
        "Net Non Operating Interest Income Expense": NaN,
        "Interest Expense Non Operating": NaN,
        "Operating Income": NaN,
        "Operating Expense": NaN,
        "Depreciation Amortization Depletion Income Statement": NaN,
        "Depreciation And Amortization In Income Statement": NaN,
        "Selling General And Administration": NaN,
        "General And Administrative Expense": NaN,
        "Other Gand A": NaN,
        "Gross Profit": NaN,
        "Cost Of Revenue": NaN,
        "Total Revenue": NaN,
        "Operating Revenue": NaN
    },
    "2023-09-30": {
        "Tax Effect Of Unusual Items": NaN,
        "Tax Rate For Calcs": NaN,
        "Normalized EBITDA": NaN,
        "Total Unusual Items": NaN,
        "Total Unusual Items Excluding Goodwill": NaN,
        "Net Income From Continuing Operation Net Minority Interest": NaN,
        "Reconciled Depreciation": NaN,
        "Reconciled Cost Of Revenue": NaN,
        "EBITDA": NaN,
        "EBIT": NaN,
        "Net Interest Income": NaN,
        "Interest Expense": NaN,
        "Normalized Income": NaN,
        "Net Income From Continuing And Discontinued Operation": NaN,
        "Total Expenses": NaN,
        "Rent Expense Supplemental": NaN,
        "Total Operating Income As Reported": NaN,
        "Diluted Average Shares": 30206000.0,
        "Basic Average Shares": 29912000.0,
        "Diluted EPS": 0.15,
        "Basic EPS": 0.15,
        "Diluted NI Availto Com Stockholders": NaN,
        "Net Income Common Stockholders": NaN,
        "Net Income": NaN,
        "Minority Interests": NaN,
        "Net Income Including Noncontrolling Interests": NaN,
        "Net Income Continuous Operations": NaN,
        "Tax Provision": NaN,
        "Pretax Income": NaN,
        "Other Income Expense": NaN,
        "Other Non Operating Income Expenses": NaN,
        "Special Income Charges": NaN,
        "Gain On Sale Of Ppe": NaN,
        "Net Non Operating Interest Income Expense": NaN,
        "Interest Expense Non Operating": NaN,
        "Operating Income": NaN,
        "Operating Expense": NaN,
        "Depreciation Amortization Depletion Income Statement": NaN,
        "Depreciation And Amortization In Income Statement": NaN,
        "Selling General And Administration": NaN,
        "General And Administrative Expense": NaN,
        "Other Gand A": NaN,
        "Gross Profit": NaN,
        "Cost Of Revenue": NaN,
        "Total Revenue": NaN,
        "Operating Revenue": NaN
    },
    "2023-12-31": {
        "Tax Effect Of Unusual Items": -18621.017594,
        "Tax Rate For Calcs": 0.282137,
        "Normalized EBITDA": 9257000.0,
        "Total Unusual Items": -66000.0,
        "Total Unusual Items Excluding Goodwill": -66000.0,
        "Net Income From Continuing Operation Net Minority Interest": 4349000.0,
        "Reconciled Depreciation": 1313000.0,
        "Reconciled Cost Of Revenue": 127254000.0,
        "EBITDA": 9191000.0,
        "EBIT": 7878000.0,
        "Net Interest Income": -1569000.0,
        "Interest Expense": 1569000.0,
        "Normalized Income": 4396378.982406,
        "Net Income From Continuing And Discontinued Operation": 4349000.0,
        "Total Expenses": 138321000.0,
        "Rent Expense Supplemental": 10320000.0,
        "Total Operating Income As Reported": 7567000.0,
        "Diluted Average Shares": NaN,
        "Basic Average Shares": NaN,
        "Diluted EPS": NaN,
        "Basic EPS": NaN,
        "Diluted NI Availto Com Stockholders": 4349000.0,
        "Net Income Common Stockholders": 4349000.0,
        "Net Income": 4349000.0,
        "Minority Interests": -180000.0,
        "Net Income Including Noncontrolling Interests": 4529000.0,
        "Net Income Continuous Operations": 4529000.0,
        "Tax Provision": 1780000.0,
        "Pretax Income": 6309000.0,
        "Other Income Expense": 245000.0,
        "Other Non Operating Income Expenses": 311000.0,
        "Special Income Charges": -66000.0,
        "Gain On Sale Of Ppe": -66000.0,
        "Net Non Operating Interest Income Expense": -1569000.0,
        "Interest Expense Non Operating": 1569000.0,
        "Operating Income": 7633000.0,
        "Operating Expense": 11067000.0,
        "Depreciation Amortization Depletion Income Statement": 1313000.0,
        "Depreciation And Amortization In Income Statement": 1313000.0,
        "Selling General And Administration": 9754000.0,
        "General And Administrative Expense": 9754000.0,
        "Other Gand A": 9754000.0,
        "Gross Profit": 18700000.0,
        "Cost Of Revenue": 127254000.0,
        "Total Revenue": 145954000.0,
        "Operating Revenue": 145954000.0
    },
    "2024-03-31": {
        "Tax Effect Of Unusual Items": 194813.701042,
        "Tax Rate For Calcs": 0.258031,
        "Normalized EBITDA": 9185000.0,
        "Total Unusual Items": 755000.0,
        "Total Unusual Items Excluding Goodwill": 755000.0,
        "Net Income From Continuing Operation Net Minority Interest": 4906000.0,
        "Reconciled Depreciation": 1331000.0,
        "Reconciled Cost Of Revenue": 136379000.0,
        "EBITDA": 9940000.0,
        "EBIT": 8609000.0,
        "Net Interest Income": -1792000.0,
        "Interest Expense": 1792000.0,
        "Normalized Income": 4345813.701042,
        "Net Income From Continuing And Discontinued Operation": 4906000.0,
        "Total Expenses": 149146000.0,
        "Rent Expense Supplemental": 10384000.0,
        "Total Operating Income As Reported": 8524000.0,
        "Diluted Average Shares": 30403000.0,
        "Basic Average Shares": 30046000.0,
        "Diluted EPS": 0.16,
        "Basic EPS": 0.16,
        "Diluted NI Availto Com Stockholders": 4906000.0,
        "Net Income Common Stockholders": 4906000.0,
        "Net Income": 4906000.0,
        "Minority Interests": -152000.0,
        "Net Income Including Noncontrolling Interests": 5058000.0,
        "Net Income Continuous Operations": 5058000.0,
        "Tax Provision": 1759000.0,
        "Pretax Income": 6817000.0,
        "Other Income Expense": 840000.0,
        "Other Non Operating Income Expenses": 85000.0,
        "Special Income Charges": 755000.0,
        "Gain On Sale Of Ppe": 755000.0,
        "Net Non Operating Interest Income Expense": -1792000.0,
        "Interest Expense Non Operating": 1792000.0,
        "Operating Income": 7769000.0,
        "Operating Expense": 12767000.0,
        "Depreciation Amortization Depletion Income Statement": 1331000.0,
        "Depreciation And Amortization In Income Statement": 1331000.0,
        "Selling General And Administration": 11436000.0,
        "General And Administrative Expense": 11436000.0,
        "Other Gand A": 11436000.0,
        "Gross Profit": 20536000.0,
        "Cost Of Revenue": 136379000.0,
        "Total Revenue": 156915000.0,
        "Operating Revenue": 156915000.0
    },
    "2024-06-30": {
        "Tax Effect Of Unusual Items": 0.0,
        "Tax Rate For Calcs": 0.2323,
        "Normalized EBITDA": 11028000.0,
        "Total Unusual Items": 0.0,
        "Total Unusual Items Excluding Goodwill": 0.0,
        "Net Income From Continuing Operation Net Minority Interest": 5690000.0,
        "Reconciled Depreciation": 1468000.0,
        "Reconciled Cost Of Revenue": 145837000.0,
        "EBITDA": 11028000.0,
        "EBIT": 9560000.0,
        "Net Interest Income": -1622000.0,
        "Interest Expense": 1622000.0,
        "Normalized Income": 5690000.0,
        "Net Income From Continuing And Discontinued Operation": 5690000.0,
        "Total Expenses": 159183000.0,
        "Rent Expense Supplemental": 10524000.0,
        "Total Operating Income As Reported": 9562000.0,
        "Diluted Average Shares": 30781000.0,
        "Basic Average Shares": 30142000.0,
        "Diluted EPS": 0.18,
        "Basic EPS": 0.19,
        "Diluted NI Availto Com Stockholders": 5690000.0,
        "Net Income Common Stockholders": 5690000.0,
        "Net Income": 5690000.0,
        "Minority Interests": -404000.0,
        "Net Income Including Noncontrolling Interests": 6094000.0,
        "Net Income Continuous Operations": 6094000.0,
        "Tax Provision": 1844000.0,
        "Pretax Income": 7938000.0,
        "Other Income Expense": -2000.0,
        "Other Non Operating Income Expenses": -2000.0,
        "Special Income Charges": 0.0,
        "Gain On Sale Of Ppe": 0.0,
        "Net Non Operating Interest Income Expense": -1622000.0,
        "Interest Expense Non Operating": 1622000.0,
        "Operating Income": 9562000.0,
        "Operating Expense": 13346000.0,
        "Depreciation Amortization Depletion Income Statement": 1468000.0,
        "Depreciation And Amortization In Income Statement": 1468000.0,
        "Selling General And Administration": 11878000.0,
        "General And Administrative Expense": 11878000.0,
        "Other Gand A": 11878000.0,
        "Gross Profit": 22908000.0,
        "Cost Of Revenue": 145837000.0,
        "Total Revenue": 168745000.0,
        "Operating Revenue": 168745000.0
    },
    "2024-09-30": {
        "Tax Effect Of Unusual Items": -676.070403,
        "Tax Rate For Calcs": 0.169018,
        "Normalized EBITDA": 12400000.0,
        "Total Unusual Items": -4000.0,
        "Total Unusual Items Excluding Goodwill": -4000.0,
        "Net Income From Continuing Operation Net Minority Interest": 6205000.0,
        "Reconciled Depreciation": 1493000.0,
        "Reconciled Cost Of Revenue": 155374000.0,
        "EBITDA": 12396000.0,
        "EBIT": 10903000.0,
        "Net Interest Income": -2892000.0,
        "Interest Expense": 2892000.0,
        "Normalized Income": 6208323.929597,
        "Net Income From Continuing And Discontinued Operation": 6205000.0,
        "Total Expenses": 169890000.0,
        "Rent Expense Supplemental": 10906000.0,
        "Total Operating Income As Reported": 10794000.0,
        "Diluted Average Shares": 31363000.0,
        "Basic Average Shares": 30281000.0,
        "Diluted EPS": 0.2,
        "Basic EPS": 0.2,
        "Diluted NI Availto Com Stockholders": 6205000.0,
        "Net Income Common Stockholders": 6205000.0,
        "Net Income": 6205000.0,
        "Minority Interests": -452000.0,
        "Net Income Including Noncontrolling Interests": 6657000.0,
        "Net Income Continuous Operations": 6657000.0,
        "Tax Provision": 1354000.0,
        "Pretax Income": 8011000.0,
        "Other Income Expense": 105000.0,
        "Other Non Operating Income Expenses": 109000.0,
        "Special Income Charges": -4000.0,
        "Gain On Sale Of Ppe": -4000.0,
        "Net Non Operating Interest Income Expense": -2892000.0,
        "Interest Expense Non Operating": 2892000.0,
        "Operating Income": 10798000.0,
        "Operating Expense": 14516000.0,
        "Depreciation Amortization Depletion Income Statement": 1493000.0,
        "Depreciation And Amortization In Income Statement": 1493000.0,
        "Selling General And Administration": 13023000.0,
        "General And Administrative Expense": 13023000.0,
        "Other Gand A": 13023000.0,
        "Gross Profit": 25314000.0,
        "Cost Of Revenue": 155374000.0,
        "Total Revenue": 180688000.0,
        "Operating Revenue": 180688000.0
    },
    "2024-12-31": {
        "Tax Effect Of Unusual Items": -16614.230903,
        "Tax Rate For Calcs": 0.240786,
        "Normalized EBITDA": 11147000.0,
        "Total Unusual Items": -69000.0,
        "Total Unusual Items Excluding Goodwill": -69000.0,
        "Net Income From Continuing Operation Net Minority Interest": 5758000.0,
        "Reconciled Depreciation": 1827000.0,
        "Reconciled Cost Of Revenue": 163888000.0,
        "EBITDA": 11078000.0,
        "EBIT": 9251000.0,
        "Net Interest Income": -650000.0,
        "Interest Expense": 650000.0,
        "Normalized Income": 5810385.769097,
        "Net Income From Continuing And Discontinued Operation": 5758000.0,
        "Total Expenses": 179587000.0,
        "Rent Expense Supplemental": 11215000.0,
        "Total Operating Income As Reported": 9236000.0,
        "Diluted Average Shares": 35333000.0,
        "Basic Average Shares": 34269000.0,
        "Diluted EPS": 0.16,
        "Basic EPS": 0.17,
        "Diluted NI Availto Com Stockholders": 5758000.0,
        "Net Income Common Stockholders": 5758000.0,
        "Net Income": 5758000.0,
        "Minority Interests": -772000.0,
        "Net Income Including Noncontrolling Interests": 6530000.0,
        "Net Income Continuous Operations": 6530000.0,
        "Tax Provision": 2071000.0,
        "Pretax Income": 8601000.0,
        "Other Income Expense": -54000.0,
        "Other Non Operating Income Expenses": 15000.0,
        "Special Income Charges": -69000.0,
        "Gain On Sale Of Ppe": -69000.0,
        "Net Non Operating Interest Income Expense": -650000.0,
        "Interest Expense Non Operating": 650000.0,
        "Operating Income": 9305000.0,
        "Operating Expense": 15699000.0,
        "Depreciation Amortization Depletion Income Statement": 1827000.0,
        "Depreciation And Amortization In Income Statement": 1827000.0,
        "Selling General And Administration": 13872000.0,
        "General And Administrative Expense": 13872000.0,
        "Other Gand A": 13872000.0,
        "Gross Profit": 25004000.0,
        "Cost Of Revenue": 163888000.0,
        "Total Revenue": 188892000.0,
        "Operating Revenue": 188892000.0
    },
    "2025-03-31": {
        "Tax Effect Of Unusual Items": 0.0,
        "Tax Rate For Calcs": 0.251,
        "Normalized EBITDA": 14473000.0,
        "Total Unusual Items": 0.0,
        "Total Unusual Items Excluding Goodwill": 0.0,
        "Net Income From Continuing Operation Net Minority Interest": 7775000.0,
        "Reconciled Depreciation": 1892000.0,
        "Reconciled Cost Of Revenue": 180460000.0,
        "EBITDA": 14473000.0,
        "EBIT": 12581000.0,
        "Net Interest Income": -1205000.0,
        "Interest Expense": 1205000.0,
        "Normalized Income": 7775000.0,
        "Net Income From Continuing And Discontinued Operation": 7775000.0,
        "Total Expenses": 197192000.0,
        "Rent Expense Supplemental": 11715000.0,
        "Total Operating Income As Reported": 12650000.0,
        "Diluted Average Shares": 35202000.0,
        "Basic Average Shares": 34471000.0,
        "Diluted EPS": 0.22,
        "Basic EPS": 0.23,
        "Diluted NI Availto Com Stockholders": 7775000.0,
        "Net Income Common Stockholders": 7775000.0,
        "Net Income": 7775000.0,
        "Minority Interests": -747000.0,
        "Net Income Including Noncontrolling Interests": 8522000.0,
        "Net Income Continuous Operations": 8522000.0,
        "Tax Provision": 2854000.0,
        "Pretax Income": 11376000.0,
        "Other Income Expense": -69000.0,
        "Other Non Operating Income Expenses": -69000.0,
        "Special Income Charges": 0.0,
        "Gain On Sale Of Ppe": 0.0,
        "Net Non Operating Interest Income Expense": -1205000.0,
        "Interest Expense Non Operating": 1205000.0,
        "Operating Income": 12650000.0,
        "Operating Expense": 16732000.0,
        "Depreciation Amortization Depletion Income Statement": 1892000.0,
        "Depreciation And Amortization In Income Statement": 1892000.0,
        "Selling General And Administration": 14840000.0,
        "General And Administrative Expense": 14840000.0,
        "Other Gand A": 14840000.0,
        "Gross Profit": 29382000.0,
        "Cost Of Revenue": 180460000.0,
        "Total Revenue": 209842000.0,
        "Operating Revenue": 209842000.0
    },
    "2025-06-30": {
        "Tax Effect Of Unusual Items": 257368.749409,
        "Tax Rate For Calcs": 0.245581,
        "Normalized EBITDA": 12959000.0,
        "Total Unusual Items": 1048000.0,
        "Total Unusual Items Excluding Goodwill": 1048000.0,
        "Net Income From Continuing Operation Net Minority Interest": 7085000.0,
        "Reconciled Depreciation": 2224000.0,
        "Reconciled Cost Of Revenue": 189200000.0,
        "EBITDA": 14007000.0,
        "EBIT": 11783000.0,
        "Net Interest Income": -1204000.0,
        "Interest Expense": 1204000.0,
        "Normalized Income": 6294368.749409,
        "Net Income From Continuing And Discontinued Operation": 7085000.0,
        "Total Expenses": 209021000.0,
        "Rent Expense Supplemental": 11925000.0,
        "Total Operating Income As Reported": 11528000.0,
        "Diluted Average Shares": 35372000.0,
        "Basic Average Shares": 34529000.0,
        "Diluted EPS": 0.2,
        "Basic EPS": 0.21,
        "Diluted NI Availto Com Stockholders": 7085000.0,
        "Net Income Common Stockholders": 7085000.0,
        "Net Income": 7085000.0,
        "Minority Interests": -896000.0,
        "Net Income Including Noncontrolling Interests": 7981000.0,
        "Net Income Continuous Operations": 7981000.0,
        "Tax Provision": 2598000.0,
        "Pretax Income": 10579000.0,
        "Other Income Expense": 1303000.0,
        "Other Non Operating Income Expenses": 255000.0,
        "Special Income Charges": 1048000.0,
        "Gain On Sale Of Ppe": 1048000.0,
        "Net Non Operating Interest Income Expense": -1204000.0,
        "Interest Expense Non Operating": 1204000.0,
        "Operating Income": 10480000.0,
        "Operating Expense": 19821000.0,
        "Depreciation Amortization Depletion Income Statement": 2224000.0,
        "Depreciation And Amortization In Income Statement": 2224000.0,
        "Selling General And Administration": 17597000.0,
        "General And Administrative Expense": 17597000.0,
        "Other Gand A": 17597000.0,
        "Gross Profit": 30301000.0,
        "Cost Of Revenue": 189200000.0,
        "Total Revenue": 219501000.0,
        "Operating Revenue": 219501000.0
    },
    "2025-09-30": {
        "Tax Effect Of Unusual Items": 13655.678435,
        "Tax Rate For Calcs": 0.267758,
        "Normalized EBITDA": 12432000.0,
        "Total Unusual Items": 51000.0,
        "Total Unusual Items Excluding Goodwill": 51000.0,
        "Net Income From Continuing Operation Net Minority Interest": 6081000.0,
        "Reconciled Depreciation": 2063000.0,
        "Reconciled Cost Of Revenue": 197493000.0,
        "EBITDA": 12483000.0,
        "EBIT": 10420000.0,
        "Net Interest Income": -1016000.0,
        "Interest Expense": 1016000.0,
        "Normalized Income": 6043655.678435,
        "Net Income From Continuing And Discontinued Operation": 6081000.0,
        "Total Expenses": 218852000.0,
        "Rent Expense Supplemental": 12063000.0,
        "Total Operating Income As Reported": 10238000.0,
        "Diluted Average Shares": 35270000.0,
        "Basic Average Shares": 34600000.0,
        "Diluted EPS": 0.17,
        "Basic EPS": 0.18,
        "Diluted NI Availto Com Stockholders": 6081000.0,
        "Net Income Common Stockholders": 6081000.0,
        "Net Income": 6081000.0,
        "Minority Interests": -805000.0,
        "Net Income Including Noncontrolling Interests": 6886000.0,
        "Net Income Continuous Operations": 6886000.0,
        "Tax Provision": 2518000.0,
        "Pretax Income": 9404000.0,
        "Other Income Expense": 233000.0,
        "Other Non Operating Income Expenses": 182000.0,
        "Special Income Charges": 51000.0,
        "Gain On Sale Of Ppe": 51000.0,
        "Net Non Operating Interest Income Expense": -1016000.0,
        "Interest Expense Non Operating": 1016000.0,
        "Operating Income": 10187000.0,
        "Operating Expense": 21359000.0,
        "Depreciation Amortization Depletion Income Statement": 2063000.0,
        "Depreciation And Amortization In Income Statement": 2063000.0,
        "Selling General And Administration": 19296000.0,
        "General And Administrative Expense": 19296000.0,
        "Other Gand A": 19296000.0,
        "Gross Profit": 31546000.0,
        "Cost Of Revenue": 197493000.0,
        "Total Revenue": 229039000.0,
        "Operating Revenue": 229039000.0
    }
}