{
    "2023-03-31": {
        "Tax Effect Of Unusual Items": NaN,
        "Tax Rate For Calcs": NaN,
        "Normalized EBITDA": NaN,
        "Total Unusual Items": NaN,
        "Total Unusual Items Excluding Goodwill": NaN,
        "Net Income From Continuing Operation Net Minority Interest": NaN,
        "Reconciled Depreciation": NaN,
        "Reconciled Cost Of Revenue": NaN,
        "EBITDA": NaN,
        "EBIT": NaN,
        "Net Interest Income": NaN,
        "Interest Expense": NaN,
        "Interest Income": NaN,
        "Normalized Income": NaN,
        "Net Income From Continuing And Discontinued Operation": NaN,
        "Total Expenses": NaN,
        "Total Operating Income As Reported": NaN,
        "Diluted Average Shares": NaN,
        "Basic Average Shares": NaN,
        "Diluted EPS": NaN,
        "Basic EPS": NaN,
        "Diluted NI Availto Com Stockholders": NaN,
        "Net Income Common Stockholders": NaN,
        "Net Income": NaN,
        "Minority Interests": NaN,
        "Net Income Including Noncontrolling Interests": NaN,
        "Net Income Continuous Operations": NaN,
        "Tax Provision": NaN,
        "Pretax Income": NaN,
        "Other Income Expense": NaN,
        "Other Non Operating Income Expenses": NaN,
        "Special Income Charges": NaN,
        "Gain On Sale Of Business": NaN,
        "Other Special Charges": NaN,
        "Gain On Sale Of Security": NaN,
        "Net Non Operating Interest Income Expense": NaN,
        "Interest Expense Non Operating": NaN,
        "Interest Income Non Operating": NaN,
        "Operating Income": NaN,
        "Operating Expense": NaN,
        "Other Operating Expenses": NaN,
        "Other Taxes": NaN,
        "Depreciation Amortization Depletion Income Statement": NaN,
        "Depreciation And Amortization In Income Statement": NaN,
        "Selling General And Administration": -9865000.0,
        "General And Administrative Expense": -9865000.0,
        "Salaries And Wages": -9865000.0,
        "Gross Profit": NaN,
        "Cost Of Revenue": NaN,
        "Total Revenue": NaN,
        "Operating Revenue": NaN
    },
    "2022-12-31": {
        "Tax Effect Of Unusual Items": -1245911.872275,
        "Tax Rate For Calcs": 0.307709,
        "Normalized EBITDA": 249378000.0,
        "Total Unusual Items": -4049000.0,
        "Total Unusual Items Excluding Goodwill": -4049000.0,
        "Net Income From Continuing Operation Net Minority Interest": -23992000.0,
        "Reconciled Depreciation": 204856000.0,
        "Reconciled Cost Of Revenue": 711844000.0,
        "EBITDA": 245329000.0,
        "EBIT": 40473000.0,
        "Net Interest Income": -66701000.0,
        "Interest Expense": 68909000.0,
        "Interest Income": 2208000.0,
        "Normalized Income": -21188911.872275,
        "Net Income From Continuing And Discontinued Operation": -23992000.0,
        "Total Expenses": 972563000.0,
        "Total Operating Income As Reported": 36751000.0,
        "Diluted Average Shares": 113535000.0,
        "Basic Average Shares": 113298000.0,
        "Diluted EPS": -0.21,
        "Basic EPS": -0.21,
        "Diluted NI Availto Com Stockholders": -23992000.0,
        "Net Income Common Stockholders": -23992000.0,
        "Net Income": -23992000.0,
        "Minority Interests": -4306000.0,
        "Net Income Including Noncontrolling Interests": -19686000.0,
        "Net Income Continuous Operations": -19686000.0,
        "Tax Provision": -8750000.0,
        "Pretax Income": -28436000.0,
        "Other Income Expense": 1514000.0,
        "Other Non Operating Income Expenses": 5563000.0,
        "Special Income Charges": 14297000.0,
        "Gain On Sale Of Business": NaN,
        "Other Special Charges": -14297000.0,
        "Gain On Sale Of Security": -18346000.0,
        "Net Non Operating Interest Income Expense": -66701000.0,
        "Interest Expense Non Operating": 68909000.0,
        "Interest Income Non Operating": 2208000.0,
        "Operating Income": 36751000.0,
        "Operating Expense": 245567000.0,
        "Other Operating Expenses": 1084000.0,
        "Other Taxes": 54779000.0,
        "Depreciation Amortization Depletion Income Statement": 189704000.0,
        "Depreciation And Amortization In Income Statement": 189704000.0,
        "Gross Profit": 282318000.0,
        "Cost Of Revenue": 726996000.0,
        "Total Revenue": 1009314000.0,
        "Operating Revenue": 1009314000.0
    },
    "2022-09-30": {
        "Tax Effect Of Unusual Items": NaN,
        "Tax Rate For Calcs": NaN,
        "Normalized EBITDA": NaN,
        "Total Unusual Items": NaN,
        "Total Unusual Items Excluding Goodwill": NaN,
        "Net Income From Continuing Operation Net Minority Interest": NaN,
        "Reconciled Depreciation": NaN,
        "Reconciled Cost Of Revenue": NaN,
        "EBITDA": NaN,
        "EBIT": NaN,
        "Net Interest Income": NaN,
        "Interest Expense": NaN,
        "Interest Income": NaN,
        "Normalized Income": NaN,
        "Net Income From Continuing And Discontinued Operation": NaN,
        "Total Expenses": NaN,
        "Total Operating Income As Reported": NaN,
        "Diluted Average Shares": NaN,
        "Basic Average Shares": NaN,
        "Diluted EPS": NaN,
        "Basic EPS": NaN,
        "Diluted NI Availto Com Stockholders": NaN,
        "Net Income Common Stockholders": NaN,
        "Net Income": NaN,
        "Minority Interests": NaN,
        "Net Income Including Noncontrolling Interests": NaN,
        "Net Income Continuous Operations": NaN,
        "Tax Provision": NaN,
        "Pretax Income": NaN,
        "Other Income Expense": NaN,
        "Other Non Operating Income Expenses": NaN,
        "Special Income Charges": NaN,
        "Gain On Sale Of Business": 0.0,
        "Other Special Charges": NaN,
        "Gain On Sale Of Security": NaN,
        "Net Non Operating Interest Income Expense": NaN,
        "Interest Expense Non Operating": NaN,
        "Interest Income Non Operating": NaN,
        "Operating Income": NaN,
        "Operating Expense": NaN,
        "Other Operating Expenses": NaN,
        "Other Taxes": NaN,
        "Depreciation Amortization Depletion Income Statement": NaN,
        "Depreciation And Amortization In Income Statement": NaN,
        "Selling General And Administration": NaN,
        "General And Administrative Expense": NaN,
        "Salaries And Wages": NaN,
        "Gross Profit": NaN,
        "Cost Of Revenue": NaN,
        "Total Revenue": NaN,
        "Operating Revenue": NaN
    },
    "2022-06-30": {
        "Tax Effect Of Unusual Items": 1572944.855765,
        "Tax Rate For Calcs": 0.136647,
        "Normalized EBITDA": 447513000.0,
        "Total Unusual Items": 11511000.0,
        "Total Unusual Items Excluding Goodwill": 11511000.0,
        "Net Income From Continuing Operation Net Minority Interest": 164312000.0,
        "Reconciled Depreciation": 201488000.0,
        "Reconciled Cost Of Revenue": 582583000.0,
        "EBITDA": 459024000.0,
        "EBIT": 257536000.0,
        "Net Interest Income": -60539000.0,
        "Interest Expense": 62230000.0,
        "Interest Income": 1691000.0,
        "Normalized Income": 154373944.855765,
        "Net Income From Continuing And Discontinued Operation": 164312000.0,
        "Total Expenses": 838574000.0,
        "Total Operating Income As Reported": 223095000.0,
        "Diluted Average Shares": 113369000.0,
        "Basic Average Shares": 113172000.0,
        "Diluted EPS": 1.45,
        "Basic EPS": 1.45,
        "Diluted NI Availto Com Stockholders": 164312000.0,
        "Net Income Common Stockholders": 164312000.0,
        "Net Income": 164312000.0,
        "Minority Interests": -4306000.0,
        "Net Income Including Noncontrolling Interests": 168618000.0,
        "Net Income Continuous Operations": 168618000.0,
        "Tax Provision": 26688000.0,
        "Pretax Income": 195306000.0,
        "Other Income Expense": 32750000.0,
        "Other Non Operating Income Expenses": 21239000.0,
        "Special Income Charges": 12086000.0,
        "Other Special Charges": -12086000.0,
        "Gain On Sale Of Security": -575000.0,
        "Net Non Operating Interest Income Expense": -60539000.0,
        "Interest Expense Non Operating": 62230000.0,
        "Interest Income Non Operating": 1691000.0,
        "Operating Income": 223095000.0,
        "Operating Expense": 241000000.0,
        "Other Operating Expenses": 385000.0,
        "Other Taxes": 54118000.0,
        "Depreciation Amortization Depletion Income Statement": 186497000.0,
        "Depreciation And Amortization In Income Statement": 186497000.0,
        "Gross Profit": 464095000.0,
        "Cost Of Revenue": 597574000.0,
        "Total Revenue": 1061669000.0,
        "Operating Revenue": 1061669000.0
    },
    "2023-06-30": {
        "Tax Effect Of Unusual Items": NaN,
        "Tax Rate For Calcs": NaN,
        "Normalized EBITDA": NaN,
        "Total Unusual Items": NaN,
        "Total Unusual Items Excluding Goodwill": NaN,
        "Net Income From Continuing Operation Net Minority Interest": NaN,
        "Reconciled Depreciation": NaN,
        "Reconciled Cost Of Revenue": NaN,
        "EBITDA": NaN,
        "EBIT": NaN,
        "Net Interest Income": NaN,
        "Interest Expense": NaN,
        "Interest Income": NaN,
        "Normalized Income": NaN,
        "Net Income From Continuing And Discontinued Operation": NaN,
        "Total Expenses": NaN,
        "Total Operating Income As Reported": NaN,
        "Diluted Average Shares": NaN,
        "Basic Average Shares": NaN,
        "Diluted EPS": NaN,
        "Basic EPS": NaN,
        "Diluted NI Availto Com Stockholders": NaN,
        "Net Income Common Stockholders": NaN,
        "Net Income": NaN,
        "Minority Interests": NaN,
        "Net Income Including Noncontrolling Interests": NaN,
        "Net Income Continuous Operations": NaN,
        "Tax Provision": NaN,
        "Pretax Income": NaN,
        "Other Income Expense": NaN,
        "Other Non Operating Income Expenses": NaN,
        "Special Income Charges": NaN,
        "Gain On Sale Of Business": NaN,
        "Other Special Charges": NaN,
        "Gain On Sale Of Security": NaN,
        "Net Non Operating Interest Income Expense": NaN,
        "Interest Expense Non Operating": NaN,
        "Interest Income Non Operating": NaN,
        "Operating Income": NaN,
        "Operating Expense": NaN,
        "Other Operating Expenses": NaN,
        "Other Taxes": NaN,
        "Depreciation Amortization Depletion Income Statement": NaN,
        "Depreciation And Amortization In Income Statement": NaN,
        "Selling General And Administration": -10474000.0,
        "General And Administrative Expense": -10474000.0,
        "Salaries And Wages": -10474000.0,
        "Gross Profit": NaN,
        "Cost Of Revenue": NaN,
        "Total Revenue": NaN,
        "Operating Revenue": NaN
    },
    "2022-03-31": {
        "Diluted EPS": 0.15,
        "Total Revenue": 784,
        "Gross Profit": 518,
        "Operating Income": 54,
        "EBIT": 298,
        "Net Income": 17
    },
    "2021-12-31": {
        "Diluted EPS": 0.24,
        "Total Revenue": 799,
        "Gross Profit": 542,
        "Operating Income": 50,
        "EBIT": 256,
        "Net Income": 28
    },
    "2021-09-30": {
        "Diluted EPS": 3.0,
        "Total Revenue": NaN,
        "Gross Profit": 881,
        "Operating Income": 429,
        "EBIT": 626,
        "Net Income": 340
    },
    "2021-06-30": {
        "Diluted EPS": 1.91,
        "Total Revenue": NaN,
        "Gross Profit": 730,
        "Operating Income": 278,
        "EBIT": 464,
        "Net Income": 216
    },
    "2021-03-31": {
        "Diluted EPS": 0.32,
        "Total Revenue": 696,
        "Gross Profit": 498,
        "Operating Income": 48,
        "EBIT": 223,
        "Net Income": 36
    },
    "2020-12-31": {
        "Diluted EPS": -0.18,
        "Total Revenue": 741,
        "Gross Profit": 528,
        "Operating Income": 31,
        "EBIT": 199,
        "Net Income": -19
    },
    "2020-09-30": {
        "Diluted EPS": 3.07,
        "Total Revenue": NaN,
        "Gross Profit": 901,
        "Operating Income": 455,
        "EBIT": 623,
        "Net Income": 346
    },
    "2020-06-30": {
        "Diluted EPS": 1.71,
        "Total Revenue": 930,
        "Gross Profit": 691,
        "Operating Income": 262,
        "EBIT": 429,
        "Net Income": 194
    },
    "2020-03-31": {
        "Diluted EPS": 0.27,
        "Total Revenue": 662,
        "Gross Profit": 473,
        "Operating Income": 40,
        "EBIT": 212,
        "Net Income": 30
    },
    "2019-12-31": {
        "Diluted EPS": 0.56,
        "Total Revenue": 670,
        "Gross Profit": 446,
        "Operating Income": 12,
        "EBIT": 186,
        "Net Income": 64
    },
    "2019-09-30": {
        "Diluted EPS": 2.77,
        "Total Revenue": NaN,
        "Gross Profit": 846,
        "Operating Income": 403,
        "EBIT": 587,
        "Net Income": 312
    },
    "2019-06-30": {
        "Diluted EPS": 1.28,
        "Total Revenue": 870,
        "Gross Profit": 627,
        "Operating Income": 197,
        "EBIT": 371,
        "Net Income": 144
    },
    "2019-03-31": {
        "Diluted EPS": 0.16,
        "Total Revenue": 741,
        "Gross Profit": 510,
        "Operating Income": 60,
        "EBIT": 241,
        "Net Income": 18
    },
    "2018-12-31": {
        "Diluted EPS": 0.23,
        "Total Revenue": 756,
        "Gross Profit": 524,
        "Operating Income": 67,
        "EBIT": 252,
        "Net Income": 26
    },
    "2018-09-30": {
        "Diluted EPS": 2.8,
        "Total Revenue": NaN,
        "Gross Profit": 878,
        "Operating Income": 433,
        "EBIT": 639,
        "Net Income": 315
    },
    "2018-06-30": {
        "Diluted EPS": 1.48,
        "Total Revenue": 974,
        "Gross Profit": 717,
        "Operating Income": 242,
        "EBIT": 435,
        "Net Income": 167
    },
    "2018-03-31": {
        "Diluted EPS": 0.03,
        "Total Revenue": 693,
        "Gross Profit": 496,
        "Operating Income": 31,
        "EBIT": 215,
        "Net Income": 3
    },
    "2017-12-31": {
        "Diluted EPS": 0.19,
        "Total Revenue": 760,
        "Gross Profit": 556,
        "Operating Income": 86,
        "EBIT": 254,
        "Net Income": 22
    },
    "2017-09-30": {
        "Diluted EPS": 2.46,
        "Total Revenue": NaN,
        "Gross Profit": 873,
        "Operating Income": 460,
        "EBIT": 609,
        "Net Income": 276
    },
    "2017-06-30": {
        "Diluted EPS": 1.49,
        "Total Revenue": 945,
        "Gross Profit": 690,
        "Operating Income": 297,
        "EBIT": 431,
        "Net Income": 167
    },
    "2017-03-31": {
        "Diluted EPS": 0.21,
        "Total Revenue": 678,
        "Gross Profit": 465,
        "Operating Income": 67,
        "EBIT": 211,
        "Net Income": 23
    },
    "2016-12-31": {
        "Diluted EPS": 0.48,
        "Total Revenue": 739,
        "Gross Profit": 496,
        "Operating Income": 102,
        "EBIT": 254,
        "Net Income": 53
    },
    "2016-09-30": {
        "Diluted EPS": 2.35,
        "Total Revenue": NaN,
        "Gross Profit": 831,
        "Operating Income": 451,
        "EBIT": 606,
        "Net Income": 263
    },
    "2016-06-30": {
        "Diluted EPS": 1.08,
        "Total Revenue": 915,
        "Gross Profit": 641,
        "Operating Income": 232,
        "EBIT": 385,
        "Net Income": 121
    },
    "2016-03-31": {
        "Diluted EPS": 0.04,
        "Total Revenue": 677,
        "Gross Profit": 456,
        "Operating Income": 50,
        "EBIT": 193,
        "Net Income": 4
    },
    "2015-12-31": {
        "Diluted EPS": 0.38,
        "Total Revenue": 734,
        "Gross Profit": 502,
        "Operating Income": 110,
        "EBIT": 236,
        "Net Income": 41
    },
    "2015-09-30": {
        "Diluted EPS": 2.3,
        "Total Revenue": NaN,
        "Gross Profit": 835,
        "Operating Income": 445,
        "EBIT": 599,
        "Net Income": 257
    },
    "2015-06-30": {
        "Diluted EPS": 1.1,
        "Total Revenue": 891,
        "Gross Profit": 609,
        "Operating Income": 232,
        "EBIT": 379,
        "Net Income": 123
    },
    "2015-03-31": {
        "Diluted EPS": 0.14,
        "Total Revenue": 671,
        "Gross Profit": 448,
        "Operating Income": 68,
        "EBIT": 215,
        "Net Income": 16
    },
    "2014-12-31": {
        "Diluted EPS": 0.05,
        "Total Revenue": 726,
        "Gross Profit": 470,
        "Operating Income": 60,
        "EBIT": 194,
        "Net Income": 5
    },
    "2014-09-30": {
        "Diluted EPS": 2.2,
        "Total Revenue": NaN,
        "Gross Profit": 790,
        "Operating Income": 422,
        "EBIT": 560,
        "Net Income": 244
    },
    "2014-06-30": {
        "Diluted EPS": 1.19,
        "Total Revenue": 906,
        "Gross Profit": 615,
        "Operating Income": 254,
        "EBIT": 388,
        "Net Income": 132
    },
    "2014-03-31": {
        "Diluted EPS": 0.14,
        "Total Revenue": 686,
        "Gross Profit": 436,
        "Operating Income": 75,
        "EBIT": 206,
        "Net Income": 16
    },
    "2013-12-31": {
        "Diluted EPS": 0.22,
        "Total Revenue": 700,
        "Gross Profit": 463,
        "Operating Income": 84,
        "EBIT": 206,
        "Net Income": 24
    },
    "2013-09-30": {
        "Diluted EPS": 2.04,
        "Total Revenue": NaN,
        "Gross Profit": 801,
        "Operating Income": 416,
        "EBIT": 556,
        "Net Income": 226
    },
    "2013-06-30": {
        "Diluted EPS": 1.18,
        "Total Revenue": 916,
        "Gross Profit": 638,
        "Operating Income": 260,
        "EBIT": 395,
        "Net Income": 131
    },
    "2013-03-31": {
        "Diluted EPS": 0.22,
        "Total Revenue": 687,
        "Gross Profit": 456,
        "Operating Income": 87,
        "EBIT": 212,
        "Net Income": 24
    },
    "2012-12-31": {
        "Diluted EPS": 0.21,
        "Total Revenue": 693,
        "Gross Profit": 482,
        "Operating Income": 101,
        "EBIT": 197,
        "Net Income": 23
    },
    "2012-09-30": {
        "Diluted EPS": 2.21,
        "Total Revenue": NaN,
        "Gross Profit": 807,
        "Operating Income": 448,
        "EBIT": 531,
        "Net Income": 245
    },
    "2012-06-30": {
        "Diluted EPS": 1.11,
        "Total Revenue": 879,
        "Gross Profit": 614,
        "Operating Income": 254,
        "EBIT": 346,
        "Net Income": 122
    },
    "2012-03-31": {
        "Diluted EPS": -0.08,
        "Total Revenue": 621,
        "Gross Profit": 404,
        "Operating Income": 48,
        "EBIT": 142,
        "Net Income": -8
    },
    "2011-12-31": {
        "Diluted EPS": 0.12,
        "Total Revenue": 668,
        "Gross Profit": 452,
        "Operating Income": 79,
        "EBIT": 168,
        "Net Income": 13
    },
    "2011-09-30": {
        "Diluted EPS": 2.32,
        "Total Revenue": NaN,
        "Gross Profit": 787,
        "Operating Income": 435,
        "EBIT": 507,
        "Net Income": 255
    },
    "2011-06-30": {
        "Diluted EPS": 0.79,
        "Total Revenue": 800,
        "Gross Profit": 556,
        "Operating Income": 197,
        "EBIT": 282,
        "Net Income": 87
    },
    "2011-03-31": {
        "Diluted EPS": -0.14,
        "Total Revenue": 649,
        "Gross Profit": 437,
        "Operating Income": 36,
        "EBIT": 128,
        "Net Income": -15
    },
    "2010-12-31": {
        "Diluted EPS": 0.12,
        "Total Revenue": 649,
        "Gross Profit": 424,
        "Operating Income": 56,
        "EBIT": 151,
        "Net Income": 7
    },
    "2010-09-30": {
        "Diluted EPS": 2.14,
        "Total Revenue": NaN,
        "Gross Profit": 763,
        "Operating Income": 400,
        "EBIT": 481,
        "Net Income": 234
    },
    "2010-06-30": {
        "Diluted EPS": 1.07,
        "Total Revenue": 803,
        "Gross Profit": 551,
        "Operating Income": 201,
        "EBIT": 288,
        "Net Income": 115
    },
    "2010-03-31": {
        "Diluted EPS": -0.06,
        "Total Revenue": 620,
        "Gross Profit": 405,
        "Operating Income": 58,
        "EBIT": 146,
        "Net Income": -6
    },
    "2009-12-31": {
        "Diluted EPS": -0.3,
        "Total Revenue": 620,
        "Gross Profit": 362,
        "Operating Income": 274,
        "EBIT": 418,
        "Net Income": -30
    },
    "2009-09-30": {
        "Diluted EPS": 1.84,
        "Total Revenue": NaN,
        "Gross Profit": 707,
        "Operating Income": 367,
        "EBIT": 532,
        "Net Income": 187
    },
    "2009-06-30": {
        "Diluted EPS": 0.68,
        "Total Revenue": 819,
        "Gross Profit": 527,
        "Operating Income": 172,
        "EBIT": 320,
        "Net Income": 68
    },
    "2009-03-31": {
        "Diluted EPS": -1.55,
        "Total Revenue": 626,
        "Gross Profit": 378,
        "Operating Income": -197,
        "EBIT": -56,
        "Net Income": -157
    },
    "2023-09-30": {
        "Tax Effect Of Unusual Items": NaN,
        "Tax Rate For Calcs": NaN,
        "Normalized EBITDA": NaN,
        "Total Unusual Items": NaN,
        "Total Unusual Items Excluding Goodwill": NaN,
        "Net Income From Continuing Operation Net Minority Interest": NaN,
        "Reconciled Depreciation": NaN,
        "Reconciled Cost Of Revenue": NaN,
        "EBITDA": NaN,
        "EBIT": NaN,
        "Net Interest Income": NaN,
        "Interest Expense": NaN,
        "Interest Income": NaN,
        "Normalized Income": NaN,
        "Net Income From Continuing And Discontinued Operation": NaN,
        "Total Expenses": NaN,
        "Total Operating Income As Reported": NaN,
        "Diluted Average Shares": NaN,
        "Basic Average Shares": NaN,
        "Diluted EPS": NaN,
        "Basic EPS": NaN,
        "Diluted NI Availto Com Stockholders": NaN,
        "Net Income Common Stockholders": NaN,
        "Net Income": NaN,
        "Minority Interests": NaN,
        "Net Income Including Noncontrolling Interests": NaN,
        "Net Income Continuous Operations": NaN,
        "Tax Provision": NaN,
        "Pretax Income": NaN,
        "Other Income Expense": NaN,
        "Other Non Operating Income Expenses": NaN,
        "Special Income Charges": NaN,
        "Gain On Sale Of Business": NaN,
        "Other Special Charges": NaN,
        "Gain On Sale Of Security": -870000.0,
        "Net Non Operating Interest Income Expense": NaN,
        "Interest Expense Non Operating": NaN,
        "Interest Income Non Operating": NaN,
        "Operating Income": NaN,
        "Operating Expense": NaN,
        "Other Operating Expenses": NaN,
        "Other Taxes": NaN,
        "Depreciation Amortization Depletion Income Statement": NaN,
        "Depreciation And Amortization In Income Statement": NaN,
        "Selling General And Administration": NaN,
        "General And Administrative Expense": NaN,
        "Salaries And Wages": NaN,
        "Gross Profit": NaN,
        "Cost Of Revenue": NaN,
        "Total Revenue": NaN,
        "Operating Revenue": NaN
    },
    "2023-12-31": {
        "Tax Effect Of Unusual Items": NaN,
        "Tax Rate For Calcs": NaN,
        "Normalized EBITDA": NaN,
        "Total Unusual Items": NaN,
        "Total Unusual Items Excluding Goodwill": NaN,
        "Net Income From Continuing Operation Net Minority Interest": NaN,
        "Reconciled Depreciation": NaN,
        "Reconciled Cost Of Revenue": NaN,
        "EBITDA": NaN,
        "EBIT": NaN,
        "Net Interest Income": NaN,
        "Interest Expense": NaN,
        "Interest Income": NaN,
        "Normalized Income": NaN,
        "Net Income From Continuing And Discontinued Operation": NaN,
        "Total Expenses": NaN,
        "Total Operating Income As Reported": NaN,
        "Diluted Average Shares": NaN,
        "Basic Average Shares": NaN,
        "Diluted EPS": NaN,
        "Basic EPS": NaN,
        "Diluted NI Availto Com Stockholders": NaN,
        "Net Income Common Stockholders": NaN,
        "Net Income": NaN,
        "Minority Interests": NaN,
        "Net Income Including Noncontrolling Interests": NaN,
        "Net Income Continuous Operations": NaN,
        "Tax Provision": NaN,
        "Pretax Income": NaN,
        "Other Income Expense": NaN,
        "Other Non Operating Income Expenses": NaN,
        "Special Income Charges": NaN,
        "Gain On Sale Of Business": NaN,
        "Other Special Charges": NaN,
        "Gain On Sale Of Security": -1038000.0,
        "Net Non Operating Interest Income Expense": NaN,
        "Interest Expense Non Operating": NaN,
        "Interest Income Non Operating": NaN,
        "Operating Income": NaN,
        "Operating Expense": NaN,
        "Other Operating Expenses": NaN,
        "Other Taxes": NaN,
        "Depreciation Amortization Depletion Income Statement": NaN,
        "Depreciation And Amortization In Income Statement": NaN,
        "Selling General And Administration": NaN,
        "General And Administrative Expense": NaN,
        "Salaries And Wages": NaN,
        "Gross Profit": NaN,
        "Cost Of Revenue": NaN,
        "Total Revenue": NaN,
        "Operating Revenue": NaN
    },
    "2024-03-31": {
        "Tax Effect Of Unusual Items": 5046856.33904,
        "Tax Rate For Calcs": 0.155274,
        "Normalized EBITDA": 305602000.0,
        "Total Unusual Items": 32503000.0,
        "Total Unusual Items Excluding Goodwill": 32503000.0,
        "Net Income From Continuing Operation Net Minority Interest": 16862000.0,
        "Reconciled Depreciation": 226413000.0,
        "Reconciled Cost Of Revenue": 599323000.0,
        "EBITDA": 338105000.0,
        "EBIT": 111692000.0,
        "Net Interest Income": -79073000.0,
        "Interest Expense": 86633000.0,
        "Interest Income": 7560000.0,
        "Normalized Income": -10594143.66096,
        "Net Income From Continuing And Discontinued Operation": 16862000.0,
        "Total Expenses": 873352000.0,
        "Total Operating Income As Reported": 66792000.0,
        "Diluted Average Shares": 114227000.0,
        "Basic Average Shares": 113621000.0,
        "Diluted EPS": 0.15,
        "Basic EPS": 0.15,
        "Diluted NI Availto Com Stockholders": 16862000.0,
        "Net Income Common Stockholders": 16862000.0,
        "Net Income": 16862000.0,
        "Minority Interests": -4306000.0,
        "Net Income Including Noncontrolling Interests": 21168000.0,
        "Net Income Continuous Operations": 21168000.0,
        "Tax Provision": 3891000.0,
        "Pretax Income": 25059000.0,
        "Other Income Expense": 25772000.0,
        "Other Non Operating Income Expenses": -6731000.0,
        "Special Income Charges": 33280000.0,
        "Gain On Sale Of Business": 22988000.0,
        "Other Special Charges": -10292000.0,
        "Gain On Sale Of Security": -777000.0,
        "Net Non Operating Interest Income Expense": -79073000.0,
        "Interest Expense Non Operating": 86633000.0,
        "Interest Income Non Operating": 7560000.0,
        "Operating Income": 78360000.0,
        "Operating Expense": 257910000.0,
        "Other Operating Expenses": 20000.0,
        "Other Taxes": 59164000.0,
        "Depreciation Amortization Depletion Income Statement": 210294000.0,
        "Depreciation And Amortization In Income Statement": 210294000.0,
        "Selling General And Administration": -11568000.0,
        "General And Administrative Expense": -11568000.0,
        "Salaries And Wages": -11568000.0,
        "Gross Profit": 336270000.0,
        "Cost Of Revenue": 615442000.0,
        "Total Revenue": 951712000.0,
        "Operating Revenue": 951712000.0
    },
    "2024-06-30": {
        "Tax Effect Of Unusual Items": 1133977.487403,
        "Tax Rate For Calcs": 0.134789,
        "Normalized EBITDA": 569107000.0,
        "Total Unusual Items": 8413000.0,
        "Total Unusual Items Excluding Goodwill": 8413000.0,
        "Net Income From Continuing Operation Net Minority Interest": 203805000.0,
        "Reconciled Depreciation": 239133000.0,
        "Reconciled Cost Of Revenue": 695322000.0,
        "EBITDA": 577520000.0,
        "EBIT": 338387000.0,
        "Net Interest Income": -92459000.0,
        "Interest Expense": 97855000.0,
        "Interest Income": 5396000.0,
        "Normalized Income": 196525977.487403,
        "Net Income From Continuing And Discontinued Operation": 203805000.0,
        "Total Expenses": 982370000.0,
        "Total Operating Income As Reported": 313747000.0,
        "Diluted Average Shares": 115803000.0,
        "Basic Average Shares": 113695000.0,
        "Diluted EPS": 1.76,
        "Basic EPS": 1.79,
        "Diluted NI Availto Com Stockholders": 203805000.0,
        "Net Income Common Stockholders": 203805000.0,
        "Net Income": 203805000.0,
        "Minority Interests": -4306000.0,
        "Net Income Including Noncontrolling Interests": 208111000.0,
        "Net Income Continuous Operations": 208111000.0,
        "Tax Provision": 32421000.0,
        "Pretax Income": 240532000.0,
        "Other Income Expense": 6367000.0,
        "Other Non Operating Income Expenses": -2046000.0,
        "Special Income Charges": 8910000.0,
        "Gain On Sale Of Business": 0.0,
        "Other Special Charges": -8910000.0,
        "Gain On Sale Of Security": -497000.0,
        "Net Non Operating Interest Income Expense": -92459000.0,
        "Interest Expense Non Operating": 97855000.0,
        "Interest Income Non Operating": 5396000.0,
        "Operating Income": 326624000.0,
        "Operating Expense": 272932000.0,
        "Other Operating Expenses": 2141000.0,
        "Other Taxes": 58651000.0,
        "Depreciation Amortization Depletion Income Statement": 225017000.0,
        "Depreciation And Amortization In Income Statement": 225017000.0,
        "Selling General And Administration": -12877000.0,
        "General And Administrative Expense": -12877000.0,
        "Salaries And Wages": -12877000.0,
        "Gross Profit": 599556000.0,
        "Cost Of Revenue": 709438000.0,
        "Total Revenue": 1308994000.0,
        "Operating Revenue": 1308994000.0
    },
    "2024-09-30": {
        "Tax Effect Of Unusual Items": 1503041.138418,
        "Tax Rate For Calcs": 0.156763,
        "Normalized EBITDA": 807976000.0,
        "Total Unusual Items": 9588000.0,
        "Total Unusual Items Excluding Goodwill": 9588000.0,
        "Net Income From Continuing Operation Net Minority Interest": 394966000.0,
        "Reconciled Depreciation": 246041000.0,
        "Reconciled Cost Of Revenue": 922852000.0,
        "EBITDA": 817564000.0,
        "EBIT": 571523000.0,
        "Net Interest Income": -91656000.0,
        "Interest Expense": 98024000.0,
        "Interest Income": 6368000.0,
        "Normalized Income": 386881041.138418,
        "Net Income From Continuing And Discontinued Operation": 394966000.0,
        "Total Expenses": 1221815000.0,
        "Total Operating Income As Reported": 546986000.0,
        "Diluted Average Shares": 117119000.0,
        "Basic Average Shares": 113729000.0,
        "Diluted EPS": 3.37,
        "Basic EPS": 3.47,
        "Diluted NI Availto Com Stockholders": 394966000.0,
        "Net Income Common Stockholders": 394966000.0,
        "Net Income": 394966000.0,
        "Minority Interests": -4306000.0,
        "Net Income Including Noncontrolling Interests": 399272000.0,
        "Net Income Continuous Operations": 399272000.0,
        "Tax Provision": 74227000.0,
        "Pretax Income": 473499000.0,
        "Other Income Expense": 18169000.0,
        "Other Non Operating Income Expenses": 8581000.0,
        "Special Income Charges": 9588000.0,
        "Gain On Sale Of Business": 0.0,
        "Other Special Charges": -9588000.0,
        "Gain On Sale Of Security": NaN,
        "Net Non Operating Interest Income Expense": -91656000.0,
        "Interest Expense Non Operating": 98024000.0,
        "Interest Income Non Operating": 6368000.0,
        "Operating Income": 546986000.0,
        "Operating Expense": 282372000.0,
        "Other Operating Expenses": 145000.0,
        "Other Taxes": 52777000.0,
        "Depreciation Amortization Depletion Income Statement": 229450000.0,
        "Depreciation And Amortization In Income Statement": 229450000.0,
        "Selling General And Administration": NaN,
        "General And Administrative Expense": NaN,
        "Salaries And Wages": NaN,
        "Gross Profit": 829358000.0,
        "Cost Of Revenue": 939443000.0,
        "Total Revenue": 1768801000.0,
        "Operating Revenue": 1768801000.0
    },
    "2024-12-31": {
        "Tax Effect Of Unusual Items": 38143.026472,
        "Tax Rate For Calcs": 0.003951,
        "Normalized EBITDA": 327372000.0,
        "Total Unusual Items": 9654000.0,
        "Total Unusual Items Excluding Goodwill": 9654000.0,
        "Net Income From Continuing Operation Net Minority Interest": -6827000.0,
        "Reconciled Depreciation": 244597000.0,
        "Reconciled Cost Of Revenue": 709387000.0,
        "EBITDA": 337026000.0,
        "EBIT": 92429000.0,
        "Net Interest Income": -89962000.0,
        "Interest Expense": 94960000.0,
        "Interest Income": 4998000.0,
        "Normalized Income": -16442856.973528,
        "Net Income From Continuing And Discontinued Operation": -6827000.0,
        "Total Expenses": 1010870000.0,
        "Total Operating Income As Reported": 84538000.0,
        "Diluted Average Shares": 114337000.0,
        "Basic Average Shares": 114337000.0,
        "Diluted EPS": -0.06,
        "Basic EPS": -0.06,
        "Diluted NI Availto Com Stockholders": -6827000.0,
        "Net Income Common Stockholders": -6827000.0,
        "Net Income": -6827000.0,
        "Minority Interests": -4306000.0,
        "Net Income Including Noncontrolling Interests": -2521000.0,
        "Net Income Continuous Operations": -2521000.0,
        "Tax Provision": -10000.0,
        "Pretax Income": -2531000.0,
        "Other Income Expense": 2893000.0,
        "Other Non Operating Income Expenses": -6761000.0,
        "Special Income Charges": 9830000.0,
        "Gain On Sale Of Business": 0.0,
        "Other Special Charges": -9830000.0,
        "Gain On Sale Of Security": -176000.0,
        "Net Non Operating Interest Income Expense": -89962000.0,
        "Interest Expense Non Operating": 94960000.0,
        "Interest Income Non Operating": 4998000.0,
        "Operating Income": 84538000.0,
        "Operating Expense": 287471000.0,
        "Other Operating Expenses": 83000.0,
        "Other Taxes": 56803000.0,
        "Depreciation Amortization Depletion Income Statement": 230585000.0,
        "Depreciation And Amortization In Income Statement": 230585000.0,
        "Selling General And Administration": NaN,
        "General And Administrative Expense": NaN,
        "Salaries And Wages": NaN,
        "Gross Profit": 372009000.0,
        "Cost Of Revenue": 723399000.0,
        "Total Revenue": 1095408000.0,
        "Operating Revenue": 1095408000.0
    },
    "2025-03-31": {
        "Tax Effect Of Unusual Items": 9693200.0,
        "Tax Rate For Calcs": 0.4,
        "Normalized EBITDA": 314738000.0,
        "Total Unusual Items": 24233000.0,
        "Total Unusual Items Excluding Goodwill": 24233000.0,
        "Net Income From Continuing Operation Net Minority Interest": -4644000.0,
        "Reconciled Depreciation": 250651000.0,
        "Reconciled Cost Of Revenue": 664469000.0,
        "EBITDA": 338971000.0,
        "EBIT": 88320000.0,
        "Net Interest Income": -88845000.0,
        "Interest Expense": 94841000.0,
        "Interest Income": 5996000.0,
        "Normalized Income": -19183800.0,
        "Net Income From Continuing And Discontinued Operation": -4644000.0,
        "Total Expenses": 972100000.0,
        "Total Operating Income As Reported": 57222000.0,
        "Diluted Average Shares": 119594000.0,
        "Basic Average Shares": 119594000.0,
        "Diluted EPS": -0.04,
        "Basic EPS": -0.04,
        "Diluted NI Availto Com Stockholders": -4644000.0,
        "Net Income Common Stockholders": -4644000.0,
        "Net Income": -4644000.0,
        "Minority Interests": -4306000.0,
        "Net Income Including Noncontrolling Interests": -338000.0,
        "Net Income Continuous Operations": -338000.0,
        "Tax Provision": -6183000.0,
        "Pretax Income": -6521000.0,
        "Other Income Expense": 22144000.0,
        "Other Non Operating Income Expenses": -2089000.0,
        "Special Income Charges": 13249000.0,
        "Gain On Sale Of Business": 0.0,
        "Other Special Charges": -13249000.0,
        "Gain On Sale Of Security": 10984000.0,
        "Net Non Operating Interest Income Expense": -88845000.0,
        "Interest Expense Non Operating": 94841000.0,
        "Interest Income Non Operating": 5996000.0,
        "Operating Income": 60180000.0,
        "Operating Expense": 291920000.0,
        "Other Operating Expenses": 584000.0,
        "Other Taxes": 59354000.0,
        "Depreciation Amortization Depletion Income Statement": 234940000.0,
        "Depreciation And Amortization In Income Statement": 234940000.0,
        "Selling General And Administration": -2958000.0,
        "General And Administrative Expense": -2958000.0,
        "Salaries And Wages": -2958000.0,
        "Gross Profit": 352100000.0,
        "Cost Of Revenue": 680180000.0,
        "Total Revenue": 1032280000.0,
        "Operating Revenue": 1032280000.0
    }
}