{
    "2023-03-31": {
        "Tax Effect Of Unusual Items": NaN,
        "Tax Rate For Calcs": NaN,
        "Normalized EBITDA": NaN,
        "Net Income From Continuing Operation Net Minority Interest": NaN,
        "Reconciled Depreciation": NaN,
        "Reconciled Cost Of Revenue": NaN,
        "EBITDA": NaN,
        "EBIT": NaN,
        "Net Interest Income": NaN,
        "Interest Expense": NaN,
        "Interest Income": NaN,
        "Normalized Income": NaN,
        "Net Income From Continuing And Discontinued Operation": NaN,
        "Total Expenses": NaN,
        "Total Operating Income As Reported": NaN,
        "Diluted Average Shares": NaN,
        "Basic Average Shares": NaN,
        "Diluted EPS": NaN,
        "Basic EPS": NaN,
        "Diluted NI Availto Com Stockholders": NaN,
        "Average Dilution Earnings": NaN,
        "Net Income Common Stockholders": NaN,
        "Net Income": NaN,
        "Net Income Including Noncontrolling Interests": NaN,
        "Net Income Continuous Operations": NaN,
        "Tax Provision": NaN,
        "Pretax Income": NaN,
        "Other Income Expense": NaN,
        "Other Non Operating Income Expenses": NaN,
        "Net Non Operating Interest Income Expense": NaN,
        "Total Other Finance Cost": 1100000.0,
        "Interest Expense Non Operating": NaN,
        "Interest Income Non Operating": NaN,
        "Operating Income": NaN,
        "Operating Expense": NaN,
        "Research And Development": NaN,
        "Selling General And Administration": NaN,
        "Gross Profit": NaN,
        "Cost Of Revenue": NaN,
        "Total Revenue": NaN,
        "Operating Revenue": NaN
    },
    "2022-12-31": {
        "Tax Effect Of Unusual Items": NaN,
        "Tax Rate For Calcs": NaN,
        "Normalized EBITDA": NaN,
        "Total Unusual Items": 0.0,
        "Total Unusual Items Excluding Goodwill": 0.0,
        "Net Income From Continuing Operation Net Minority Interest": NaN,
        "Reconciled Depreciation": NaN,
        "Reconciled Cost Of Revenue": NaN,
        "EBITDA": NaN,
        "EBIT": NaN,
        "Net Interest Income": NaN,
        "Interest Expense": NaN,
        "Interest Income": NaN,
        "Normalized Income": NaN,
        "Net Income From Continuing And Discontinued Operation": NaN,
        "Total Expenses": NaN,
        "Total Operating Income As Reported": NaN,
        "Diluted Average Shares": NaN,
        "Basic Average Shares": NaN,
        "Diluted EPS": NaN,
        "Basic EPS": NaN,
        "Diluted NI Availto Com Stockholders": NaN,
        "Average Dilution Earnings": NaN,
        "Net Income Common Stockholders": NaN,
        "Net Income": NaN,
        "Net Income Including Noncontrolling Interests": NaN,
        "Net Income Continuous Operations": NaN,
        "Tax Provision": NaN,
        "Pretax Income": NaN,
        "Other Income Expense": NaN,
        "Other Non Operating Income Expenses": NaN,
        "Special Income Charges": 0.0,
        "Net Non Operating Interest Income Expense": NaN,
        "Total Other Finance Cost": 1100000.0,
        "Interest Expense Non Operating": NaN,
        "Interest Income Non Operating": NaN,
        "Operating Income": NaN,
        "Operating Expense": NaN,
        "Research And Development": NaN,
        "Selling General And Administration": NaN,
        "Gross Profit": NaN,
        "Cost Of Revenue": NaN,
        "Total Revenue": NaN,
        "Operating Revenue": NaN
    },
    "2022-09-30": {
        "Tax Effect Of Unusual Items": NaN,
        "Tax Rate For Calcs": NaN,
        "Normalized EBITDA": NaN,
        "Total Unusual Items": 0.0,
        "Total Unusual Items Excluding Goodwill": 0.0,
        "Net Income From Continuing Operation Net Minority Interest": NaN,
        "Reconciled Depreciation": NaN,
        "Reconciled Cost Of Revenue": NaN,
        "EBITDA": NaN,
        "EBIT": NaN,
        "Net Interest Income": NaN,
        "Interest Expense": NaN,
        "Interest Income": NaN,
        "Normalized Income": NaN,
        "Net Income From Continuing And Discontinued Operation": NaN,
        "Total Expenses": NaN,
        "Total Operating Income As Reported": NaN,
        "Diluted Average Shares": NaN,
        "Basic Average Shares": NaN,
        "Diluted EPS": NaN,
        "Basic EPS": NaN,
        "Diluted NI Availto Com Stockholders": NaN,
        "Average Dilution Earnings": NaN,
        "Net Income Common Stockholders": NaN,
        "Net Income": NaN,
        "Net Income Including Noncontrolling Interests": NaN,
        "Net Income Continuous Operations": NaN,
        "Tax Provision": NaN,
        "Pretax Income": NaN,
        "Other Income Expense": NaN,
        "Other Non Operating Income Expenses": NaN,
        "Special Income Charges": 0.0,
        "Net Non Operating Interest Income Expense": NaN,
        "Total Other Finance Cost": 1100000.0,
        "Interest Expense Non Operating": NaN,
        "Interest Income Non Operating": NaN,
        "Operating Income": NaN,
        "Operating Expense": NaN,
        "Research And Development": NaN,
        "Selling General And Administration": NaN,
        "Gross Profit": NaN,
        "Cost Of Revenue": NaN,
        "Total Revenue": NaN,
        "Operating Revenue": NaN
    },
    "2022-06-30": {
        "Tax Effect Of Unusual Items": 0.0,
        "Tax Rate For Calcs": 0.030471,
        "Normalized EBITDA": -27800000.0,
        "Total Unusual Items": 0.0,
        "Total Unusual Items Excluding Goodwill": 0.0,
        "Net Income From Continuing Operation Net Minority Interest": -35000000.0,
        "Reconciled Depreciation": 15800000.0,
        "Reconciled Cost Of Revenue": 109100000.0,
        "EBITDA": -27800000.0,
        "EBIT": -27800000.0,
        "Net Interest Income": -8300000.0,
        "Interest Expense": 8300000.0,
        "Interest Income": 800000.0,
        "Normalized Income": -35000000.0,
        "Net Income From Continuing And Discontinued Operation": -35000000.0,
        "Total Expenses": 326100000.0,
        "Total Operating Income As Reported": -26700000.0,
        "Diluted Average Shares": 69356000.0,
        "Basic Average Shares": 69356000.0,
        "Diluted EPS": -0.5,
        "Basic EPS": -0.5,
        "Diluted NI Availto Com Stockholders": -35000000.0,
        "Net Income Common Stockholders": -35000000.0,
        "Net Income": -35000000.0,
        "Net Income Including Noncontrolling Interests": -35000000.0,
        "Net Income Continuous Operations": -35000000.0,
        "Tax Provision": -1100000.0,
        "Pretax Income": -36100000.0,
        "Other Income Expense": -1100000.0,
        "Other Non Operating Income Expenses": -1100000.0,
        "Special Income Charges": 0.0,
        "Net Non Operating Interest Income Expense": -8300000.0,
        "Total Other Finance Cost": 1000000.0,
        "Interest Expense Non Operating": 8300000.0,
        "Interest Income Non Operating": 800000.0,
        "Operating Income": -26700000.0,
        "Operating Expense": 217000000.0,
        "Research And Development": 42600000.0,
        "Selling General And Administration": 174400000.0,
        "Gross Profit": 190300000.0,
        "Cost Of Revenue": 109100000.0,
        "Total Revenue": 299400000.0,
        "Operating Revenue": 299400000.0
    },
    "2022-03-31": {
        "Diluted EPS": 0.4,
        "Total Revenue": 295,
        "Gross Profit": 210,
        "Operating Income": 38,
        "EBIT": 53,
        "Net Income": 28
    },
    "2021-12-31": {
        "Diluted EPS": 0.43,
        "Total Revenue": 308,
        "Gross Profit": 213,
        "Operating Income": 50,
        "EBIT": 65,
        "Net Income": 29
    },
    "2021-09-30": {
        "Diluted EPS": 0.18,
        "Total Revenue": 276,
        "Gross Profit": 189,
        "Operating Income": 34,
        "EBIT": 48,
        "Net Income": 13
    },
    "2021-06-30": {
        "Diluted EPS": -0.37,
        "Total Revenue": 263,
        "Gross Profit": 183,
        "Operating Income": 26,
        "EBIT": 42,
        "Net Income": -25
    },
    "2021-03-31": {
        "Diluted EPS": 0.0,
        "Total Revenue": 252,
        "Gross Profit": 168,
        "Operating Income": 16,
        "EBIT": 29,
        "Net Income": NaN
    },
    "2020-12-31": {
        "Diluted EPS": -0.26,
        "Total Revenue": 246,
        "Gross Profit": 161,
        "Operating Income": -7,
        "EBIT": 18,
        "Net Income": -17
    },
    "2020-09-30": {
        "Diluted EPS": 0.17,
        "Total Revenue": 234,
        "Gross Profit": 152,
        "Operating Income": 24,
        "EBIT": 35,
        "Net Income": 12
    },
    "2020-06-30": {
        "Diluted EPS": 0.22,
        "Total Revenue": 226,
        "Gross Profit": 143,
        "Operating Income": 28,
        "EBIT": 37,
        "Net Income": 14
    },
    "2020-03-31": {
        "Diluted EPS": -0.03,
        "Total Revenue": 198,
        "Gross Profit": 127,
        "Operating Income": 8,
        "EBIT": 16,
        "Net Income": -2
    },
    "2019-12-31": {
        "Diluted EPS": 0.09,
        "Total Revenue": 209,
        "Gross Profit": 134,
        "Operating Income": 18,
        "EBIT": 27,
        "Net Income": 5
    },
    "2019-09-30": {
        "Diluted EPS": 0.01,
        "Total Revenue": 192,
        "Gross Profit": 123,
        "Operating Income": 17,
        "EBIT": 25,
        "Net Income": 1
    },
    "2019-06-30": {
        "Diluted EPS": 0.02,
        "Total Revenue": 177,
        "Gross Profit": 116,
        "Operating Income": 8,
        "EBIT": 14,
        "Net Income": 1
    },
    "2019-03-31": {
        "Diluted EPS": 0.07,
        "Total Revenue": 160,
        "Gross Profit": 107,
        "Operating Income": 7,
        "EBIT": 12,
        "Net Income": 4
    },
    "2018-12-31": {
        "Diluted EPS": 0.16,
        "Total Revenue": 165,
        "Gross Profit": 110,
        "Operating Income": 16,
        "EBIT": 21,
        "Net Income": 10
    },
    "2018-09-30": {
        "Diluted EPS": 0.03,
        "Total Revenue": 151,
        "Gross Profit": 102,
        "Operating Income": 7,
        "EBIT": 11,
        "Net Income": 2
    },
    "2018-06-30": {
        "Diluted EPS": -0.03,
        "Total Revenue": 124,
        "Gross Profit": 82,
        "Operating Income": 4,
        "EBIT": 8,
        "Net Income": -2
    },
    "2018-03-31": {
        "Diluted EPS": -0.11,
        "Total Revenue": 124,
        "Gross Profit": 76,
        "Operating Income": NaN,
        "EBIT": 4,
        "Net Income": -7
    },
    "2017-12-31": {
        "Diluted EPS": -0.12,
        "Total Revenue": 131,
        "Gross Profit": 80,
        "Operating Income": -1,
        "EBIT": 3,
        "Net Income": -7
    },
    "2017-09-30": {
        "Diluted EPS": -0.04,
        "Total Revenue": 122,
        "Gross Profit": 74,
        "Operating Income": 2,
        "EBIT": 6,
        "Net Income": -2
    },
    "2017-06-30": {
        "Diluted EPS": -0.13,
        "Total Revenue": 110,
        "Gross Profit": 65,
        "Operating Income": -3,
        "EBIT": 0,
        "Net Income": -8
    },
    "2017-03-31": {
        "Diluted EPS": -0.17,
        "Total Revenue": 102,
        "Gross Profit": 59,
        "Operating Income": -5,
        "EBIT": -2,
        "Net Income": -10
    },
    "2016-12-31": {
        "Diluted EPS": -0.13,
        "Total Revenue": 104,
        "Gross Profit": 61,
        "Operating Income": -4,
        "EBIT": -1,
        "Net Income": -9
    },
    "2016-09-30": {
        "Diluted EPS": -0.05,
        "Total Revenue": 95,
        "Gross Profit": 56,
        "Operating Income": 2,
        "EBIT": 6,
        "Net Income": -3
    },
    "2016-06-30": {
        "Diluted EPS": -0.08,
        "Total Revenue": 87,
        "Gross Profit": 50,
        "Operating Income": -1,
        "EBIT": 2,
        "Net Income": -4
    },
    "2016-03-31": {
        "Diluted EPS": -0.22,
        "Total Revenue": 81,
        "Gross Profit": 44,
        "Operating Income": -8,
        "EBIT": -4,
        "Net Income": -12
    },
    "2015-12-31": {
        "Diluted EPS": -0.47,
        "Total Revenue": 84,
        "Gross Profit": 42,
        "Operating Income": -13,
        "EBIT": -8,
        "Net Income": -27
    },
    "2015-09-30": {
        "Diluted EPS": -0.34,
        "Total Revenue": 71,
        "Gross Profit": 32,
        "Operating Income": -15,
        "EBIT": -11,
        "Net Income": -19
    },
    "2015-06-30": {
        "Diluted EPS": -0.27,
        "Total Revenue": 61,
        "Gross Profit": 31,
        "Operating Income": -14,
        "EBIT": -10,
        "Net Income": -15
    },
    "2015-03-31": {
        "Diluted EPS": -0.21,
        "Total Revenue": 48,
        "Gross Profit": 29,
        "Operating Income": -7,
        "EBIT": -4,
        "Net Income": -12
    },
    "2014-12-31": {
        "Diluted EPS": -0.09,
        "Total Revenue": 15,
        "Gross Profit": 21,
        "Operating Income": 1,
        "EBIT": 4,
        "Net Income": -5
    },
    "2014-09-30": {
        "Diluted EPS": -0.19,
        "Total Revenue": 75,
        "Gross Profit": 38,
        "Operating Income": -3,
        "EBIT": 0,
        "Net Income": -11
    },
    "2014-06-30": {
        "Diluted EPS": -0.53,
        "Total Revenue": 72,
        "Gross Profit": 36,
        "Operating Income": -5,
        "EBIT": -2,
        "Net Income": -29
    },
    "2014-03-31": {
        "Diluted EPS": -0.11,
        "Total Revenue": 69,
        "Gross Profit": 33,
        "Operating Income": -2,
        "EBIT": 1,
        "Net Income": -6
    },
    "2013-12-31": {
        "Diluted EPS": -0.04,
        "Total Revenue": 69,
        "Gross Profit": 33,
        "Operating Income": 0,
        "EBIT": 3,
        "Net Income": -3
    },
    "2013-09-30": {
        "Diluted EPS": -0.39,
        "Total Revenue": 61,
        "Gross Profit": 27,
        "Operating Income": -17,
        "EBIT": -14,
        "Net Income": -21
    },
    "2013-06-30": {
        "Diluted EPS": -0.2,
        "Total Revenue": 60,
        "Gross Profit": 27,
        "Operating Income": -6,
        "EBIT": -3,
        "Net Income": -11
    },
    "2013-03-31": {
        "Diluted EPS": -0.2,
        "Total Revenue": 57,
        "Gross Profit": 25,
        "Operating Income": -6,
        "EBIT": -3,
        "Net Income": -11
    },
    "2012-12-31": {
        "Diluted EPS": -0.21,
        "Total Revenue": 58,
        "Gross Profit": 25,
        "Operating Income": -6,
        "EBIT": -3,
        "Net Income": -10
    },
    "2012-09-30": {
        "Diluted EPS": -0.26,
        "Total Revenue": 55,
        "Gross Profit": 24,
        "Operating Income": -8,
        "EBIT": -6,
        "Net Income": -12
    },
    "2012-06-30": {
        "Diluted EPS": -0.3,
        "Total Revenue": 51,
        "Gross Profit": 22,
        "Operating Income": -11,
        "EBIT": -8,
        "Net Income": -14
    },
    "2012-03-31": {
        "Diluted EPS": -0.31,
        "Total Revenue": 48,
        "Gross Profit": 20,
        "Operating Income": -11,
        "EBIT": -8,
        "Net Income": -15
    },
    "2011-12-31": {
        "Diluted EPS": -0.3,
        "Total Revenue": 47,
        "Gross Profit": 20,
        "Operating Income": -11,
        "EBIT": -8,
        "Net Income": -14
    },
    "2011-09-30": {
        "Diluted EPS": -0.29,
        "Total Revenue": 45,
        "Gross Profit": 19,
        "Operating Income": -10,
        "EBIT": -7,
        "Net Income": -14
    },
    "2011-06-30": {
        "Diluted EPS": -0.17,
        "Total Revenue": 32,
        "Gross Profit": 15,
        "Operating Income": -15,
        "EBIT": -13,
        "Net Income": -8
    },
    "2011-03-31": {
        "Diluted EPS": -0.22,
        "Total Revenue": 28,
        "Gross Profit": 14,
        "Operating Income": -7,
        "EBIT": -6,
        "Net Income": -10
    },
    "2010-12-31": {
        "Diluted EPS": -0.5,
        "Total Revenue": 28,
        "Gross Profit": 14,
        "Operating Income": -10,
        "EBIT": -14,
        "Net Income": -21
    },
    "2010-09-30": {
        "Diluted EPS": -0.3,
        "Total Revenue": 25,
        "Gross Profit": 12,
        "Operating Income": -8,
        "EBIT": -5,
        "Net Income": -12
    },
    "2010-06-30": {
        "Diluted EPS": -0.36,
        "Total Revenue": 23,
        "Gross Profit": 10,
        "Operating Income": -10,
        "EBIT": -7,
        "Net Income": -14
    },
    "2010-03-31": {
        "Diluted EPS": -0.38,
        "Total Revenue": 21,
        "Gross Profit": 8,
        "Operating Income": -11,
        "EBIT": -8,
        "Net Income": -14
    },
    "2009-12-31": {
        "Diluted EPS": -0.39,
        "Total Revenue": 20,
        "Gross Profit": 7,
        "Operating Income": -12,
        "EBIT": -9,
        "Net Income": -16
    },
    "2009-09-30": {
        "Diluted EPS": -0.6,
        "Total Revenue": 19,
        "Gross Profit": 6,
        "Operating Income": -13,
        "EBIT": -11,
        "Net Income": -17
    },
    "2009-06-30": {
        "Diluted EPS": -0.73,
        "Total Revenue": 15,
        "Gross Profit": 3,
        "Operating Income": -16,
        "EBIT": -13,
        "Net Income": -20
    },
    "2009-03-31": {
        "Diluted EPS": -0.71,
        "Total Revenue": 12,
        "Gross Profit": 2,
        "Operating Income": -17,
        "EBIT": -15,
        "Net Income": -20
    },
    "2023-06-30": {
        "Tax Effect Of Unusual Items": NaN,
        "Tax Rate For Calcs": NaN,
        "Normalized EBITDA": NaN,
        "Net Income From Continuing Operation Net Minority Interest": NaN,
        "Reconciled Depreciation": NaN,
        "Reconciled Cost Of Revenue": NaN,
        "EBITDA": NaN,
        "EBIT": NaN,
        "Net Interest Income": NaN,
        "Interest Expense": NaN,
        "Interest Income": NaN,
        "Normalized Income": NaN,
        "Net Income From Continuing And Discontinued Operation": NaN,
        "Total Expenses": NaN,
        "Total Operating Income As Reported": NaN,
        "Diluted Average Shares": NaN,
        "Basic Average Shares": NaN,
        "Diluted EPS": NaN,
        "Basic EPS": NaN,
        "Diluted NI Availto Com Stockholders": NaN,
        "Average Dilution Earnings": 0.0,
        "Net Income Common Stockholders": NaN,
        "Net Income": NaN,
        "Net Income Including Noncontrolling Interests": NaN,
        "Net Income Continuous Operations": NaN,
        "Tax Provision": NaN,
        "Pretax Income": NaN,
        "Other Income Expense": NaN,
        "Other Non Operating Income Expenses": NaN,
        "Net Non Operating Interest Income Expense": NaN,
        "Total Other Finance Cost": 1200000.0,
        "Interest Expense Non Operating": NaN,
        "Interest Income Non Operating": NaN,
        "Operating Income": NaN,
        "Operating Expense": NaN,
        "Research And Development": NaN,
        "Selling General And Administration": NaN,
        "Gross Profit": NaN,
        "Cost Of Revenue": NaN,
        "Total Revenue": NaN,
        "Operating Revenue": NaN
    },
    "2023-09-30": {
        "Tax Effect Of Unusual Items": NaN,
        "Tax Rate For Calcs": NaN,
        "Normalized EBITDA": NaN,
        "Total Unusual Items": NaN,
        "Total Unusual Items Excluding Goodwill": NaN,
        "Net Income From Continuing Operation Net Minority Interest": NaN,
        "Reconciled Depreciation": NaN,
        "Reconciled Cost Of Revenue": NaN,
        "EBITDA": NaN,
        "EBIT": NaN,
        "Net Interest Income": NaN,
        "Interest Expense": NaN,
        "Interest Income": NaN,
        "Normalized Income": NaN,
        "Net Income From Continuing And Discontinued Operation": NaN,
        "Total Expenses": NaN,
        "Total Operating Income As Reported": NaN,
        "Diluted Average Shares": NaN,
        "Basic Average Shares": NaN,
        "Diluted EPS": NaN,
        "Basic EPS": NaN,
        "Diluted NI Availto Com Stockholders": NaN,
        "Average Dilution Earnings": 2500000.0,
        "Net Income Common Stockholders": NaN,
        "Net Income": NaN,
        "Net Income Including Noncontrolling Interests": NaN,
        "Net Income Continuous Operations": NaN,
        "Tax Provision": NaN,
        "Pretax Income": NaN,
        "Other Income Expense": NaN,
        "Other Non Operating Income Expenses": NaN,
        "Special Income Charges": NaN,
        "Other Special Charges": NaN,
        "Net Non Operating Interest Income Expense": NaN,
        "Interest Expense Non Operating": NaN,
        "Interest Income Non Operating": NaN,
        "Operating Income": NaN,
        "Operating Expense": NaN,
        "Research And Development": NaN,
        "Selling General And Administration": NaN,
        "Gross Profit": NaN,
        "Cost Of Revenue": NaN,
        "Total Revenue": NaN,
        "Operating Revenue": NaN
    },
    "2023-12-31": {
        "Tax Effect Of Unusual Items": 0.0,
        "Tax Rate For Calcs": 0.041744,
        "Normalized EBITDA": 133300000.0,
        "Net Income From Continuing Operation Net Minority Interest": 103300000.0,
        "Reconciled Depreciation": 18800000.0,
        "Reconciled Cost Of Revenue": 148600000.0,
        "EBITDA": 133300000.0,
        "EBIT": 114500000.0,
        "Net Interest Income": -500000.0,
        "Interest Expense": 6700000.0,
        "Interest Income": 6200000.0,
        "Normalized Income": 103300000.0,
        "Net Income From Continuing And Discontinued Operation": 103300000.0,
        "Total Expenses": 403400000.0,
        "Total Operating Income As Reported": 106400000.0,
        "Diluted Average Shares": 73614000.0,
        "Basic Average Shares": 69860000.0,
        "Diluted EPS": 1.44,
        "Basic EPS": 1.48,
        "Diluted NI Availto Com Stockholders": 103300000.0,
        "Average Dilution Earnings": NaN,
        "Net Income Common Stockholders": 103300000.0,
        "Net Income": 103300000.0,
        "Net Income Including Noncontrolling Interests": 103300000.0,
        "Net Income Continuous Operations": 103300000.0,
        "Tax Provision": 4500000.0,
        "Pretax Income": 107800000.0,
        "Other Income Expense": 1900000.0,
        "Other Non Operating Income Expenses": 1900000.0,
        "Net Non Operating Interest Income Expense": -500000.0,
        "Interest Expense Non Operating": 6700000.0,
        "Interest Income Non Operating": 6200000.0,
        "Operating Income": 106400000.0,
        "Operating Expense": 254800000.0,
        "Research And Development": 42000000.0,
        "Selling General And Administration": 212800000.0,
        "Gross Profit": 361200000.0,
        "Cost Of Revenue": 148600000.0,
        "Total Revenue": 509800000.0,
        "Operating Revenue": 509800000.0
    },
    "2024-03-31": {
        "Tax Effect Of Unusual Items": NaN,
        "Tax Rate For Calcs": NaN,
        "Normalized EBITDA": NaN,
        "Total Unusual Items": 0.0,
        "Total Unusual Items Excluding Goodwill": 0.0,
        "Net Income From Continuing Operation Net Minority Interest": NaN,
        "Reconciled Depreciation": NaN,
        "Reconciled Cost Of Revenue": NaN,
        "EBITDA": NaN,
        "EBIT": NaN,
        "Net Interest Income": NaN,
        "Interest Expense": NaN,
        "Interest Income": NaN,
        "Normalized Income": NaN,
        "Net Income From Continuing And Discontinued Operation": NaN,
        "Total Expenses": NaN,
        "Total Operating Income As Reported": NaN,
        "Diluted Average Shares": NaN,
        "Basic Average Shares": NaN,
        "Diluted EPS": NaN,
        "Basic EPS": NaN,
        "Diluted NI Availto Com Stockholders": NaN,
        "Average Dilution Earnings": 2600000.0,
        "Net Income Common Stockholders": NaN,
        "Net Income": NaN,
        "Net Income Including Noncontrolling Interests": NaN,
        "Net Income Continuous Operations": NaN,
        "Tax Provision": NaN,
        "Pretax Income": NaN,
        "Other Income Expense": NaN,
        "Other Non Operating Income Expenses": NaN,
        "Special Income Charges": 0.0,
        "Other Special Charges": NaN,
        "Net Non Operating Interest Income Expense": NaN,
        "Interest Expense Non Operating": NaN,
        "Interest Income Non Operating": NaN,
        "Operating Income": NaN,
        "Operating Expense": NaN,
        "Research And Development": NaN,
        "Selling General And Administration": NaN,
        "Gross Profit": NaN,
        "Cost Of Revenue": NaN,
        "Total Revenue": NaN,
        "Operating Revenue": NaN
    },
    "2024-06-30": {
        "Tax Effect Of Unusual Items": NaN,
        "Tax Rate For Calcs": NaN,
        "Normalized EBITDA": NaN,
        "Total Unusual Items": 0.0,
        "Total Unusual Items Excluding Goodwill": 0.0,
        "Net Income From Continuing Operation Net Minority Interest": NaN,
        "Reconciled Depreciation": NaN,
        "Reconciled Cost Of Revenue": NaN,
        "EBITDA": NaN,
        "EBIT": NaN,
        "Net Interest Income": NaN,
        "Interest Expense": NaN,
        "Interest Income": NaN,
        "Normalized Income": NaN,
        "Net Income From Continuing And Discontinued Operation": NaN,
        "Total Expenses": NaN,
        "Total Operating Income As Reported": NaN,
        "Diluted Average Shares": NaN,
        "Basic Average Shares": NaN,
        "Diluted EPS": NaN,
        "Basic EPS": NaN,
        "Diluted NI Availto Com Stockholders": NaN,
        "Average Dilution Earnings": 2500000.0,
        "Net Income Common Stockholders": NaN,
        "Net Income": NaN,
        "Net Income Including Noncontrolling Interests": NaN,
        "Net Income Continuous Operations": NaN,
        "Tax Provision": NaN,
        "Pretax Income": NaN,
        "Other Income Expense": NaN,
        "Other Non Operating Income Expenses": NaN,
        "Special Income Charges": 0.0,
        "Other Special Charges": NaN,
        "Net Non Operating Interest Income Expense": NaN,
        "Interest Expense Non Operating": NaN,
        "Interest Income Non Operating": NaN,
        "Operating Income": NaN,
        "Operating Expense": NaN,
        "Research And Development": NaN,
        "Selling General And Administration": NaN,
        "Gross Profit": NaN,
        "Cost Of Revenue": NaN,
        "Total Revenue": NaN,
        "Operating Revenue": NaN
    },
    "2024-09-30": {
        "Tax Effect Of Unusual Items": 0.0,
        "Tax Rate For Calcs": 0.065139,
        "Normalized EBITDA": 116600000.0,
        "Total Unusual Items": NaN,
        "Total Unusual Items Excluding Goodwill": NaN,
        "Net Income From Continuing Operation Net Minority Interest": 77500000.0,
        "Reconciled Depreciation": 21300000.0,
        "Reconciled Cost Of Revenue": 166800000.0,
        "EBITDA": 116600000.0,
        "EBIT": 95300000.0,
        "Net Interest Income": -1900000.0,
        "Interest Expense": 12400000.0,
        "Interest Income": 10500000.0,
        "Normalized Income": 77500000.0,
        "Net Income From Continuing And Discontinued Operation": 77500000.0,
        "Total Expenses": 455800000.0,
        "Total Operating Income As Reported": 88100000.0,
        "Diluted Average Shares": 73951000.0,
        "Basic Average Shares": 70123000.0,
        "Diluted EPS": 1.08,
        "Basic EPS": 1.11,
        "Diluted NI Availto Com Stockholders": 77500000.0,
        "Average Dilution Earnings": 2300000.0,
        "Net Income Common Stockholders": 77500000.0,
        "Net Income": 77500000.0,
        "Net Income Including Noncontrolling Interests": 77500000.0,
        "Net Income Continuous Operations": 77500000.0,
        "Tax Provision": 5400000.0,
        "Pretax Income": 82900000.0,
        "Other Income Expense": -3400000.0,
        "Other Non Operating Income Expenses": -3400000.0,
        "Special Income Charges": NaN,
        "Other Special Charges": NaN,
        "Net Non Operating Interest Income Expense": -1900000.0,
        "Interest Expense Non Operating": 12400000.0,
        "Interest Income Non Operating": 10500000.0,
        "Operating Income": 88100000.0,
        "Operating Expense": 289000000.0,
        "Research And Development": 54900000.0,
        "Selling General And Administration": 234100000.0,
        "Gross Profit": 377100000.0,
        "Cost Of Revenue": 166800000.0,
        "Total Revenue": 543900000.0,
        "Operating Revenue": 543900000.0
    },
    "2024-12-31": {
        "Tax Effect Of Unusual Items": 0.0,
        "Tax Rate For Calcs": 0.095238,
        "Normalized EBITDA": 141500000.0,
        "Total Unusual Items": NaN,
        "Total Unusual Items Excluding Goodwill": NaN,
        "Net Income From Continuing Operation Net Minority Interest": 100700000.0,
        "Reconciled Depreciation": 21500000.0,
        "Reconciled Cost Of Revenue": 166600000.0,
        "EBITDA": 141500000.0,
        "EBIT": 120000000.0,
        "Net Interest Income": 1600000.0,
        "Interest Expense": 8700000.0,
        "Interest Income": 10300000.0,
        "Normalized Income": 100700000.0,
        "Net Income From Continuing And Discontinued Operation": 100700000.0,
        "Total Expenses": 488200000.0,
        "Total Operating Income As Reported": 109300000.0,
        "Diluted Average Shares": 74079000.0,
        "Basic Average Shares": 70164000.0,
        "Diluted EPS": 1.39,
        "Basic EPS": 1.44,
        "Diluted NI Availto Com Stockholders": 93600000.0,
        "Average Dilution Earnings": NaN,
        "Net Income Common Stockholders": 100700000.0,
        "Net Income": 100700000.0,
        "Net Income Including Noncontrolling Interests": 100700000.0,
        "Net Income Continuous Operations": 100700000.0,
        "Tax Provision": 10600000.0,
        "Pretax Income": 111300000.0,
        "Other Income Expense": 400000.0,
        "Other Non Operating Income Expenses": 400000.0,
        "Special Income Charges": NaN,
        "Other Special Charges": NaN,
        "Net Non Operating Interest Income Expense": 1600000.0,
        "Interest Expense Non Operating": 8700000.0,
        "Interest Income Non Operating": 10300000.0,
        "Operating Income": 109300000.0,
        "Operating Expense": 321600000.0,
        "Research And Development": 60600000.0,
        "Selling General And Administration": 261000000.0,
        "Gross Profit": 430900000.0,
        "Cost Of Revenue": 166600000.0,
        "Total Revenue": 597500000.0,
        "Operating Revenue": 597500000.0
    },
    "2025-03-31": {
        "Tax Effect Of Unusual Items": -10428000.0,
        "Tax Rate For Calcs": 0.264,
        "Normalized EBITDA": 118500000.0,
        "Total Unusual Items": -39500000.0,
        "Total Unusual Items Excluding Goodwill": -39500000.0,
        "Net Income From Continuing Operation Net Minority Interest": 35400000.0,
        "Reconciled Depreciation": 21700000.0,
        "Reconciled Cost Of Revenue": 160000000.0,
        "EBITDA": 79000000.0,
        "EBIT": 57300000.0,
        "Net Interest Income": 1100000.0,
        "Interest Expense": 9200000.0,
        "Interest Income": 10300000.0,
        "Normalized Income": 64472000.0,
        "Net Income From Continuing And Discontinued Operation": 35400000.0,
        "Total Expenses": 480200000.0,
        "Total Operating Income As Reported": 88800000.0,
        "Diluted Average Shares": 74111000.0,
        "Basic Average Shares": 70272000.0,
        "Diluted EPS": 0.5,
        "Basic EPS": 0.5,
        "Diluted NI Availto Com Stockholders": 37200000.0,
        "Average Dilution Earnings": 1800000.0,
        "Net Income Common Stockholders": 35400000.0,
        "Net Income": 35400000.0,
        "Net Income Including Noncontrolling Interests": 35400000.0,
        "Net Income Continuous Operations": 35400000.0,
        "Tax Provision": 12700000.0,
        "Pretax Income": 48100000.0,
        "Other Income Expense": -41800000.0,
        "Other Non Operating Income Expenses": -2300000.0,
        "Special Income Charges": -39500000.0,
        "Other Special Charges": 39500000.0,
        "Net Non Operating Interest Income Expense": 1100000.0,
        "Interest Expense Non Operating": 9200000.0,
        "Interest Income Non Operating": 10300000.0,
        "Operating Income": 88800000.0,
        "Operating Expense": 320200000.0,
        "Research And Development": 59600000.0,
        "Selling General And Administration": 260600000.0,
        "Gross Profit": 409000000.0,
        "Cost Of Revenue": 160000000.0,
        "Total Revenue": 569000000.0,
        "Operating Revenue": 569000000.0
    },
    "2025-06-30": {
        "Tax Effect Of Unusual Items": -17533802.816901,
        "Tax Rate For Calcs": 0.207746,
        "Normalized EBITDA": 154700000.0,
        "Total Unusual Items": -84400000.0,
        "Total Unusual Items Excluding Goodwill": -84400000.0,
        "Net Income From Continuing Operation Net Minority Interest": 22500000.0,
        "Reconciled Depreciation": 22300000.0,
        "Reconciled Cost Of Revenue": 196900000.0,
        "EBITDA": 70300000.0,
        "EBIT": 48000000.0,
        "Net Interest Income": -9500000.0,
        "Interest Expense": 19600000.0,
        "Interest Income": 10100000.0,
        "Normalized Income": 89366197.183099,
        "Net Income From Continuing And Discontinued Operation": 22500000.0,
        "Total Expenses": 528000000.0,
        "Total Operating Income As Reported": 121100000.0,
        "Diluted Average Shares": 70652000.0,
        "Basic Average Shares": 70389000.0,
        "Diluted EPS": 0.32,
        "Basic EPS": 0.32,
        "Diluted NI Availto Com Stockholders": 22500000.0,
        "Average Dilution Earnings": 0.0,
        "Net Income Common Stockholders": 22500000.0,
        "Net Income": 22500000.0,
        "Net Income Including Noncontrolling Interests": 22500000.0,
        "Net Income Continuous Operations": 22500000.0,
        "Tax Provision": 5900000.0,
        "Pretax Income": 28400000.0,
        "Other Income Expense": -83100000.0,
        "Other Non Operating Income Expenses": 1300000.0,
        "Special Income Charges": -84400000.0,
        "Other Special Charges": 84400000.0,
        "Net Non Operating Interest Income Expense": -9500000.0,
        "Interest Expense Non Operating": 19600000.0,
        "Interest Income Non Operating": 10100000.0,
        "Operating Income": 121100000.0,
        "Operating Expense": 331100000.0,
        "Research And Development": 73400000.0,
        "Selling General And Administration": 257700000.0,
        "Gross Profit": 452200000.0,
        "Cost Of Revenue": 196900000.0,
        "Total Revenue": 649100000.0,
        "Operating Revenue": 649100000.0
    },
    "2025-09-30": {
        "Tax Effect Of Unusual Items": 0.0,
        "Tax Rate For Calcs": 0.286645,
        "Normalized EBITDA": 160400000.0,
        "Total Unusual Items": 0.0,
        "Total Unusual Items Excluding Goodwill": 0.0,
        "Net Income From Continuing Operation Net Minority Interest": 87600000.0,
        "Reconciled Depreciation": 22000000.0,
        "Reconciled Cost Of Revenue": 196200000.0,
        "EBITDA": 160400000.0,
        "EBIT": 138400000.0,
        "Net Interest Income": -7000000.0,
        "Interest Expense": 15600000.0,
        "Interest Income": 8600000.0,
        "Normalized Income": 87600000.0,
        "Net Income From Continuing And Discontinued Operation": 87600000.0,
        "Total Expenses": 588600000.0,
        "Total Operating Income As Reported": 117700000.0,
        "Diluted Average Shares": 70661000.0,
        "Basic Average Shares": 70367000.0,
        "Diluted EPS": 1.24,
        "Basic EPS": 1.24,
        "Diluted NI Availto Com Stockholders": 87600000.0,
        "Average Dilution Earnings": NaN,
        "Net Income Common Stockholders": 87600000.0,
        "Net Income": 87600000.0,
        "Net Income Including Noncontrolling Interests": 87600000.0,
        "Net Income Continuous Operations": 87600000.0,
        "Tax Provision": 35200000.0,
        "Pretax Income": 122800000.0,
        "Other Income Expense": 12100000.0,
        "Other Non Operating Income Expenses": 12100000.0,
        "Special Income Charges": 0.0,
        "Other Special Charges": NaN,
        "Net Non Operating Interest Income Expense": -7000000.0,
        "Interest Expense Non Operating": 15600000.0,
        "Interest Income Non Operating": 8600000.0,
        "Operating Income": 117700000.0,
        "Operating Expense": 392400000.0,
        "Research And Development": 77200000.0,
        "Selling General And Administration": 315200000.0,
        "Gross Profit": 510100000.0,
        "Cost Of Revenue": 196200000.0,
        "Total Revenue": 706300000.0,
        "Operating Revenue": 706300000.0
    }
}