{
    "2023-06-30": {
        "Tax Effect Of Unusual Items": NaN,
        "Tax Rate For Calcs": NaN,
        "Normalized EBITDA": NaN,
        "Net Income From Continuing Operation Net Minority Interest": NaN,
        "Reconciled Depreciation": NaN,
        "Reconciled Cost Of Revenue": NaN,
        "EBITDA": NaN,
        "EBIT": NaN,
        "Net Interest Income": NaN,
        "Interest Expense": NaN,
        "Normalized Income": NaN,
        "Net Income From Continuing And Discontinued Operation": NaN,
        "Total Expenses": NaN,
        "Total Operating Income As Reported": NaN,
        "Diluted Average Shares": NaN,
        "Basic Average Shares": NaN,
        "Diluted EPS": NaN,
        "Basic EPS": NaN,
        "Diluted NI Availto Com Stockholders": NaN,
        "Net Income Common Stockholders": NaN,
        "Otherunder Preferred Stock Dividend": NaN,
        "Net Income": NaN,
        "Net Income Including Noncontrolling Interests": NaN,
        "Net Income Continuous Operations": NaN,
        "Earnings From Equity Interest Net Of Tax": NaN,
        "Tax Provision": NaN,
        "Pretax Income": NaN,
        "Net Non Operating Interest Income Expense": NaN,
        "Total Other Finance Cost": 16892000.0,
        "Interest Expense Non Operating": NaN,
        "Operating Income": NaN,
        "Operating Expense": NaN,
        "Selling General And Administration": NaN,
        "Gross Profit": NaN,
        "Cost Of Revenue": NaN,
        "Total Revenue": NaN,
        "Operating Revenue": NaN
    },
    "2023-03-31": {
        "Tax Effect Of Unusual Items": NaN,
        "Tax Rate For Calcs": NaN,
        "Normalized EBITDA": NaN,
        "Net Income From Continuing Operation Net Minority Interest": NaN,
        "Reconciled Depreciation": NaN,
        "Reconciled Cost Of Revenue": NaN,
        "EBITDA": NaN,
        "EBIT": NaN,
        "Net Interest Income": NaN,
        "Interest Expense": NaN,
        "Normalized Income": NaN,
        "Net Income From Continuing And Discontinued Operation": NaN,
        "Total Expenses": NaN,
        "Total Operating Income As Reported": NaN,
        "Diluted Average Shares": NaN,
        "Basic Average Shares": NaN,
        "Diluted EPS": NaN,
        "Basic EPS": NaN,
        "Diluted NI Availto Com Stockholders": NaN,
        "Net Income Common Stockholders": NaN,
        "Otherunder Preferred Stock Dividend": NaN,
        "Net Income": NaN,
        "Net Income Including Noncontrolling Interests": NaN,
        "Net Income Continuous Operations": NaN,
        "Earnings From Equity Interest Net Of Tax": NaN,
        "Tax Provision": NaN,
        "Pretax Income": NaN,
        "Net Non Operating Interest Income Expense": NaN,
        "Total Other Finance Cost": 15835000.0,
        "Interest Expense Non Operating": NaN,
        "Operating Income": NaN,
        "Operating Expense": NaN,
        "Selling General And Administration": NaN,
        "Gross Profit": NaN,
        "Cost Of Revenue": NaN,
        "Total Revenue": NaN,
        "Operating Revenue": NaN
    },
    "2022-12-31": {
        "Tax Effect Of Unusual Items": NaN,
        "Tax Rate For Calcs": NaN,
        "Normalized EBITDA": NaN,
        "Net Income From Continuing Operation Net Minority Interest": NaN,
        "Reconciled Depreciation": NaN,
        "Reconciled Cost Of Revenue": NaN,
        "EBITDA": NaN,
        "EBIT": NaN,
        "Net Interest Income": NaN,
        "Interest Expense": 15483000.0,
        "Normalized Income": NaN,
        "Net Income From Continuing And Discontinued Operation": NaN,
        "Total Expenses": NaN,
        "Total Operating Income As Reported": NaN,
        "Diluted Average Shares": NaN,
        "Basic Average Shares": NaN,
        "Diluted EPS": NaN,
        "Basic EPS": NaN,
        "Diluted NI Availto Com Stockholders": NaN,
        "Net Income Common Stockholders": NaN,
        "Otherunder Preferred Stock Dividend": NaN,
        "Net Income": NaN,
        "Net Income Including Noncontrolling Interests": NaN,
        "Net Income Continuous Operations": NaN,
        "Earnings From Equity Interest Net Of Tax": NaN,
        "Tax Provision": NaN,
        "Pretax Income": NaN,
        "Net Non Operating Interest Income Expense": NaN,
        "Total Other Finance Cost": NaN,
        "Interest Expense Non Operating": 15483000.0,
        "Operating Income": NaN,
        "Operating Expense": NaN,
        "Selling General And Administration": NaN,
        "Gross Profit": NaN,
        "Cost Of Revenue": NaN,
        "Total Revenue": NaN,
        "Operating Revenue": NaN
    },
    "2022-09-30": {
        "Tax Effect Of Unusual Items": NaN,
        "Tax Rate For Calcs": NaN,
        "Normalized EBITDA": NaN,
        "Net Income From Continuing Operation Net Minority Interest": NaN,
        "Reconciled Depreciation": NaN,
        "Reconciled Cost Of Revenue": NaN,
        "EBITDA": NaN,
        "EBIT": NaN,
        "Net Interest Income": NaN,
        "Interest Expense": 11707000.0,
        "Normalized Income": NaN,
        "Net Income From Continuing And Discontinued Operation": NaN,
        "Total Expenses": NaN,
        "Total Operating Income As Reported": NaN,
        "Diluted Average Shares": NaN,
        "Basic Average Shares": NaN,
        "Diluted EPS": NaN,
        "Basic EPS": NaN,
        "Diluted NI Availto Com Stockholders": NaN,
        "Net Income Common Stockholders": NaN,
        "Otherunder Preferred Stock Dividend": NaN,
        "Net Income": NaN,
        "Net Income Including Noncontrolling Interests": NaN,
        "Net Income Continuous Operations": NaN,
        "Earnings From Equity Interest Net Of Tax": NaN,
        "Tax Provision": NaN,
        "Pretax Income": NaN,
        "Net Non Operating Interest Income Expense": NaN,
        "Total Other Finance Cost": NaN,
        "Interest Expense Non Operating": 11707000.0,
        "Operating Income": NaN,
        "Operating Expense": NaN,
        "Selling General And Administration": NaN,
        "Gross Profit": NaN,
        "Cost Of Revenue": NaN,
        "Total Revenue": NaN,
        "Operating Revenue": NaN
    },
    "2022-06-30": {
        "Tax Effect Of Unusual Items": 0.0,
        "Tax Rate For Calcs": 0.251386,
        "Normalized EBITDA": 428767000.0,
        "Net Income From Continuing Operation Net Minority Interest": 307283000.0,
        "Reconciled Depreciation": 9879000.0,
        "Reconciled Cost Of Revenue": 1389014000.0,
        "EBITDA": 428767000.0,
        "EBIT": 418888000.0,
        "Net Interest Income": -8523000.0,
        "Interest Expense": 8523000.0,
        "Normalized Income": 307283000.0,
        "Net Income From Continuing And Discontinued Operation": 307283000.0,
        "Total Expenses": 1636930000.0,
        "Total Operating Income As Reported": 418888000.0,
        "Diluted Average Shares": 40064000.0,
        "Basic Average Shares": 39660000.0,
        "Diluted EPS": 7.63,
        "Basic EPS": 7.71,
        "Diluted NI Availto Com Stockholders": 307283000.0,
        "Net Income Common Stockholders": 307283000.0,
        "Otherunder Preferred Stock Dividend": 1680000.0,
        "Net Income": 307283000.0,
        "Net Income Including Noncontrolling Interests": 307283000.0,
        "Net Income Continuous Operations": 307283000.0,
        "Earnings From Equity Interest Net Of Tax": 78000.0,
        "Tax Provision": 103160000.0,
        "Pretax Income": 410365000.0,
        "Net Non Operating Interest Income Expense": -8523000.0,
        "Total Other Finance Cost": 8523000.0,
        "Interest Expense Non Operating": 8523000.0,
        "Operating Income": 418888000.0,
        "Operating Expense": 247916000.0,
        "Selling General And Administration": 247916000.0,
        "Gross Profit": 666804000.0,
        "Cost Of Revenue": 1389014000.0,
        "Total Revenue": 2055818000.0,
        "Operating Revenue": 2055818000.0
    },
    "2022-03-31": {
        "Diluted EPS": 4.41,
        "Total Revenue": NaN,
        "Gross Profit": 447,
        "Operating Income": 236,
        "EBIT": 246,
        "Net Income": 178
    },
    "2021-12-31": {
        "Diluted EPS": 2.64,
        "Total Revenue": NaN,
        "Gross Profit": 322,
        "Operating Income": 128,
        "EBIT": 136,
        "Net Income": 103
    },
    "2021-09-30": {
        "Diluted EPS": 4.54,
        "Total Revenue": NaN,
        "Gross Profit": 442,
        "Operating Income": 237,
        "EBIT": 245,
        "Net Income": 185
    },
    "2021-06-30": {
        "Diluted EPS": 6.37,
        "Total Revenue": NaN,
        "Gross Profit": 552,
        "Operating Income": 339,
        "EBIT": 346,
        "Net Income": 260
    },
    "2021-03-31": {
        "Diluted EPS": 2.42,
        "Total Revenue": NaN,
        "Gross Profit": 301,
        "Operating Income": 129,
        "EBIT": 136,
        "Net Income": 99
    },
    "2020-12-31": {
        "Diluted EPS": 1.43,
        "Total Revenue": 839,
        "Gross Profit": 239,
        "Operating Income": 74,
        "EBIT": 82,
        "Net Income": 59
    },
    "2020-09-30": {
        "Diluted EPS": 2.92,
        "Total Revenue": NaN,
        "Gross Profit": 329,
        "Operating Income": 148,
        "EBIT": 156,
        "Net Income": 119
    },
    "2020-06-30": {
        "Diluted EPS": 3.87,
        "Total Revenue": NaN,
        "Gross Profit": 373,
        "Operating Income": 206,
        "EBIT": 213,
        "Net Income": 158
    },
    "2020-03-31": {
        "Diluted EPS": 0.75,
        "Total Revenue": 677,
        "Gross Profit": 190,
        "Operating Income": 36,
        "EBIT": 43,
        "Net Income": 31
    },
    "2019-12-31": {
        "Diluted EPS": 0.43,
        "Total Revenue": 582,
        "Gross Profit": 162,
        "Operating Income": 26,
        "EBIT": 33,
        "Net Income": 18
    },
    "2019-09-30": {
        "Diluted EPS": 1.95,
        "Total Revenue": 899,
        "Gross Profit": 258,
        "Operating Income": 105,
        "EBIT": 112,
        "Net Income": 80
    },
    "2019-06-30": {
        "Diluted EPS": 3.22,
        "Total Revenue": NaN,
        "Gross Profit": 330,
        "Operating Income": 173,
        "EBIT": 180,
        "Net Income": 131
    },
    "2019-03-31": {
        "Diluted EPS": 0.8,
        "Total Revenue": 597,
        "Gross Profit": 175,
        "Operating Income": 38,
        "EBIT": 45,
        "Net Income": 33
    },
    "2018-12-31": {
        "Diluted EPS": 0.41,
        "Total Revenue": 543,
        "Gross Profit": 160,
        "Operating Income": 26,
        "EBIT": 33,
        "Net Income": 17
    },
    "2018-09-30": {
        "Diluted EPS": 1.66,
        "Total Revenue": 811,
        "Gross Profit": 235,
        "Operating Income": 92,
        "EBIT": 99,
        "Net Income": 69
    },
    "2018-06-30": {
        "Diluted EPS": 2.8,
        "Total Revenue": NaN,
        "Gross Profit": 309,
        "Operating Income": 162,
        "EBIT": 169,
        "Net Income": 117
    },
    "2018-03-31": {
        "Diluted EPS": 0.75,
        "Total Revenue": 586,
        "Gross Profit": 166,
        "Operating Income": 34,
        "EBIT": 40,
        "Net Income": 31
    },
    "2017-12-31": {
        "Diluted EPS": 0.62,
        "Total Revenue": 510,
        "Gross Profit": 145,
        "Operating Income": 17,
        "EBIT": 24,
        "Net Income": 26
    },
    "2017-09-30": {
        "Diluted EPS": 1.16,
        "Total Revenue": 743,
        "Gross Profit": 217,
        "Operating Income": 82,
        "EBIT": 89,
        "Net Income": 49
    },
    "2017-06-30": {
        "Diluted EPS": 2.21,
        "Total Revenue": 988,
        "Gross Profit": 290,
        "Operating Income": 154,
        "EBIT": 161,
        "Net Income": 95
    },
    "2017-03-31": {
        "Diluted EPS": 0.52,
        "Total Revenue": 546,
        "Gross Profit": 154,
        "Operating Income": 31,
        "EBIT": 37,
        "Net Income": 22
    },
    "2016-12-31": {
        "Diluted EPS": 0.08,
        "Total Revenue": 445,
        "Gross Profit": 128,
        "Operating Income": 10,
        "EBIT": 15,
        "Net Income": 3
    },
    "2016-09-30": {
        "Diluted EPS": 1.03,
        "Total Revenue": 691,
        "Gross Profit": 200,
        "Operating Income": 74,
        "EBIT": 80,
        "Net Income": 45
    },
    "2016-06-30": {
        "Diluted EPS": 1.98,
        "Total Revenue": 919,
        "Gross Profit": 271,
        "Operating Income": 142,
        "EBIT": 148,
        "Net Income": 85
    },
    "2016-03-31": {
        "Diluted EPS": 0.38,
        "Total Revenue": 515,
        "Gross Profit": 143,
        "Operating Income": 30,
        "EBIT": 35,
        "Net Income": 16
    },
    "2015-12-31": {
        "Diluted EPS": 0.06,
        "Total Revenue": 415,
        "Gross Profit": 118,
        "Operating Income": 6,
        "EBIT": 11,
        "Net Income": 2
    },
    "2015-09-30": {
        "Diluted EPS": 0.9,
        "Total Revenue": 646,
        "Gross Profit": 184,
        "Operating Income": 66,
        "EBIT": 70,
        "Net Income": 39
    },
    "2015-06-30": {
        "Diluted EPS": 1.75,
        "Total Revenue": 852,
        "Gross Profit": 248,
        "Operating Income": 129,
        "EBIT": 133,
        "Net Income": 78
    },
    "2015-03-31": {
        "Diluted EPS": 0.19,
        "Total Revenue": 450,
        "Gross Profit": 125,
        "Operating Income": 16,
        "EBIT": 20,
        "Net Income": 8
    },
    "2014-12-31": {
        "Diluted EPS": -0.04,
        "Total Revenue": 376,
        "Gross Profit": 106,
        "Operating Income": -1,
        "EBIT": 3,
        "Net Income": -2
    },
    "2014-09-30": {
        "Diluted EPS": 0.78,
        "Total Revenue": 616,
        "Gross Profit": 176,
        "Operating Income": 58,
        "EBIT": 63,
        "Net Income": 35
    },
    "2014-06-30": {
        "Diluted EPS": 1.61,
        "Total Revenue": 848,
        "Gross Profit": 247,
        "Operating Income": 122,
        "EBIT": 126,
        "Net Income": 74
    },
    "2014-03-31": {
        "Diluted EPS": 0.09,
        "Total Revenue": 406,
        "Gross Profit": 114,
        "Operating Income": 9,
        "EBIT": 12,
        "Net Income": 4
    },
    "2013-12-31": {
        "Diluted EPS": -0.09,
        "Total Revenue": 341,
        "Gross Profit": 96,
        "Operating Income": -7,
        "EBIT": -3,
        "Net Income": -5
    },
    "2013-09-30": {
        "Diluted EPS": 0.68,
        "Total Revenue": 578,
        "Gross Profit": 163,
        "Operating Income": 53,
        "EBIT": 57,
        "Net Income": 32
    },
    "2013-06-30": {
        "Diluted EPS": 1.39,
        "Total Revenue": 790,
        "Gross Profit": 228,
        "Operating Income": 112,
        "EBIT": 116,
        "Net Income": 67
    },
    "2013-03-31": {
        "Diluted EPS": 0.07,
        "Total Revenue": 370,
        "Gross Profit": 105,
        "Operating Income": 7,
        "EBIT": 10,
        "Net Income": 3
    },
    "2012-12-31": {
        "Diluted EPS": -0.16,
        "Total Revenue": 307,
        "Gross Profit": 89,
        "Operating Income": -10,
        "EBIT": -7,
        "Net Income": -8
    },
    "2012-09-30": {
        "Diluted EPS": 0.45,
        "Total Revenue": 528,
        "Gross Profit": 152,
        "Operating Income": 41,
        "EBIT": 44,
        "Net Income": 21
    },
    "2012-06-30": {
        "Diluted EPS": 1.34,
        "Total Revenue": 757,
        "Gross Profit": 222,
        "Operating Income": 108,
        "EBIT": 111,
        "Net Income": 65
    },
    "2012-03-31": {
        "Diluted EPS": 0.08,
        "Total Revenue": 362,
        "Gross Profit": 105,
        "Operating Income": 6,
        "EBIT": 9,
        "Net Income": 4
    },
    "2011-12-31": {
        "Diluted EPS": -0.21,
        "Total Revenue": 270,
        "Gross Profit": 81,
        "Operating Income": -14,
        "EBIT": -11,
        "Net Income": -10
    },
    "2011-09-30": {
        "Diluted EPS": 0.5,
        "Total Revenue": 504,
        "Gross Profit": 148,
        "Operating Income": 41,
        "EBIT": 44,
        "Net Income": 24
    },
    "2011-06-30": {
        "Diluted EPS": 1.19,
        "Total Revenue": 706,
        "Gross Profit": 211,
        "Operating Income": 98,
        "EBIT": 101,
        "Net Income": 59
    },
    "2011-03-31": {
        "Diluted EPS": -0.01,
        "Total Revenue": 313,
        "Gross Profit": 91,
        "Operating Income": 1,
        "EBIT": 3,
        "Net Income": -1
    },
    "2010-12-31": {
        "Diluted EPS": -0.23,
        "Total Revenue": 241,
        "Gross Profit": 74,
        "Operating Income": -17,
        "EBIT": -14,
        "Net Income": -12
    },
    "2010-09-30": {
        "Diluted EPS": 0.45,
        "Total Revenue": 455,
        "Gross Profit": 131,
        "Operating Income": 37,
        "EBIT": 40,
        "Net Income": 23
    },
    "2010-06-30": {
        "Diluted EPS": 1.05,
        "Total Revenue": 647,
        "Gross Profit": 191,
        "Operating Income": 89,
        "EBIT": 92,
        "Net Income": 53
    },
    "2010-03-31": {
        "Diluted EPS": -0.12,
        "Total Revenue": 270,
        "Gross Profit": 76,
        "Operating Income": -8,
        "EBIT": -5,
        "Net Income": -6
    },
    "2009-12-31": {
        "Diluted EPS": -0.28,
        "Total Revenue": 231,
        "Gross Profit": 67,
        "Operating Income": -22,
        "EBIT": -19,
        "Net Income": -14
    },
    "2009-09-30": {
        "Diluted EPS": -0.19,
        "Total Revenue": 430,
        "Gross Profit": 123,
        "Operating Income": 32,
        "EBIT": 35,
        "Net Income": -9
    },
    "2009-06-30": {
        "Diluted EPS": 0.99,
        "Total Revenue": 602,
        "Gross Profit": 178,
        "Operating Income": 82,
        "EBIT": 85,
        "Net Income": 48
    },
    "2009-03-31": {
        "Diluted EPS": -0.13,
        "Total Revenue": 277,
        "Gross Profit": 81,
        "Operating Income": -4,
        "EBIT": -1,
        "Net Income": -6
    },
    "2023-09-30": {
        "Tax Effect Of Unusual Items": 0.0,
        "Tax Rate For Calcs": 0.238,
        "Normalized EBITDA": 204694000.0,
        "Net Income From Continuing Operation Net Minority Interest": 137843000.0,
        "Reconciled Depreciation": 10251000.0,
        "Reconciled Cost Of Revenue": 1045676000.0,
        "EBITDA": 204694000.0,
        "EBIT": 194443000.0,
        "Net Interest Income": -13599000.0,
        "Interest Expense": 13599000.0,
        "Normalized Income": 137843000.0,
        "Net Income From Continuing And Discontinued Operation": 137843000.0,
        "Total Expenses": 1279964000.0,
        "Total Operating Income As Reported": 194443000.0,
        "Diluted Average Shares": 39023000.0,
        "Basic Average Shares": 38735000.0,
        "Diluted EPS": 3.51,
        "Basic EPS": 3.54,
        "Diluted NI Availto Com Stockholders": 137117000.0,
        "Net Income Common Stockholders": 137117000.0,
        "Otherunder Preferred Stock Dividend": 726000.0,
        "Net Income": 137843000.0,
        "Net Income Including Noncontrolling Interests": 137843000.0,
        "Net Income Continuous Operations": 137843000.0,
        "Earnings From Equity Interest Net Of Tax": 78000.0,
        "Tax Provision": 43079000.0,
        "Pretax Income": 180844000.0,
        "Net Non Operating Interest Income Expense": -13599000.0,
        "Total Other Finance Cost": NaN,
        "Interest Expense Non Operating": 13599000.0,
        "Operating Income": 194443000.0,
        "Operating Expense": 234288000.0,
        "Selling General And Administration": 234288000.0,
        "Gross Profit": 428731000.0,
        "Cost Of Revenue": 1045676000.0,
        "Total Revenue": 1474407000.0,
        "Operating Revenue": 1474407000.0
    },
    "2023-12-31": {
        "Tax Effect Of Unusual Items": 0.0,
        "Tax Rate For Calcs": 0.234161,
        "Normalized EBITDA": 89704000.0,
        "Net Income From Continuing Operation Net Minority Interest": 51437000.0,
        "Reconciled Depreciation": 10360000.0,
        "Reconciled Cost Of Revenue": 709275000.0,
        "EBITDA": 89704000.0,
        "EBIT": 79344000.0,
        "Net Interest Income": -12104000.0,
        "Interest Expense": 12104000.0,
        "Normalized Income": 51437000.0,
        "Net Income From Continuing And Discontinued Operation": 51437000.0,
        "Total Expenses": 923706000.0,
        "Total Operating Income As Reported": 79344000.0,
        "Diluted Average Shares": 38648000.0,
        "Basic Average Shares": 38372000.0,
        "Diluted EPS": 1.32,
        "Basic EPS": 1.33,
        "Diluted NI Availto Com Stockholders": 51170000.0,
        "Net Income Common Stockholders": 51170000.0,
        "Otherunder Preferred Stock Dividend": 267000.0,
        "Net Income": 51437000.0,
        "Net Income Including Noncontrolling Interests": 51437000.0,
        "Net Income Continuous Operations": 51437000.0,
        "Earnings From Equity Interest Net Of Tax": -58000.0,
        "Tax Provision": 15745000.0,
        "Pretax Income": 67240000.0,
        "Net Non Operating Interest Income Expense": -12104000.0,
        "Total Other Finance Cost": NaN,
        "Interest Expense Non Operating": 12104000.0,
        "Operating Income": 79344000.0,
        "Operating Expense": 214431000.0,
        "Selling General And Administration": 214431000.0,
        "Gross Profit": 293775000.0,
        "Cost Of Revenue": 709275000.0,
        "Total Revenue": 1003050000.0,
        "Operating Revenue": 1003050000.0
    },
    "2024-03-31": {
        "Tax Effect Of Unusual Items": 0.0,
        "Tax Rate For Calcs": 0.173,
        "Normalized EBITDA": 119469000.0,
        "Net Income From Continuing Operation Net Minority Interest": 78885000.0,
        "Reconciled Depreciation": 10749000.0,
        "Reconciled Cost Of Revenue": 782250000.0,
        "EBITDA": 119469000.0,
        "EBIT": 108720000.0,
        "Net Interest Income": -13419000.0,
        "Interest Expense": NaN,
        "Normalized Income": 78885000.0,
        "Net Income From Continuing And Discontinued Operation": 78885000.0,
        "Total Expenses": 1012090000.0,
        "Total Operating Income As Reported": 108720000.0,
        "Diluted Average Shares": 38467000.0,
        "Basic Average Shares": 38205000.0,
        "Diluted EPS": 2.04,
        "Basic EPS": 2.05,
        "Diluted NI Availto Com Stockholders": 78472000.0,
        "Net Income Common Stockholders": 78472000.0,
        "Otherunder Preferred Stock Dividend": 413000.0,
        "Net Income": 78885000.0,
        "Net Income Including Noncontrolling Interests": 78885000.0,
        "Net Income Continuous Operations": 78885000.0,
        "Earnings From Equity Interest Net Of Tax": 57000.0,
        "Tax Provision": 16473000.0,
        "Pretax Income": 95301000.0,
        "Net Non Operating Interest Income Expense": -13419000.0,
        "Total Other Finance Cost": 13419000.0,
        "Interest Expense Non Operating": NaN,
        "Operating Income": 108720000.0,
        "Operating Expense": 229840000.0,
        "Selling General And Administration": 229840000.0,
        "Gross Profit": 338560000.0,
        "Cost Of Revenue": 782250000.0,
        "Total Revenue": 1120810000.0,
        "Operating Revenue": 1120810000.0
    },
    "2024-06-30": {
        "Tax Effect Of Unusual Items": 0.0,
        "Tax Rate For Calcs": 0.253,
        "Normalized EBITDA": 282524000.0,
        "Net Income From Continuing Operation Net Minority Interest": 192439000.0,
        "Reconciled Depreciation": 11043000.0,
        "Reconciled Cost Of Revenue": 1239643000.0,
        "EBITDA": 282524000.0,
        "EBIT": 271481000.0,
        "Net Interest Income": -14044000.0,
        "Interest Expense": NaN,
        "Normalized Income": 192439000.0,
        "Net Income From Continuing And Discontinued Operation": 192439000.0,
        "Total Expenses": 1498303000.0,
        "Total Operating Income As Reported": 271481000.0,
        "Diluted Average Shares": 38325000.0,
        "Basic Average Shares": 38124000.0,
        "Diluted EPS": 4.99,
        "Basic EPS": 5.02,
        "Diluted NI Availto Com Stockholders": 191421000.0,
        "Net Income Common Stockholders": 191421000.0,
        "Otherunder Preferred Stock Dividend": 1018000.0,
        "Net Income": 192439000.0,
        "Net Income Including Noncontrolling Interests": 192439000.0,
        "Net Income Continuous Operations": 192439000.0,
        "Earnings From Equity Interest Net Of Tax": 60000.0,
        "Tax Provision": 65058000.0,
        "Pretax Income": 257437000.0,
        "Net Non Operating Interest Income Expense": -14044000.0,
        "Total Other Finance Cost": 14044000.0,
        "Interest Expense Non Operating": NaN,
        "Operating Income": 271481000.0,
        "Operating Expense": 258660000.0,
        "Selling General And Administration": 258660000.0,
        "Gross Profit": 530141000.0,
        "Cost Of Revenue": 1239643000.0,
        "Total Revenue": 1769784000.0,
        "Operating Revenue": 1769784000.0
    },
    "2024-09-30": {
        "Tax Effect Of Unusual Items": 0.0,
        "Tax Rate For Calcs": 0.234,
        "Normalized EBITDA": 187923000.0,
        "Net Income From Continuing Operation Net Minority Interest": 125701000.0,
        "Reconciled Depreciation": 11570000.0,
        "Reconciled Cost Of Revenue": 1016476000.0,
        "EBITDA": 187923000.0,
        "EBIT": 176353000.0,
        "Net Interest Income": -12355000.0,
        "Interest Expense": 12355000.0,
        "Normalized Income": 125701000.0,
        "Net Income From Continuing And Discontinued Operation": 125701000.0,
        "Total Expenses": 1256526000.0,
        "Total Operating Income As Reported": 176353000.0,
        "Diluted Average Shares": 38187000.0,
        "Basic Average Shares": 37983000.0,
        "Diluted EPS": 3.27,
        "Basic EPS": 3.29,
        "Diluted NI Availto Com Stockholders": 125047000.0,
        "Net Income Common Stockholders": 125047000.0,
        "Otherunder Preferred Stock Dividend": 654000.0,
        "Net Income": 125701000.0,
        "Net Income Including Noncontrolling Interests": 125701000.0,
        "Net Income Continuous Operations": 125701000.0,
        "Earnings From Equity Interest Net Of Tax": 64000.0,
        "Tax Provision": 38361000.0,
        "Pretax Income": 163998000.0,
        "Net Non Operating Interest Income Expense": -12355000.0,
        "Total Other Finance Cost": NaN,
        "Interest Expense Non Operating": 12355000.0,
        "Operating Income": 176353000.0,
        "Operating Expense": 240050000.0,
        "Selling General And Administration": 240050000.0,
        "Gross Profit": 416403000.0,
        "Cost Of Revenue": 1016476000.0,
        "Total Revenue": 1432879000.0,
        "Operating Revenue": 1432879000.0
    }
}