{
    "2023-06-30": {
        "Tax Effect Of Unusual Items": NaN,
        "Tax Rate For Calcs": NaN,
        "Normalized EBITDA": NaN,
        "Total Unusual Items": NaN,
        "Total Unusual Items Excluding Goodwill": NaN,
        "Net Income From Continuing Operation Net Minority Interest": NaN,
        "Reconciled Depreciation": NaN,
        "Reconciled Cost Of Revenue": NaN,
        "EBITDA": NaN,
        "EBIT": NaN,
        "Net Interest Income": NaN,
        "Interest Expense": NaN,
        "Normalized Income": NaN,
        "Net Income From Continuing And Discontinued Operation": NaN,
        "Total Expenses": NaN,
        "Total Operating Income As Reported": NaN,
        "Diluted Average Shares": 97630000.0,
        "Basic Average Shares": 97087000.0,
        "Diluted EPS": 0.39,
        "Basic EPS": 0.39,
        "Diluted NI Availto Com Stockholders": NaN,
        "Net Income Common Stockholders": NaN,
        "Net Income": NaN,
        "Net Income Including Noncontrolling Interests": NaN,
        "Net Income Continuous Operations": NaN,
        "Tax Provision": NaN,
        "Pretax Income": NaN,
        "Other Income Expense": NaN,
        "Other Non Operating Income Expenses": NaN,
        "Special Income Charges": NaN,
        "Other Special Charges": NaN,
        "Net Non Operating Interest Income Expense": NaN,
        "Interest Expense Non Operating": NaN,
        "Operating Income": NaN,
        "Operating Expense": NaN,
        "Other Operating Expenses": 101000000.0,
        "Other Taxes": NaN,
        "Depreciation Amortization Depletion Income Statement": NaN,
        "Depreciation And Amortization In Income Statement": NaN,
        "Selling General And Administration": NaN,
        "General And Administrative Expense": NaN,
        "Other Gand A": NaN,
        "Gross Profit": NaN,
        "Cost Of Revenue": NaN,
        "Total Revenue": NaN,
        "Operating Revenue": NaN
    },
    "2023-03-31": {
        "Tax Effect Of Unusual Items": NaN,
        "Tax Rate For Calcs": NaN,
        "Normalized EBITDA": NaN,
        "Total Unusual Items": NaN,
        "Total Unusual Items Excluding Goodwill": NaN,
        "Net Income From Continuing Operation Net Minority Interest": NaN,
        "Reconciled Depreciation": NaN,
        "Reconciled Cost Of Revenue": NaN,
        "EBITDA": NaN,
        "EBIT": NaN,
        "Net Interest Income": NaN,
        "Interest Expense": NaN,
        "Normalized Income": NaN,
        "Net Income From Continuing And Discontinued Operation": NaN,
        "Total Expenses": NaN,
        "Total Operating Income As Reported": NaN,
        "Diluted Average Shares": 92571000.0,
        "Basic Average Shares": 91840000.0,
        "Diluted EPS": 0.8,
        "Basic EPS": 0.81,
        "Diluted NI Availto Com Stockholders": NaN,
        "Net Income Common Stockholders": NaN,
        "Net Income": NaN,
        "Net Income Including Noncontrolling Interests": NaN,
        "Net Income Continuous Operations": NaN,
        "Tax Provision": NaN,
        "Pretax Income": NaN,
        "Other Income Expense": NaN,
        "Other Non Operating Income Expenses": NaN,
        "Special Income Charges": NaN,
        "Other Special Charges": NaN,
        "Net Non Operating Interest Income Expense": NaN,
        "Interest Expense Non Operating": NaN,
        "Operating Income": NaN,
        "Operating Expense": NaN,
        "Other Operating Expenses": NaN,
        "Other Taxes": NaN,
        "Depreciation Amortization Depletion Income Statement": NaN,
        "Depreciation And Amortization In Income Statement": NaN,
        "Selling General And Administration": NaN,
        "General And Administrative Expense": NaN,
        "Other Gand A": NaN,
        "Gross Profit": NaN,
        "Cost Of Revenue": NaN,
        "Total Revenue": NaN,
        "Operating Revenue": NaN
    },
    "2022-12-31": {
        "Tax Effect Of Unusual Items": 222222.222222,
        "Tax Rate For Calcs": 0.055556,
        "Normalized EBITDA": 198000000.0,
        "Total Unusual Items": 4000000.0,
        "Total Unusual Items Excluding Goodwill": 4000000.0,
        "Net Income From Continuing Operation Net Minority Interest": 51000000.0,
        "Reconciled Depreciation": 107000000.0,
        "Reconciled Cost Of Revenue": 281000000.0,
        "EBITDA": 202000000.0,
        "EBIT": 95000000.0,
        "Net Interest Income": -41000000.0,
        "Interest Expense": 41000000.0,
        "Normalized Income": 47222222.222222,
        "Net Income From Continuing And Discontinued Operation": 51000000.0,
        "Total Expenses": 600000000.0,
        "Total Operating Income As Reported": 87000000.0,
        "Diluted Average Shares": NaN,
        "Basic Average Shares": NaN,
        "Diluted EPS": NaN,
        "Basic EPS": NaN,
        "Diluted NI Availto Com Stockholders": 51000000.0,
        "Net Income Common Stockholders": 51000000.0,
        "Net Income": 51000000.0,
        "Net Income Including Noncontrolling Interests": 51000000.0,
        "Net Income Continuous Operations": 51000000.0,
        "Tax Provision": 3000000.0,
        "Pretax Income": 54000000.0,
        "Other Income Expense": 8000000.0,
        "Other Non Operating Income Expenses": 4000000.0,
        "Special Income Charges": 4000000.0,
        "Other Special Charges": -4000000.0,
        "Net Non Operating Interest Income Expense": -41000000.0,
        "Interest Expense Non Operating": 41000000.0,
        "Operating Income": 87000000.0,
        "Operating Expense": 319000000.0,
        "Other Operating Expenses": 90000000.0,
        "Other Taxes": 39000000.0,
        "Depreciation Amortization Depletion Income Statement": 107000000.0,
        "Depreciation And Amortization In Income Statement": 107000000.0,
        "Selling General And Administration": 83000000.0,
        "General And Administrative Expense": 83000000.0,
        "Other Gand A": 83000000.0,
        "Gross Profit": 406000000.0,
        "Cost Of Revenue": 281000000.0,
        "Total Revenue": 687000000.0,
        "Operating Revenue": 670000000.0
    },
    "2022-09-30": {
        "Tax Effect Of Unusual Items": NaN,
        "Tax Rate For Calcs": NaN,
        "Normalized EBITDA": NaN,
        "Total Unusual Items": NaN,
        "Total Unusual Items Excluding Goodwill": NaN,
        "Net Income From Continuing Operation Net Minority Interest": NaN,
        "Reconciled Depreciation": NaN,
        "Reconciled Cost Of Revenue": NaN,
        "EBITDA": NaN,
        "EBIT": NaN,
        "Net Interest Income": NaN,
        "Interest Expense": NaN,
        "Normalized Income": NaN,
        "Net Income From Continuing And Discontinued Operation": NaN,
        "Total Expenses": NaN,
        "Total Operating Income As Reported": NaN,
        "Diluted Average Shares": 89447000.0,
        "Basic Average Shares": 89263000.0,
        "Diluted EPS": 0.65,
        "Basic EPS": 0.65,
        "Diluted NI Availto Com Stockholders": NaN,
        "Net Income Common Stockholders": NaN,
        "Net Income": NaN,
        "Net Income Including Noncontrolling Interests": NaN,
        "Net Income Continuous Operations": NaN,
        "Tax Provision": NaN,
        "Pretax Income": NaN,
        "Other Income Expense": NaN,
        "Other Non Operating Income Expenses": NaN,
        "Special Income Charges": NaN,
        "Other Special Charges": NaN,
        "Net Non Operating Interest Income Expense": NaN,
        "Interest Expense Non Operating": NaN,
        "Operating Income": NaN,
        "Operating Expense": NaN,
        "Other Operating Expenses": NaN,
        "Other Taxes": NaN,
        "Depreciation Amortization Depletion Income Statement": NaN,
        "Depreciation And Amortization In Income Statement": NaN,
        "Selling General And Administration": NaN,
        "General And Administrative Expense": NaN,
        "Other Gand A": NaN,
        "Gross Profit": NaN,
        "Cost Of Revenue": NaN,
        "Total Revenue": NaN,
        "Operating Revenue": NaN
    },
    "2022-06-30": {
        "Tax Effect Of Unusual Items": 507000.0,
        "Tax Rate For Calcs": 0.169,
        "Normalized EBITDA": 215000000.0,
        "Total Unusual Items": 3000000.0,
        "Total Unusual Items Excluding Goodwill": 3000000.0,
        "Net Income From Continuing Operation Net Minority Interest": 64000000.0,
        "Reconciled Depreciation": 103000000.0,
        "Reconciled Cost Of Revenue": 168000000.0,
        "EBITDA": 218000000.0,
        "EBIT": 115000000.0,
        "Net Interest Income": -38000000.0,
        "Interest Expense": 38000000.0,
        "Normalized Income": 61507000.0,
        "Net Income From Continuing And Discontinued Operation": 64000000.0,
        "Total Expenses": 479000000.0,
        "Total Operating Income As Reported": 112000000.0,
        "Diluted Average Shares": 89371000.0,
        "Basic Average Shares": 89225000.0,
        "Diluted EPS": 0.716116,
        "Basic EPS": 0.72,
        "Diluted NI Availto Com Stockholders": 64000000.0,
        "Net Income Common Stockholders": 64000000.0,
        "Net Income": 64000000.0,
        "Net Income Including Noncontrolling Interests": 64000000.0,
        "Net Income Continuous Operations": 64000000.0,
        "Tax Provision": 13000000.0,
        "Pretax Income": 77000000.0,
        "Other Income Expense": 3000000.0,
        "Other Non Operating Income Expenses": NaN,
        "Special Income Charges": 3000000.0,
        "Other Special Charges": -3000000.0,
        "Net Non Operating Interest Income Expense": -38000000.0,
        "Interest Expense Non Operating": 38000000.0,
        "Operating Income": 112000000.0,
        "Operating Expense": 311000000.0,
        "Other Taxes": 39000000.0,
        "Depreciation Amortization Depletion Income Statement": 103000000.0,
        "Depreciation And Amortization In Income Statement": 103000000.0,
        "Selling General And Administration": 169000000.0,
        "General And Administrative Expense": 169000000.0,
        "Other Gand A": 169000000.0,
        "Gross Profit": 423000000.0,
        "Cost Of Revenue": 168000000.0,
        "Total Revenue": 591000000.0,
        "Operating Revenue": 568000000.0
    },
    "2022-03-31": {
        "Diluted EPS": 0.67,
        "Total Revenue": 626,
        "Gross Profit": 334,
        "Operating Income": 106,
        "EBIT": 205,
        "Net Income": 60
    },
    "2021-12-31": {
        "Diluted EPS": 0.73,
        "Total Revenue": 608,
        "Gross Profit": 325,
        "Operating Income": 101,
        "EBIT": 200,
        "Net Income": 66
    },
    "2021-09-30": {
        "Diluted EPS": 0.56,
        "Total Revenue": 642,
        "Gross Profit": 303,
        "Operating Income": 83,
        "EBIT": 184,
        "Net Income": 50
    },
    "2021-06-30": {
        "Diluted EPS": 0.36,
        "Total Revenue": 537,
        "Gross Profit": 276,
        "Operating Income": 61,
        "EBIT": 162,
        "Net Income": 32
    },
    "2021-03-31": {
        "Diluted EPS": 1.07,
        "Total Revenue": 609,
        "Gross Profit": 360,
        "Operating Income": 133,
        "EBIT": 236,
        "Net Income": 96
    },
    "2020-12-31": {
        "Diluted EPS": 0.57,
        "Total Revenue": 556,
        "Gross Profit": 324,
        "Operating Income": 81,
        "EBIT": 232,
        "Net Income": 52
    },
    "2020-09-30": {
        "Diluted EPS": -0.19,
        "Total Revenue": 547,
        "Gross Profit": 190,
        "Operating Income": -16,
        "EBIT": 86,
        "Net Income": -17
    },
    "2020-06-30": {
        "Diluted EPS": 0.43,
        "Total Revenue": 469,
        "Gross Profit": 283,
        "Operating Income": 71,
        "EBIT": 170,
        "Net Income": 39
    },
    "2020-03-31": {
        "Diluted EPS": 0.91,
        "Total Revenue": 573,
        "Gross Profit": 347,
        "Operating Income": 133,
        "EBIT": 235,
        "Net Income": 81
    },
    "2019-12-31": {
        "Diluted EPS": 0.68,
        "Total Revenue": 548,
        "Gross Profit": 301,
        "Operating Income": 97,
        "EBIT": 201,
        "Net Income": 60
    },
    "2019-09-30": {
        "Diluted EPS": 0.61,
        "Total Revenue": 542,
        "Gross Profit": 299,
        "Operating Income": 88,
        "EBIT": 191,
        "Net Income": 55
    },
    "2019-06-30": {
        "Diluted EPS": 0.28,
        "Total Revenue": 460,
        "Gross Profit": 269,
        "Operating Income": 57,
        "EBIT": 158,
        "Net Income": 26
    },
    "2019-03-31": {
        "Diluted EPS": 0.82,
        "Total Revenue": 573,
        "Gross Profit": 317,
        "Operating Income": 111,
        "EBIT": 212,
        "Net Income": 73
    },
    "2018-12-31": {
        "Diluted EPS": 0.55,
        "Total Revenue": 524,
        "Gross Profit": 293,
        "Operating Income": 75,
        "EBIT": 176,
        "Net Income": 49
    },
    "2018-09-30": {
        "Diluted EPS": 0.59,
        "Total Revenue": 525,
        "Gross Profit": 267,
        "Operating Income": 91,
        "EBIT": 187,
        "Net Income": 53
    },
    "2018-06-30": {
        "Diluted EPS": 0.51,
        "Total Revenue": 449,
        "Gross Profit": 274,
        "Operating Income": 80,
        "EBIT": 173,
        "Net Income": 46
    },
    "2018-03-31": {
        "Diluted EPS": 0.72,
        "Total Revenue": 493,
        "Gross Profit": 294,
        "Operating Income": 100,
        "EBIT": 192,
        "Net Income": 64
    },
    "2017-12-31": {
        "Diluted EPS": 0.48,
        "Total Revenue": 515,
        "Gross Profit": 292,
        "Operating Income": 109,
        "EBIT": 197,
        "Net Income": 42
    },
    "2017-09-30": {
        "Diluted EPS": 0.44,
        "Total Revenue": 515,
        "Gross Profit": 258,
        "Operating Income": 78,
        "EBIT": 165,
        "Net Income": 40
    },
    "2017-06-30": {
        "Diluted EPS": 0.36,
        "Total Revenue": 449,
        "Gross Profit": 250,
        "Operating Income": 69,
        "EBIT": 155,
        "Net Income": 32
    },
    "2017-03-31": {
        "Diluted EPS": 0.82,
        "Total Revenue": 530,
        "Gross Profit": 308,
        "Operating Income": 124,
        "EBIT": 208,
        "Net Income": 73
    },
    "2016-12-31": {
        "Diluted EPS": 0.68,
        "Total Revenue": 524,
        "Gross Profit": 275,
        "Operating Income": 113,
        "EBIT": 190,
        "Net Income": 61
    },
    "2016-09-30": {
        "Diluted EPS": 0.38,
        "Total Revenue": 484,
        "Gross Profit": 235,
        "Operating Income": 64,
        "EBIT": 143,
        "Net Income": 34
    },
    "2016-06-30": {
        "Diluted EPS": 0.42,
        "Total Revenue": 428,
        "Gross Profit": 238,
        "Operating Income": 64,
        "EBIT": 147,
        "Net Income": 37
    },
    "2016-03-31": {
        "Diluted EPS": 0.68,
        "Total Revenue": 487,
        "Gross Profit": 272,
        "Operating Income": 99,
        "EBIT": 181,
        "Net Income": 61
    },
    "2015-12-31": {
        "Diluted EPS": 0.58,
        "Total Revenue": 499,
        "Gross Profit": 254,
        "Operating Income": 84,
        "EBIT": 162,
        "Net Income": 51
    },
    "2015-09-30": {
        "Diluted EPS": 0.4,
        "Total Revenue": 476,
        "Gross Profit": 231,
        "Operating Income": 68,
        "EBIT": 144,
        "Net Income": 36
    },
    "2015-06-30": {
        "Diluted EPS": 0.44,
        "Total Revenue": 450,
        "Gross Profit": 236,
        "Operating Income": 72,
        "EBIT": 148,
        "Net Income": 35
    },
    "2015-03-31": {
        "Diluted EPS": 0.62,
        "Total Revenue": 473,
        "Gross Profit": 250,
        "Operating Income": 85,
        "EBIT": 160,
        "Net Income": 50
    },
    "2014-12-31": {
        "Diluted EPS": 0.55,
        "Total Revenue": 500,
        "Gross Profit": 239,
        "Operating Income": 72,
        "EBIT": 149,
        "Net Income": 43
    },
    "2014-09-30": {
        "Diluted EPS": 0.47,
        "Total Revenue": 484,
        "Gross Profit": 222,
        "Operating Income": 65,
        "EBIT": 141,
        "Net Income": 39
    },
    "2014-06-30": {
        "Diluted EPS": 0.43,
        "Total Revenue": 423,
        "Gross Profit": 214,
        "Operating Income": 58,
        "EBIT": 131,
        "Net Income": 35
    },
    "2014-03-31": {
        "Diluted EPS": 0.73,
        "Total Revenue": 493,
        "Gross Profit": 255,
        "Operating Income": 98,
        "EBIT": 173,
        "Net Income": 58
    },
    "2013-12-31": {
        "Diluted EPS": 0.59,
        "Total Revenue": 499,
        "Gross Profit": 224,
        "Operating Income": 77,
        "EBIT": 139,
        "Net Income": 47
    },
    "2013-09-30": {
        "Diluted EPS": 0.4,
        "Total Revenue": 435,
        "Gross Profit": 191,
        "Operating Income": 53,
        "EBIT": 115,
        "Net Income": 31
    },
    "2013-06-30": {
        "Diluted EPS": -0.29,
        "Total Revenue": 403,
        "Gross Profit": 183,
        "Operating Income": -11,
        "EBIT": 51,
        "Net Income": -22
    },
    "2013-03-31": {
        "Diluted EPS": 0.65,
        "Total Revenue": 473,
        "Gross Profit": 230,
        "Operating Income": 87,
        "EBIT": 149,
        "Net Income": 49
    },
    "2012-12-31": {
        "Diluted EPS": 0.38,
        "Total Revenue": 463,
        "Gross Profit": 212,
        "Operating Income": 71,
        "EBIT": 131,
        "Net Income": 28
    },
    "2012-09-30": {
        "Diluted EPS": 0.5,
        "Total Revenue": 450,
        "Gross Profit": 219,
        "Operating Income": 82,
        "EBIT": 145,
        "Net Income": 38
    },
    "2012-06-30": {
        "Diluted EPS": 0.34,
        "Total Revenue": 413,
        "Gross Profit": 206,
        "Operating Income": 61,
        "EBIT": 124,
        "Net Income": 26
    },
    "2012-03-31": {
        "Diluted EPS": 0.65,
        "Total Revenue": 479,
        "Gross Profit": 231,
        "Operating Income": 88,
        "EBIT": 150,
        "Net Income": 49
    },
    "2011-12-31": {
        "Diluted EPS": 0.38,
        "Total Revenue": 479,
        "Gross Profit": 210,
        "Operating Income": 69,
        "EBIT": 126,
        "Net Income": 29
    },
    "2011-09-30": {
        "Diluted EPS": 0.36,
        "Total Revenue": 439,
        "Gross Profit": 207,
        "Operating Income": 68,
        "EBIT": 127,
        "Net Income": 27
    },
    "2011-06-30": {
        "Diluted EPS": 0.29,
        "Total Revenue": 411,
        "Gross Profit": 187,
        "Operating Income": 57,
        "EBIT": 112,
        "Net Income": 22
    },
    "2011-03-31": {
        "Diluted EPS": 0.92,
        "Total Revenue": 484,
        "Gross Profit": 248,
        "Operating Income": 115,
        "EBIT": 171,
        "Net Income": 69
    },
    "2010-12-31": {
        "Diluted EPS": 0.33,
        "Total Revenue": 455,
        "Gross Profit": 192,
        "Operating Income": 59,
        "EBIT": 124,
        "Net Income": 25
    },
    "2010-09-30": {
        "Diluted EPS": 0.65,
        "Total Revenue": 464,
        "Gross Profit": 219,
        "Operating Income": 90,
        "EBIT": 149,
        "Net Income": 49
    },
    "2010-06-30": {
        "Diluted EPS": 0.32,
        "Total Revenue": 415,
        "Gross Profit": 183,
        "Operating Income": 57,
        "EBIT": 114,
        "Net Income": 24
    },
    "2010-03-31": {
        "Diluted EPS": 0.36,
        "Total Revenue": 449,
        "Gross Profit": 186,
        "Operating Income": 61,
        "EBIT": 118,
        "Net Income": 27
    },
    "2009-12-31": {
        "Diluted EPS": 0.1,
        "Total Revenue": 485,
        "Gross Profit": 154,
        "Operating Income": 38,
        "EBIT": 89,
        "Net Income": 8
    },
    "2009-09-30": {
        "Diluted EPS": 0.43,
        "Total Revenue": 445,
        "Gross Profit": 178,
        "Operating Income": 62,
        "EBIT": 115,
        "Net Income": 32
    },
    "2009-06-30": {
        "Diluted EPS": 0.31,
        "Total Revenue": 389,
        "Gross Profit": 162,
        "Operating Income": 45,
        "EBIT": 95,
        "Net Income": 24
    },
    "2009-03-31": {
        "Diluted EPS": 0.47,
        "Total Revenue": 485,
        "Gross Profit": 188,
        "Operating Income": 63,
        "EBIT": 120,
        "Net Income": 31
    },
    "2023-09-30": {
        "Tax Effect Of Unusual Items": NaN,
        "Tax Rate For Calcs": NaN,
        "Normalized EBITDA": NaN,
        "Total Unusual Items": NaN,
        "Total Unusual Items Excluding Goodwill": NaN,
        "Net Income From Continuing Operation Net Minority Interest": NaN,
        "Reconciled Depreciation": NaN,
        "Reconciled Cost Of Revenue": NaN,
        "EBITDA": NaN,
        "EBIT": NaN,
        "Net Interest Income": NaN,
        "Interest Expense": NaN,
        "Normalized Income": NaN,
        "Net Income From Continuing And Discontinued Operation": NaN,
        "Total Expenses": NaN,
        "Total Operating Income As Reported": NaN,
        "Diluted Average Shares": 101103000.0,
        "Basic Average Shares": 100849000.0,
        "Diluted EPS": 0.46,
        "Basic EPS": 0.47,
        "Diluted NI Availto Com Stockholders": NaN,
        "Net Income Common Stockholders": NaN,
        "Net Income": NaN,
        "Net Income Including Noncontrolling Interests": NaN,
        "Net Income Continuous Operations": NaN,
        "Tax Provision": NaN,
        "Pretax Income": NaN,
        "Other Income Expense": NaN,
        "Other Non Operating Income Expenses": NaN,
        "Special Income Charges": NaN,
        "Other Special Charges": NaN,
        "Net Non Operating Interest Income Expense": NaN,
        "Interest Expense Non Operating": NaN,
        "Operating Income": NaN,
        "Operating Expense": NaN,
        "Other Operating Expenses": 85000000.0,
        "Other Taxes": NaN,
        "Depreciation Amortization Depletion Income Statement": NaN,
        "Depreciation And Amortization In Income Statement": NaN,
        "Selling General And Administration": NaN,
        "General And Administrative Expense": NaN,
        "Other Gand A": NaN,
        "Gross Profit": NaN,
        "Cost Of Revenue": NaN,
        "Total Revenue": NaN,
        "Operating Revenue": NaN
    },
    "2023-12-31": {
        "Tax Effect Of Unusual Items": NaN,
        "Tax Rate For Calcs": NaN,
        "Normalized EBITDA": NaN,
        "Total Unusual Items": NaN,
        "Total Unusual Items Excluding Goodwill": NaN,
        "Net Income From Continuing Operation Net Minority Interest": NaN,
        "Reconciled Depreciation": NaN,
        "Reconciled Cost Of Revenue": NaN,
        "EBITDA": NaN,
        "EBIT": NaN,
        "Net Interest Income": NaN,
        "Interest Expense": NaN,
        "Normalized Income": NaN,
        "Net Income From Continuing And Discontinued Operation": NaN,
        "Total Expenses": NaN,
        "Total Operating Income As Reported": NaN,
        "Diluted Average Shares": NaN,
        "Basic Average Shares": NaN,
        "Diluted EPS": NaN,
        "Basic EPS": NaN,
        "Diluted NI Availto Com Stockholders": NaN,
        "Net Income Common Stockholders": NaN,
        "Net Income": NaN,
        "Net Income Including Noncontrolling Interests": NaN,
        "Net Income Continuous Operations": NaN,
        "Tax Provision": NaN,
        "Pretax Income": NaN,
        "Other Income Expense": NaN,
        "Other Non Operating Income Expenses": NaN,
        "Special Income Charges": NaN,
        "Other Special Charges": NaN,
        "Net Non Operating Interest Income Expense": NaN,
        "Interest Expense Non Operating": NaN,
        "Operating Income": NaN,
        "Operating Expense": NaN,
        "Other Operating Expenses": 95000000.0,
        "Other Taxes": NaN,
        "Depreciation Amortization Depletion Income Statement": NaN,
        "Depreciation And Amortization In Income Statement": NaN,
        "Selling General And Administration": NaN,
        "General And Administrative Expense": NaN,
        "Other Gand A": NaN,
        "Gross Profit": NaN,
        "Cost Of Revenue": NaN,
        "Total Revenue": NaN,
        "Operating Revenue": NaN
    },
    "2024-03-31": {
        "Tax Effect Of Unusual Items": NaN,
        "Tax Rate For Calcs": NaN,
        "Normalized EBITDA": NaN,
        "Total Unusual Items": NaN,
        "Total Unusual Items Excluding Goodwill": NaN,
        "Net Income From Continuing Operation Net Minority Interest": NaN,
        "Reconciled Depreciation": NaN,
        "Reconciled Cost Of Revenue": NaN,
        "EBITDA": NaN,
        "EBIT": NaN,
        "Net Interest Income": NaN,
        "Interest Expense": NaN,
        "Normalized Income": NaN,
        "Net Income From Continuing And Discontinued Operation": NaN,
        "Total Expenses": NaN,
        "Total Operating Income As Reported": NaN,
        "Diluted Average Shares": 101467000.0,
        "Basic Average Shares": 101299000.0,
        "Diluted EPS": 1.08,
        "Basic EPS": 1.08,
        "Diluted NI Availto Com Stockholders": NaN,
        "Net Income Common Stockholders": NaN,
        "Net Income": NaN,
        "Net Income Including Noncontrolling Interests": NaN,
        "Net Income Continuous Operations": NaN,
        "Tax Provision": NaN,
        "Pretax Income": NaN,
        "Other Income Expense": NaN,
        "Other Non Operating Income Expenses": NaN,
        "Special Income Charges": NaN,
        "Other Special Charges": NaN,
        "Net Non Operating Interest Income Expense": NaN,
        "Interest Expense Non Operating": NaN,
        "Operating Income": NaN,
        "Operating Expense": NaN,
        "Other Operating Expenses": 99000000.0,
        "Other Taxes": NaN,
        "Depreciation Amortization Depletion Income Statement": NaN,
        "Depreciation And Amortization In Income Statement": NaN,
        "Selling General And Administration": NaN,
        "General And Administrative Expense": NaN,
        "Other Gand A": NaN,
        "Gross Profit": NaN,
        "Cost Of Revenue": NaN,
        "Total Revenue": NaN,
        "Operating Revenue": NaN
    },
    "2024-06-30": {
        "Tax Effect Of Unusual Items": 531645.56962,
        "Tax Rate For Calcs": 0.088608,
        "Normalized EBITDA": 247000000.0,
        "Total Unusual Items": 6000000.0,
        "Total Unusual Items Excluding Goodwill": 6000000.0,
        "Net Income From Continuing Operation Net Minority Interest": 72000000.0,
        "Reconciled Depreciation": 122000000.0,
        "Reconciled Cost Of Revenue": 382000000.0,
        "EBITDA": 253000000.0,
        "EBIT": 131000000.0,
        "Net Interest Income": -52000000.0,
        "Interest Expense": 52000000.0,
        "Normalized Income": 66531645.56962,
        "Net Income From Continuing And Discontinued Operation": 72000000.0,
        "Total Expenses": 642000000.0,
        "Total Operating Income As Reported": 116000000.0,
        "Diluted Average Shares": 103232000.0,
        "Basic Average Shares": 103034000.0,
        "Diluted EPS": 0.69,
        "Basic EPS": 0.69,
        "Diluted NI Availto Com Stockholders": 72000000.0,
        "Net Income Common Stockholders": 72000000.0,
        "Net Income": 72000000.0,
        "Net Income Including Noncontrolling Interests": 72000000.0,
        "Net Income Continuous Operations": 72000000.0,
        "Tax Provision": 7000000.0,
        "Pretax Income": 79000000.0,
        "Other Income Expense": 15000000.0,
        "Other Non Operating Income Expenses": 9000000.0,
        "Special Income Charges": 6000000.0,
        "Other Special Charges": -6000000.0,
        "Net Non Operating Interest Income Expense": -52000000.0,
        "Interest Expense Non Operating": 52000000.0,
        "Operating Income": 116000000.0,
        "Operating Expense": 260000000.0,
        "Other Operating Expenses": 107000000.0,
        "Other Taxes": 41000000.0,
        "Depreciation Amortization Depletion Income Statement": 122000000.0,
        "Depreciation And Amortization In Income Statement": 122000000.0,
        "Selling General And Administration": 97000000.0,
        "General And Administrative Expense": 97000000.0,
        "Other Gand A": 97000000.0,
        "Gross Profit": 376000000.0,
        "Cost Of Revenue": 382000000.0,
        "Total Revenue": 758000000.0,
        "Operating Revenue": 735000000.0
    },
    "2024-09-30": {
        "Tax Effect Of Unusual Items": 630000.0,
        "Tax Rate For Calcs": 0.105,
        "Normalized EBITDA": 278000000.0,
        "Total Unusual Items": 6000000.0,
        "Total Unusual Items Excluding Goodwill": 6000000.0,
        "Net Income From Continuing Operation Net Minority Interest": 94000000.0,
        "Reconciled Depreciation": 126000000.0,
        "Reconciled Cost Of Revenue": 511000000.0,
        "EBITDA": 284000000.0,
        "EBIT": 158000000.0,
        "Net Interest Income": -53000000.0,
        "Interest Expense": 53000000.0,
        "Normalized Income": 88630000.0,
        "Net Income From Continuing And Discontinued Operation": 94000000.0,
        "Total Expenses": 783000000.0,
        "Total Operating Income As Reported": 146000000.0,
        "Diluted Average Shares": 104338000.0,
        "Basic Average Shares": 103845000.0,
        "Diluted EPS": 0.9,
        "Basic EPS": 0.91,
        "Diluted NI Availto Com Stockholders": 94000000.0,
        "Net Income Common Stockholders": 94000000.0,
        "Net Income": 94000000.0,
        "Net Income Including Noncontrolling Interests": 94000000.0,
        "Net Income Continuous Operations": 94000000.0,
        "Tax Provision": 11000000.0,
        "Pretax Income": 105000000.0,
        "Other Income Expense": 12000000.0,
        "Other Non Operating Income Expenses": 6000000.0,
        "Special Income Charges": 6000000.0,
        "Other Special Charges": -6000000.0,
        "Net Non Operating Interest Income Expense": -53000000.0,
        "Interest Expense Non Operating": 53000000.0,
        "Operating Income": 146000000.0,
        "Operating Expense": 272000000.0,
        "Other Operating Expenses": NaN,
        "Other Taxes": 44000000.0,
        "Depreciation Amortization Depletion Income Statement": 126000000.0,
        "Depreciation And Amortization In Income Statement": 126000000.0,
        "Selling General And Administration": 102000000.0,
        "General And Administrative Expense": 102000000.0,
        "Other Gand A": 102000000.0,
        "Gross Profit": 418000000.0,
        "Cost Of Revenue": 511000000.0,
        "Total Revenue": 929000000.0,
        "Operating Revenue": 901000000.0
    },
    "2024-12-31": {
        "Tax Effect Of Unusual Items": 818181.818182,
        "Tax Rate For Calcs": 0.136364,
        "Normalized EBITDA": 220000000.0,
        "Total Unusual Items": 6000000.0,
        "Total Unusual Items Excluding Goodwill": 6000000.0,
        "Net Income From Continuing Operation Net Minority Interest": 38000000.0,
        "Reconciled Depreciation": 127000000.0,
        "Reconciled Cost Of Revenue": 457000000.0,
        "EBITDA": 226000000.0,
        "EBIT": 99000000.0,
        "Net Interest Income": -55000000.0,
        "Interest Expense": 55000000.0,
        "Normalized Income": 32818181.818182,
        "Net Income From Continuing And Discontinued Operation": 38000000.0,
        "Total Expenses": 736000000.0,
        "Total Operating Income As Reported": 88000000.0,
        "Diluted Average Shares": NaN,
        "Basic Average Shares": NaN,
        "Diluted EPS": NaN,
        "Basic EPS": NaN,
        "Diluted NI Availto Com Stockholders": 38000000.0,
        "Net Income Common Stockholders": 38000000.0,
        "Net Income": 38000000.0,
        "Net Income Including Noncontrolling Interests": 38000000.0,
        "Net Income Continuous Operations": 38000000.0,
        "Tax Provision": 6000000.0,
        "Pretax Income": 44000000.0,
        "Other Income Expense": 11000000.0,
        "Other Non Operating Income Expenses": 5000000.0,
        "Special Income Charges": 6000000.0,
        "Other Special Charges": -6000000.0,
        "Net Non Operating Interest Income Expense": -55000000.0,
        "Interest Expense Non Operating": 55000000.0,
        "Operating Income": 88000000.0,
        "Operating Expense": 279000000.0,
        "Other Operating Expenses": NaN,
        "Other Taxes": 43000000.0,
        "Depreciation Amortization Depletion Income Statement": 127000000.0,
        "Depreciation And Amortization In Income Statement": 127000000.0,
        "Selling General And Administration": 109000000.0,
        "General And Administrative Expense": 109000000.0,
        "Other Gand A": 109000000.0,
        "Gross Profit": 367000000.0,
        "Cost Of Revenue": 457000000.0,
        "Total Revenue": 824000000.0,
        "Operating Revenue": 806000000.0
    },
    "2025-03-31": {
        "Tax Effect Of Unusual Items": 900000.0,
        "Tax Rate For Calcs": 0.18,
        "Normalized EBITDA": 313000000.0,
        "Total Unusual Items": 5000000.0,
        "Total Unusual Items Excluding Goodwill": 5000000.0,
        "Net Income From Continuing Operation Net Minority Interest": 100000000.0,
        "Reconciled Depreciation": 140000000.0,
        "Reconciled Cost Of Revenue": 478000000.0,
        "EBITDA": 318000000.0,
        "EBIT": 178000000.0,
        "Net Interest Income": -56000000.0,
        "Interest Expense": 56000000.0,
        "Normalized Income": 95900000.0,
        "Net Income From Continuing And Discontinued Operation": 100000000.0,
        "Total Expenses": 760000000.0,
        "Total Operating Income As Reported": 168000000.0,
        "Diluted Average Shares": 109683000.0,
        "Basic Average Shares": 109423000.0,
        "Diluted EPS": 0.91,
        "Basic EPS": 0.91,
        "Diluted NI Availto Com Stockholders": 100000000.0,
        "Net Income Common Stockholders": 100000000.0,
        "Net Income": 100000000.0,
        "Net Income Including Noncontrolling Interests": 100000000.0,
        "Net Income Continuous Operations": 100000000.0,
        "Tax Provision": 22000000.0,
        "Pretax Income": 122000000.0,
        "Other Income Expense": 10000000.0,
        "Other Non Operating Income Expenses": 5000000.0,
        "Special Income Charges": 5000000.0,
        "Other Special Charges": -5000000.0,
        "Net Non Operating Interest Income Expense": -56000000.0,
        "Interest Expense Non Operating": 56000000.0,
        "Operating Income": 168000000.0,
        "Operating Expense": 282000000.0,
        "Other Operating Expenses": NaN,
        "Other Taxes": 46000000.0,
        "Depreciation Amortization Depletion Income Statement": 140000000.0,
        "Depreciation And Amortization In Income Statement": 140000000.0,
        "Selling General And Administration": 96000000.0,
        "General And Administrative Expense": 96000000.0,
        "Other Gand A": 96000000.0,
        "Gross Profit": 450000000.0,
        "Cost Of Revenue": 478000000.0,
        "Total Revenue": 928000000.0,
        "Operating Revenue": 903000000.0
    },
    "2025-06-30": {
        "Tax Effect Of Unusual Items": 972972.972973,
        "Tax Rate For Calcs": 0.162162,
        "Normalized EBITDA": 264000000.0,
        "Total Unusual Items": 6000000.0,
        "Total Unusual Items Excluding Goodwill": 6000000.0,
        "Net Income From Continuing Operation Net Minority Interest": 62000000.0,
        "Reconciled Depreciation": 139000000.0,
        "Reconciled Cost Of Revenue": 408000000.0,
        "EBITDA": 270000000.0,
        "EBIT": 131000000.0,
        "Net Interest Income": -57000000.0,
        "Interest Expense": 57000000.0,
        "Normalized Income": 56972972.972973,
        "Net Income From Continuing And Discontinued Operation": 62000000.0,
        "Total Expenses": 689000000.0,
        "Total Operating Income As Reported": 118000000.0,
        "Diluted Average Shares": 109765000.0,
        "Basic Average Shares": 109522000.0,
        "Diluted EPS": 0.56,
        "Basic EPS": 0.56,
        "Diluted NI Availto Com Stockholders": 62000000.0,
        "Net Income Common Stockholders": 62000000.0,
        "Net Income": 62000000.0,
        "Net Income Including Noncontrolling Interests": 62000000.0,
        "Net Income Continuous Operations": 62000000.0,
        "Tax Provision": 12000000.0,
        "Pretax Income": 74000000.0,
        "Other Income Expense": 13000000.0,
        "Other Non Operating Income Expenses": 7000000.0,
        "Special Income Charges": 6000000.0,
        "Other Special Charges": -6000000.0,
        "Net Non Operating Interest Income Expense": -57000000.0,
        "Interest Expense Non Operating": 57000000.0,
        "Operating Income": 118000000.0,
        "Operating Expense": 281000000.0,
        "Other Operating Expenses": NaN,
        "Other Taxes": 46000000.0,
        "Depreciation Amortization Depletion Income Statement": 139000000.0,
        "Depreciation And Amortization In Income Statement": 139000000.0,
        "Selling General And Administration": 96000000.0,
        "General And Administrative Expense": 96000000.0,
        "Other Gand A": 96000000.0,
        "Gross Profit": 399000000.0,
        "Cost Of Revenue": 408000000.0,
        "Total Revenue": 807000000.0,
        "Operating Revenue": 780000000.0
    }
}