{
    "2023-03-31": {
        "Tax Effect Of Unusual Items": NaN,
        "Tax Rate For Calcs": NaN,
        "Normalized EBITDA": NaN,
        "Net Income From Continuing Operation Net Minority Interest": NaN,
        "Reconciled Depreciation": NaN,
        "Reconciled Cost Of Revenue": NaN,
        "EBITDA": NaN,
        "EBIT": NaN,
        "Net Interest Income": NaN,
        "Interest Income": 899000.0,
        "Normalized Income": NaN,
        "Net Income From Continuing And Discontinued Operation": NaN,
        "Total Expenses": NaN,
        "Total Operating Income As Reported": NaN,
        "Diluted Average Shares": NaN,
        "Basic Average Shares": NaN,
        "Diluted EPS": NaN,
        "Basic EPS": NaN,
        "Diluted NI Availto Com Stockholders": NaN,
        "Net Income Common Stockholders": NaN,
        "Net Income": NaN,
        "Net Income Including Noncontrolling Interests": NaN,
        "Net Income Continuous Operations": NaN,
        "Tax Provision": NaN,
        "Pretax Income": NaN,
        "Net Non Operating Interest Income Expense": NaN,
        "Total Other Finance Cost": NaN,
        "Interest Income Non Operating": 899000.0,
        "Operating Income": NaN,
        "Operating Expense": NaN,
        "Research And Development": NaN,
        "Selling General And Administration": NaN,
        "Gross Profit": NaN,
        "Cost Of Revenue": NaN,
        "Total Revenue": NaN,
        "Operating Revenue": NaN
    },
    "2022-12-31": {
        "Tax Effect Of Unusual Items": NaN,
        "Tax Rate For Calcs": NaN,
        "Normalized EBITDA": NaN,
        "Net Income From Continuing Operation Net Minority Interest": NaN,
        "Reconciled Depreciation": NaN,
        "Reconciled Cost Of Revenue": NaN,
        "EBITDA": NaN,
        "EBIT": NaN,
        "Net Interest Income": NaN,
        "Interest Income": 523000.0,
        "Normalized Income": NaN,
        "Net Income From Continuing And Discontinued Operation": NaN,
        "Total Expenses": NaN,
        "Total Operating Income As Reported": NaN,
        "Diluted Average Shares": NaN,
        "Basic Average Shares": NaN,
        "Diluted EPS": NaN,
        "Basic EPS": NaN,
        "Diluted NI Availto Com Stockholders": NaN,
        "Net Income Common Stockholders": NaN,
        "Net Income": NaN,
        "Net Income Including Noncontrolling Interests": NaN,
        "Net Income Continuous Operations": NaN,
        "Tax Provision": NaN,
        "Pretax Income": NaN,
        "Net Non Operating Interest Income Expense": NaN,
        "Total Other Finance Cost": NaN,
        "Interest Income Non Operating": 523000.0,
        "Operating Income": NaN,
        "Operating Expense": NaN,
        "Research And Development": NaN,
        "Selling General And Administration": NaN,
        "Gross Profit": NaN,
        "Cost Of Revenue": NaN,
        "Total Revenue": NaN,
        "Operating Revenue": NaN
    },
    "2022-09-30": {
        "Tax Effect Of Unusual Items": NaN,
        "Tax Rate For Calcs": NaN,
        "Normalized EBITDA": NaN,
        "Net Income From Continuing Operation Net Minority Interest": NaN,
        "Reconciled Depreciation": NaN,
        "Reconciled Cost Of Revenue": NaN,
        "EBITDA": NaN,
        "EBIT": NaN,
        "Net Interest Income": NaN,
        "Interest Income": NaN,
        "Normalized Income": NaN,
        "Net Income From Continuing And Discontinued Operation": NaN,
        "Total Expenses": NaN,
        "Total Operating Income As Reported": NaN,
        "Diluted Average Shares": NaN,
        "Basic Average Shares": NaN,
        "Diluted EPS": NaN,
        "Basic EPS": NaN,
        "Diluted NI Availto Com Stockholders": NaN,
        "Net Income Common Stockholders": NaN,
        "Net Income": NaN,
        "Net Income Including Noncontrolling Interests": NaN,
        "Net Income Continuous Operations": NaN,
        "Tax Provision": NaN,
        "Pretax Income": NaN,
        "Other Income Expense": 0.0,
        "Other Non Operating Income Expenses": 0.0,
        "Net Non Operating Interest Income Expense": NaN,
        "Total Other Finance Cost": NaN,
        "Interest Income Non Operating": NaN,
        "Operating Income": NaN,
        "Operating Expense": NaN,
        "Depreciation Amortization Depletion Income Statement": 0.0,
        "Depreciation And Amortization In Income Statement": 0.0,
        "Amortization": 0.0,
        "Amortization Of Intangibles Income Statement": 0.0,
        "Research And Development": NaN,
        "Selling General And Administration": NaN,
        "Gross Profit": NaN,
        "Cost Of Revenue": NaN,
        "Total Revenue": NaN,
        "Operating Revenue": NaN
    },
    "2022-06-30": {
        "Tax Effect Of Unusual Items": 0.0,
        "Tax Rate For Calcs": 0.4,
        "Normalized EBITDA": 849000.0,
        "Net Income From Continuing Operation Net Minority Interest": 9061000.0,
        "Reconciled Depreciation": 0.0,
        "Reconciled Cost Of Revenue": 116424000.0,
        "EBITDA": 849000.0,
        "EBIT": 849000.0,
        "Net Interest Income": 63000.0,
        "Interest Income": NaN,
        "Normalized Income": 9061000.0,
        "Net Income From Continuing And Discontinued Operation": 9061000.0,
        "Total Expenses": 134634000.0,
        "Total Operating Income As Reported": 849000.0,
        "Diluted Average Shares": 11901000.0,
        "Basic Average Shares": 11810000.0,
        "Diluted EPS": 0.76,
        "Basic EPS": 0.77,
        "Diluted NI Availto Com Stockholders": 9061000.0,
        "Net Income Common Stockholders": 9061000.0,
        "Net Income": 9061000.0,
        "Net Income Including Noncontrolling Interests": 9061000.0,
        "Net Income Continuous Operations": 9061000.0,
        "Tax Provision": -6143000.0,
        "Pretax Income": 2918000.0,
        "Other Income Expense": 2006000.0,
        "Other Non Operating Income Expenses": 2006000.0,
        "Net Non Operating Interest Income Expense": 63000.0,
        "Total Other Finance Cost": -63000.0,
        "Interest Income Non Operating": NaN,
        "Operating Income": 849000.0,
        "Operating Expense": 18210000.0,
        "Depreciation Amortization Depletion Income Statement": 0.0,
        "Depreciation And Amortization In Income Statement": 0.0,
        "Amortization": 0.0,
        "Amortization Of Intangibles Income Statement": 0.0,
        "Research And Development": 1806000.0,
        "Selling General And Administration": 16404000.0,
        "Gross Profit": 19059000.0,
        "Cost Of Revenue": 116424000.0,
        "Total Revenue": 135483000.0,
        "Operating Revenue": 135483000.0
    },
    "2023-06-30": {
        "Tax Effect Of Unusual Items": NaN,
        "Tax Rate For Calcs": NaN,
        "Normalized EBITDA": NaN,
        "Net Income From Continuing Operation Net Minority Interest": NaN,
        "Reconciled Depreciation": NaN,
        "Reconciled Cost Of Revenue": NaN,
        "EBITDA": NaN,
        "EBIT": NaN,
        "Net Interest Income": NaN,
        "Interest Income": NaN,
        "Normalized Income": NaN,
        "Net Income From Continuing And Discontinued Operation": NaN,
        "Total Expenses": NaN,
        "Total Operating Income As Reported": NaN,
        "Diluted Average Shares": NaN,
        "Basic Average Shares": NaN,
        "Diluted EPS": NaN,
        "Basic EPS": NaN,
        "Diluted NI Availto Com Stockholders": NaN,
        "Net Income Common Stockholders": NaN,
        "Net Income": NaN,
        "Net Income Including Noncontrolling Interests": NaN,
        "Net Income Continuous Operations": NaN,
        "Tax Provision": NaN,
        "Pretax Income": NaN,
        "Net Non Operating Interest Income Expense": NaN,
        "Total Other Finance Cost": -2093000.0,
        "Interest Income Non Operating": NaN,
        "Operating Income": NaN,
        "Operating Expense": NaN,
        "Research And Development": NaN,
        "Selling General And Administration": NaN,
        "Gross Profit": NaN,
        "Cost Of Revenue": NaN,
        "Total Revenue": NaN,
        "Operating Revenue": NaN
    },
    "2022-03-31": {
        "Diluted EPS": -0.1,
        "Total Revenue": 128,
        "Gross Profit": 19,
        "Operating Income": 0,
        "EBIT": 3,
        "Net Income": -1
    },
    "2021-12-31": {
        "Diluted EPS": -0.24,
        "Total Revenue": 107,
        "Gross Profit": 13,
        "Operating Income": -4,
        "EBIT": -2,
        "Net Income": -3
    },
    "2021-09-30": {
        "Diluted EPS": 0.27,
        "Total Revenue": 129,
        "Gross Profit": 22,
        "Operating Income": 4,
        "EBIT": 6,
        "Net Income": 3
    },
    "2021-06-30": {
        "Diluted EPS": -0.17,
        "Total Revenue": 116,
        "Gross Profit": 17,
        "Operating Income": -1,
        "EBIT": 1,
        "Net Income": -2
    },
    "2021-03-31": {
        "Diluted EPS": -0.02,
        "Total Revenue": 119,
        "Gross Profit": 17,
        "Operating Income": -1,
        "EBIT": 1,
        "Net Income": 0
    },
    "2020-12-31": {
        "Diluted EPS": -0.03,
        "Total Revenue": 107,
        "Gross Profit": 18,
        "Operating Income": 0,
        "EBIT": 2,
        "Net Income": 0
    },
    "2020-09-30": {
        "Diluted EPS": 0.24,
        "Total Revenue": 115,
        "Gross Profit": 22,
        "Operating Income": 4,
        "EBIT": 7,
        "Net Income": 3
    },
    "2020-06-30": {
        "Diluted EPS": 0.3,
        "Total Revenue": 118,
        "Gross Profit": 21,
        "Operating Income": 3,
        "EBIT": 5,
        "Net Income": 3
    },
    "2020-03-31": {
        "Diluted EPS": 0.64,
        "Total Revenue": 152,
        "Gross Profit": 30,
        "Operating Income": 9,
        "EBIT": 12,
        "Net Income": 7
    },
    "2019-12-31": {
        "Diluted EPS": 0.24,
        "Total Revenue": 134,
        "Gross Profit": 22,
        "Operating Income": 3,
        "EBIT": 6,
        "Net Income": 3
    },
    "2019-09-30": {
        "Diluted EPS": 0.56,
        "Total Revenue": 149,
        "Gross Profit": 29,
        "Operating Income": 8,
        "EBIT": 10,
        "Net Income": 7
    },
    "2019-06-30": {
        "Diluted EPS": 0.44,
        "Total Revenue": 136,
        "Gross Profit": 24,
        "Operating Income": 6,
        "EBIT": 9,
        "Net Income": 5
    },
    "2019-03-31": {
        "Diluted EPS": 0.08,
        "Total Revenue": 124,
        "Gross Profit": 20,
        "Operating Income": 1,
        "EBIT": 4,
        "Net Income": 1
    },
    "2018-12-31": {
        "Diluted EPS": -0.23,
        "Total Revenue": 109,
        "Gross Profit": 15,
        "Operating Income": -3,
        "EBIT": 0,
        "Net Income": -3
    },
    "2018-09-30": {
        "Diluted EPS": 0.13,
        "Total Revenue": 135,
        "Gross Profit": 24,
        "Operating Income": 3,
        "EBIT": 6,
        "Net Income": 2
    },
    "2018-06-30": {
        "Diluted EPS": 0.03,
        "Total Revenue": 122,
        "Gross Profit": 18,
        "Operating Income": 1,
        "EBIT": 4,
        "Net Income": 0
    },
    "2018-03-31": {
        "Diluted EPS": -0.29,
        "Total Revenue": 102,
        "Gross Profit": 12,
        "Operating Income": -5,
        "EBIT": -2,
        "Net Income": -3
    },
    "2017-12-31": {
        "Diluted EPS": -0.49,
        "Total Revenue": 90,
        "Gross Profit": 11,
        "Operating Income": -7,
        "EBIT": -4,
        "Net Income": -6
    },
    "2017-09-30": {
        "Diluted EPS": -0.45,
        "Total Revenue": 95,
        "Gross Profit": 11,
        "Operating Income": -7,
        "EBIT": -4,
        "Net Income": -5
    },
    "2017-06-30": {
        "Diluted EPS": -0.28,
        "Total Revenue": 86,
        "Gross Profit": 9,
        "Operating Income": -8,
        "EBIT": -4,
        "Net Income": -3
    },
    "2017-03-31": {
        "Diluted EPS": -0.07,
        "Total Revenue": 105,
        "Gross Profit": 16,
        "Operating Income": -3,
        "EBIT": 0,
        "Net Income": -1
    },
    "2016-12-31": {
        "Diluted EPS": -0.03,
        "Total Revenue": 110,
        "Gross Profit": 15,
        "Operating Income": -2,
        "EBIT": 1,
        "Net Income": 0
    },
    "2016-09-30": {
        "Diluted EPS": 0.48,
        "Total Revenue": 130,
        "Gross Profit": 26,
        "Operating Income": 6,
        "EBIT": 10,
        "Net Income": 6
    },
    "2016-06-30": {
        "Diluted EPS": 0.43,
        "Total Revenue": 133,
        "Gross Profit": 27,
        "Operating Income": 6,
        "EBIT": 9,
        "Net Income": 5
    },
    "2016-03-31": {
        "Diluted EPS": 0.49,
        "Total Revenue": 152,
        "Gross Profit": 30,
        "Operating Income": 6,
        "EBIT": 9,
        "Net Income": 6
    },
    "2015-12-31": {
        "Diluted EPS": -0.04,
        "Total Revenue": 150,
        "Gross Profit": 23,
        "Operating Income": -2,
        "EBIT": 1,
        "Net Income": 0
    },
    "2015-09-30": {
        "Diluted EPS": 0.52,
        "Total Revenue": 162,
        "Gross Profit": 30,
        "Operating Income": 9,
        "EBIT": 12,
        "Net Income": 6
    },
    "2015-06-30": {
        "Diluted EPS": 0.6,
        "Total Revenue": 177,
        "Gross Profit": 33,
        "Operating Income": 12,
        "EBIT": 15,
        "Net Income": 7
    },
    "2015-03-31": {
        "Diluted EPS": -0.31,
        "Total Revenue": 170,
        "Gross Profit": 24,
        "Operating Income": 2,
        "EBIT": 5,
        "Net Income": -4
    },
    "2014-12-31": {
        "Diluted EPS": -0.02,
        "Total Revenue": 153,
        "Gross Profit": 21,
        "Operating Income": -2,
        "EBIT": 2,
        "Net Income": 0
    },
    "2014-09-30": {
        "Diluted EPS": 0.21,
        "Total Revenue": 163,
        "Gross Profit": 26,
        "Operating Income": 3,
        "EBIT": 7,
        "Net Income": 2
    },
    "2014-06-30": {
        "Diluted EPS": 0.24,
        "Total Revenue": 151,
        "Gross Profit": 30,
        "Operating Income": 5,
        "EBIT": 8,
        "Net Income": 3
    },
    "2014-03-31": {
        "Diluted EPS": 1.29,
        "Total Revenue": 162,
        "Gross Profit": 35,
        "Operating Income": 11,
        "EBIT": 13,
        "Net Income": 16
    },
    "2013-12-31": {
        "Diluted EPS": 0.68,
        "Total Revenue": 172,
        "Gross Profit": 35,
        "Operating Income": 11,
        "EBIT": 14,
        "Net Income": 8
    },
    "2013-09-30": {
        "Diluted EPS": 1.54,
        "Total Revenue": 176,
        "Gross Profit": 40,
        "Operating Income": 17,
        "EBIT": 19,
        "Net Income": 19
    },
    "2013-06-30": {
        "Diluted EPS": 0.78,
        "Total Revenue": 172,
        "Gross Profit": 37,
        "Operating Income": 12,
        "EBIT": 14,
        "Net Income": 9
    },
    "2013-03-31": {
        "Diluted EPS": 0.57,
        "Total Revenue": 146,
        "Gross Profit": 30,
        "Operating Income": 6,
        "EBIT": 9,
        "Net Income": 7
    },
    "2012-12-31": {
        "Diluted EPS": 0.62,
        "Total Revenue": 147,
        "Gross Profit": 32,
        "Operating Income": 11,
        "EBIT": 14,
        "Net Income": 7
    },
    "2012-09-30": {
        "Diluted EPS": 0.99,
        "Total Revenue": 158,
        "Gross Profit": 34,
        "Operating Income": 17,
        "EBIT": 20,
        "Net Income": 12
    },
    "2012-06-30": {
        "Diluted EPS": 1.02,
        "Total Revenue": 194,
        "Gross Profit": 44,
        "Operating Income": 18,
        "EBIT": 22,
        "Net Income": 12
    },
    "2012-03-31": {
        "Diluted EPS": 0.63,
        "Total Revenue": 181,
        "Gross Profit": 34,
        "Operating Income": 12,
        "EBIT": 15,
        "Net Income": 7
    },
    "2011-12-31": {
        "Diluted EPS": -0.15,
        "Total Revenue": 157,
        "Gross Profit": 20,
        "Operating Income": 0,
        "EBIT": 3,
        "Net Income": -2
    },
    "2011-09-30": {
        "Diluted EPS": -0.6,
        "Total Revenue": 171,
        "Gross Profit": 27,
        "Operating Income": -4,
        "EBIT": 7,
        "Net Income": -7
    },
    "2011-06-30": {
        "Diluted EPS": 0.01,
        "Total Revenue": 141,
        "Gross Profit": 22,
        "Operating Income": 1,
        "EBIT": 5,
        "Net Income": 0
    },
    "2011-03-31": {
        "Diluted EPS": 0.15,
        "Total Revenue": 125,
        "Gross Profit": 25,
        "Operating Income": 2,
        "EBIT": 6,
        "Net Income": 2
    },
    "2010-12-31": {
        "Diluted EPS": 0.21,
        "Total Revenue": 125,
        "Gross Profit": 26,
        "Operating Income": 4,
        "EBIT": 7,
        "Net Income": 2
    },
    "2010-09-30": {
        "Diluted EPS": -0.42,
        "Total Revenue": 134,
        "Gross Profit": 29,
        "Operating Income": -1,
        "EBIT": 10,
        "Net Income": -5
    },
    "2010-06-30": {
        "Diluted EPS": 0.88,
        "Total Revenue": 139,
        "Gross Profit": 38,
        "Operating Income": 16,
        "EBIT": 20,
        "Net Income": 10
    },
    "2010-03-31": {
        "Diluted EPS": 0.85,
        "Total Revenue": 142,
        "Gross Profit": 37,
        "Operating Income": 15,
        "EBIT": 19,
        "Net Income": 10
    },
    "2009-12-31": {
        "Diluted EPS": 0.83,
        "Total Revenue": 136,
        "Gross Profit": 38,
        "Operating Income": 15,
        "EBIT": 18,
        "Net Income": 10
    },
    "2009-09-30": {
        "Diluted EPS": 0.84,
        "Total Revenue": 165,
        "Gross Profit": 36,
        "Operating Income": 14,
        "EBIT": 17,
        "Net Income": 10
    },
    "2009-06-30": {
        "Diluted EPS": 1.14,
        "Total Revenue": 166,
        "Gross Profit": 41,
        "Operating Income": 21,
        "EBIT": 23,
        "Net Income": 13
    },
    "2009-03-31": {
        "Diluted EPS": 0.77,
        "Total Revenue": 164,
        "Gross Profit": 34,
        "Operating Income": 14,
        "EBIT": 16,
        "Net Income": 9
    },
    "2023-09-30": {
        "Tax Effect Of Unusual Items": NaN,
        "Tax Rate For Calcs": NaN,
        "Normalized EBITDA": NaN,
        "Net Income From Continuing Operation Net Minority Interest": NaN,
        "Reconciled Depreciation": NaN,
        "Reconciled Cost Of Revenue": NaN,
        "EBITDA": NaN,
        "EBIT": NaN,
        "Net Interest Income": NaN,
        "Interest Income": NaN,
        "Normalized Income": NaN,
        "Net Income From Continuing And Discontinued Operation": NaN,
        "Total Expenses": NaN,
        "Total Operating Income As Reported": NaN,
        "Diluted Average Shares": 12158000.0,
        "Basic Average Shares": 11890000.0,
        "Diluted EPS": 2.17,
        "Basic EPS": 2.22,
        "Diluted NI Availto Com Stockholders": NaN,
        "Net Income Common Stockholders": NaN,
        "Net Income": NaN,
        "Net Income Including Noncontrolling Interests": NaN,
        "Net Income Continuous Operations": NaN,
        "Tax Provision": NaN,
        "Pretax Income": NaN,
        "Net Non Operating Interest Income Expense": NaN,
        "Interest Income Non Operating": NaN,
        "Operating Income": NaN,
        "Operating Expense": NaN,
        "Research And Development": NaN,
        "Selling General And Administration": NaN,
        "Gross Profit": NaN,
        "Cost Of Revenue": NaN,
        "Total Revenue": NaN,
        "Operating Revenue": NaN
    },
    "2023-12-31": {
        "Tax Effect Of Unusual Items": 0.0,
        "Tax Rate For Calcs": 0.19,
        "Normalized EBITDA": 27521000.0,
        "Net Income From Continuing Operation Net Minority Interest": 24085000.0,
        "Reconciled Depreciation": 1641000.0,
        "Reconciled Cost Of Revenue": 145823000.0,
        "EBITDA": 27521000.0,
        "EBIT": 25880000.0,
        "Net Interest Income": 3998000.0,
        "Interest Income": 3998000.0,
        "Normalized Income": 24085000.0,
        "Net Income From Continuing And Discontinued Operation": 24085000.0,
        "Total Expenses": 168137000.0,
        "Total Operating Income As Reported": 25880000.0,
        "Diluted Average Shares": 12174000.0,
        "Basic Average Shares": 11941000.0,
        "Diluted EPS": 1.98,
        "Basic EPS": 2.02,
        "Diluted NI Availto Com Stockholders": 24085000.0,
        "Net Income Common Stockholders": 24085000.0,
        "Net Income": 24085000.0,
        "Net Income Including Noncontrolling Interests": 24085000.0,
        "Net Income Continuous Operations": 24085000.0,
        "Tax Provision": 5793000.0,
        "Pretax Income": 29878000.0,
        "Net Non Operating Interest Income Expense": 3998000.0,
        "Interest Income Non Operating": 3998000.0,
        "Operating Income": 25880000.0,
        "Operating Expense": 22314000.0,
        "Research And Development": 1967000.0,
        "Selling General And Administration": 20347000.0,
        "Gross Profit": 48194000.0,
        "Cost Of Revenue": 145823000.0,
        "Total Revenue": 194017000.0,
        "Operating Revenue": 194017000.0
    },
    "2024-03-31": {
        "Tax Effect Of Unusual Items": 0.0,
        "Tax Rate For Calcs": 0.237471,
        "Normalized EBITDA": 41213000.0,
        "Net Income From Continuing Operation Net Minority Interest": 33488000.0,
        "Reconciled Depreciation": 1724000.0,
        "Reconciled Cost Of Revenue": 192388000.0,
        "EBITDA": 41213000.0,
        "EBIT": 39489000.0,
        "Net Interest Income": 4428000.0,
        "Interest Income": 4428000.0,
        "Normalized Income": 33488000.0,
        "Net Income From Continuing And Discontinued Operation": 33488000.0,
        "Total Expenses": 215619000.0,
        "Total Operating Income As Reported": 39489000.0,
        "Diluted Average Shares": 12191000.0,
        "Basic Average Shares": 11992000.0,
        "Diluted EPS": 2.75,
        "Basic EPS": 2.79,
        "Diluted NI Availto Com Stockholders": 33488000.0,
        "Net Income Common Stockholders": 33488000.0,
        "Net Income": 33488000.0,
        "Net Income Including Noncontrolling Interests": 33488000.0,
        "Net Income Continuous Operations": 33488000.0,
        "Tax Provision": 10429000.0,
        "Pretax Income": 43917000.0,
        "Net Non Operating Interest Income Expense": 4428000.0,
        "Interest Income Non Operating": 4428000.0,
        "Operating Income": 39489000.0,
        "Operating Expense": 23231000.0,
        "Research And Development": 2284000.0,
        "Selling General And Administration": 20947000.0,
        "Gross Profit": 62720000.0,
        "Cost Of Revenue": 192388000.0,
        "Total Revenue": 255108000.0,
        "Operating Revenue": 255108000.0
    },
    "2024-06-30": {
        "Tax Effect Of Unusual Items": 0.0,
        "Tax Rate For Calcs": 0.252007,
        "Normalized EBITDA": 58997000.0,
        "Net Income From Continuing Operation Net Minority Interest": 46223000.0,
        "Reconciled Depreciation": 1709000.0,
        "Reconciled Cost Of Revenue": 206428000.0,
        "EBITDA": 58997000.0,
        "EBIT": 57288000.0,
        "Net Interest Income": 4508000.0,
        "Interest Income": 4508000.0,
        "Normalized Income": 46223000.0,
        "Net Income From Continuing And Discontinued Operation": 46223000.0,
        "Total Expenses": 230880000.0,
        "Total Operating Income As Reported": 57288000.0,
        "Diluted Average Shares": NaN,
        "Basic Average Shares": NaN,
        "Diluted EPS": NaN,
        "Basic EPS": NaN,
        "Diluted NI Availto Com Stockholders": 46223000.0,
        "Net Income Common Stockholders": 46223000.0,
        "Net Income": 46223000.0,
        "Net Income Including Noncontrolling Interests": 46223000.0,
        "Net Income Continuous Operations": 46223000.0,
        "Tax Provision": 15573000.0,
        "Pretax Income": 61796000.0,
        "Net Non Operating Interest Income Expense": 4508000.0,
        "Interest Income Non Operating": 4508000.0,
        "Operating Income": 57288000.0,
        "Operating Expense": 24452000.0,
        "Research And Development": 2430000.0,
        "Selling General And Administration": 22022000.0,
        "Gross Profit": 81740000.0,
        "Cost Of Revenue": 206428000.0,
        "Total Revenue": 288168000.0,
        "Operating Revenue": 288168000.0
    },
    "2024-09-30": {
        "Tax Effect Of Unusual Items": 0.0,
        "Tax Rate For Calcs": 0.238772,
        "Normalized EBITDA": 57913000.0,
        "Net Income From Continuing Operation Net Minority Interest": 46052000.0,
        "Reconciled Depreciation": 1797000.0,
        "Reconciled Cost Of Revenue": 194629000.0,
        "EBITDA": 57913000.0,
        "EBIT": 56116000.0,
        "Net Interest Income": 4381000.0,
        "Interest Income": 4381000.0,
        "Normalized Income": 46052000.0,
        "Net Income From Continuing And Discontinued Operation": 46052000.0,
        "Total Expenses": 218947000.0,
        "Total Operating Income As Reported": 56116000.0,
        "Diluted Average Shares": 12211000.0,
        "Basic Average Shares": 11999000.0,
        "Diluted EPS": 3.77,
        "Basic EPS": 3.84,
        "Diluted NI Availto Com Stockholders": 46052000.0,
        "Net Income Common Stockholders": 46052000.0,
        "Net Income": 46052000.0,
        "Net Income Including Noncontrolling Interests": 46052000.0,
        "Net Income Continuous Operations": 46052000.0,
        "Tax Provision": 14445000.0,
        "Pretax Income": 60497000.0,
        "Net Non Operating Interest Income Expense": 4381000.0,
        "Interest Income Non Operating": 4381000.0,
        "Operating Income": 56116000.0,
        "Operating Expense": 24318000.0,
        "Research And Development": 2746000.0,
        "Selling General And Administration": 21572000.0,
        "Gross Profit": 80434000.0,
        "Cost Of Revenue": 194629000.0,
        "Total Revenue": 275063000.0,
        "Operating Revenue": 275063000.0
    },
    "2024-12-31": {
        "Tax Effect Of Unusual Items": 0.0,
        "Tax Rate For Calcs": 0.12,
        "Normalized EBITDA": 37327000.0,
        "Net Income From Continuing Operation Net Minority Interest": 34763000.0,
        "Reconciled Depreciation": 1755000.0,
        "Reconciled Cost Of Revenue": 181907000.0,
        "EBITDA": 37327000.0,
        "EBIT": 35572000.0,
        "Net Interest Income": 3865000.0,
        "Interest Income": 3865000.0,
        "Normalized Income": 34763000.0,
        "Net Income From Continuing And Discontinued Operation": 34763000.0,
        "Total Expenses": 205859000.0,
        "Total Operating Income As Reported": 35572000.0,
        "Diluted Average Shares": 12152000.0,
        "Basic Average Shares": 12037000.0,
        "Diluted EPS": 2.86,
        "Basic EPS": 2.89,
        "Diluted NI Availto Com Stockholders": 34763000.0,
        "Net Income Common Stockholders": 34763000.0,
        "Net Income": 34763000.0,
        "Net Income Including Noncontrolling Interests": 34763000.0,
        "Net Income Continuous Operations": 34763000.0,
        "Tax Provision": 4674000.0,
        "Pretax Income": 39437000.0,
        "Net Non Operating Interest Income Expense": 3865000.0,
        "Interest Income Non Operating": 3865000.0,
        "Operating Income": 35572000.0,
        "Operating Expense": 23952000.0,
        "Research And Development": 2476000.0,
        "Selling General And Administration": 21476000.0,
        "Gross Profit": 59524000.0,
        "Cost Of Revenue": 181907000.0,
        "Total Revenue": 241431000.0,
        "Operating Revenue": 241431000.0
    },
    "2025-03-31": {
        "Tax Effect Of Unusual Items": 0.0,
        "Tax Rate For Calcs": 0.26,
        "Normalized EBITDA": 60637000.0,
        "Net Income From Continuing Operation Net Minority Interest": 46330000.0,
        "Reconciled Depreciation": 1718000.0,
        "Reconciled Cost Of Revenue": 195199000.0,
        "EBITDA": 60637000.0,
        "EBIT": 58919000.0,
        "Net Interest Income": 3555000.0,
        "Interest Income": 3555000.0,
        "Normalized Income": 46330000.0,
        "Net Income From Continuing And Discontinued Operation": 46330000.0,
        "Total Expenses": 219712000.0,
        "Total Operating Income As Reported": 58919000.0,
        "Diluted Average Shares": 12174000.0,
        "Basic Average Shares": 12069000.0,
        "Diluted EPS": 3.81,
        "Basic EPS": 3.84,
        "Diluted NI Availto Com Stockholders": 46330000.0,
        "Net Income Common Stockholders": 46330000.0,
        "Net Income": 46330000.0,
        "Net Income Including Noncontrolling Interests": 46330000.0,
        "Net Income Continuous Operations": 46330000.0,
        "Tax Provision": 16144000.0,
        "Pretax Income": 62474000.0,
        "Net Non Operating Interest Income Expense": 3555000.0,
        "Interest Income Non Operating": 3555000.0,
        "Operating Income": 58919000.0,
        "Operating Expense": 24513000.0,
        "Research And Development": 2746000.0,
        "Selling General And Administration": 21767000.0,
        "Gross Profit": 83432000.0,
        "Cost Of Revenue": 195199000.0,
        "Total Revenue": 278631000.0,
        "Operating Revenue": 278631000.0
    },
    "2025-06-30": {
        "Tax Effect Of Unusual Items": 0.0,
        "Tax Rate For Calcs": 0.25,
        "Normalized EBITDA": 61866000.0,
        "Net Income From Continuing Operation Net Minority Interest": 48234000.0,
        "Reconciled Depreciation": 1742000.0,
        "Reconciled Cost Of Revenue": 198374000.0,
        "EBITDA": 61866000.0,
        "EBIT": 60124000.0,
        "Net Interest Income": 3977000.0,
        "Interest Income": 3977000.0,
        "Normalized Income": 48234000.0,
        "Net Income From Continuing And Discontinued Operation": 48234000.0,
        "Total Expenses": 226149000.0,
        "Total Operating Income As Reported": 60124000.0,
        "Diluted Average Shares": 12175000.0,
        "Basic Average Shares": 12071000.0,
        "Diluted EPS": 3.96,
        "Basic EPS": 4.0,
        "Diluted NI Availto Com Stockholders": 48234000.0,
        "Net Income Common Stockholders": 48234000.0,
        "Net Income": 48234000.0,
        "Net Income Including Noncontrolling Interests": 48234000.0,
        "Net Income Continuous Operations": 48234000.0,
        "Tax Provision": 15867000.0,
        "Pretax Income": 64101000.0,
        "Net Non Operating Interest Income Expense": 3977000.0,
        "Interest Income Non Operating": 3977000.0,
        "Operating Income": 60124000.0,
        "Operating Expense": 27775000.0,
        "Research And Development": 2659000.0,
        "Selling General And Administration": 25116000.0,
        "Gross Profit": 87899000.0,
        "Cost Of Revenue": 198374000.0,
        "Total Revenue": 286273000.0,
        "Operating Revenue": 286273000.0
    },
    "2025-09-30": {
        "Tax Effect Of Unusual Items": NaN,
        "Tax Rate For Calcs": NaN,
        "Normalized EBITDA": NaN,
        "Net Income From Continuing Operation Net Minority Interest": NaN,
        "Reconciled Depreciation": NaN,
        "Reconciled Cost Of Revenue": NaN,
        "EBITDA": NaN,
        "EBIT": NaN,
        "Net Interest Income": NaN,
        "Interest Income": NaN,
        "Normalized Income": NaN,
        "Net Income From Continuing And Discontinued Operation": NaN,
        "Total Expenses": NaN,
        "Total Operating Income As Reported": NaN,
        "Diluted Average Shares": 12176000.0,
        "Basic Average Shares": 12072000.0,
        "Diluted EPS": 4.22,
        "Basic EPS": 4.26,
        "Diluted NI Availto Com Stockholders": NaN,
        "Net Income Common Stockholders": NaN,
        "Net Income": NaN,
        "Net Income Including Noncontrolling Interests": NaN,
        "Net Income Continuous Operations": NaN,
        "Tax Provision": NaN,
        "Pretax Income": NaN,
        "Net Non Operating Interest Income Expense": NaN,
        "Interest Income Non Operating": NaN,
        "Operating Income": NaN,
        "Operating Expense": NaN,
        "Research And Development": NaN,
        "Selling General And Administration": NaN,
        "Gross Profit": NaN,
        "Cost Of Revenue": NaN,
        "Total Revenue": NaN,
        "Operating Revenue": NaN
    }
}