{
    "2023-06-30": {
        "Tax Effect Of Unusual Items": 0.0,
        "Tax Rate For Calcs": 0.265671,
        "Net Income From Continuing Operation Net Minority Interest": 57636000.0,
        "Reconciled Depreciation": 6614000.0,
        "Net Interest Income": 160092000.0,
        "Interest Expense": 65296000.0,
        "Interest Income": 225388000.0,
        "Normalized Income": 57636000.0,
        "Net Income From Continuing And Discontinued Operation": 57636000.0,
        "Diluted Average Shares": 94215967.0,
        "Basic Average Shares": 94166083.0,
        "Diluted EPS": 0.6,
        "Basic EPS": 0.6,
        "Diluted NI Availto Com Stockholders": 56641000.0,
        "Net Income Common Stockholders": 56641000.0,
        "Otherunder Preferred Stock Dividend": 995000.0,
        "Net Income": 57636000.0,
        "Net Income Including Noncontrolling Interests": 57636000.0,
        "Net Income Continuous Operations": 57636000.0,
        "Tax Provision": 20852000.0,
        "Pretax Income": 78488000.0,
        "Gain On Sale Of Security": 0.0,
        "Depreciation Amortization Depletion Income Statement": 3055000.0,
        "Depreciation And Amortization In Income Statement": 3055000.0,
        "Amortization": 3055000.0,
        "Amortization Of Intangibles Income Statement": 3055000.0,
        "Selling General And Administration": 57660000.0,
        "Selling And Marketing Expense": 1879000.0,
        "General And Administrative Expense": 55781000.0,
        "Insurance And Claims": 2357000.0,
        "Salaries And Wages": 53424000.0,
        "Total Revenue": 170870000.0,
        "Operating Revenue": 170870000.0,
        "Occupancy And Equipment": 11615000.0,
        "Professional Expense And Contract Services Expense": 4716000.0,
        "Other Non Interest Expense": 13837000.0
    },
    "2023-03-31": {
        "Tax Effect Of Unusual Items": 0.0,
        "Tax Rate For Calcs": 0.268,
        "Total Unusual Items": NaN,
        "Total Unusual Items Excluding Goodwill": NaN,
        "Net Income From Continuing Operation Net Minority Interest": 62562000.0,
        "Reconciled Depreciation": 6723000.0,
        "Net Interest Income": 168610000.0,
        "Interest Expense": 52733000.0,
        "Interest Income": 221343000.0,
        "Normalized Income": 62562000.0,
        "Net Income From Continuing And Discontinued Operation": 62562000.0,
        "Diluted Average Shares": 94182522.0,
        "Basic Average Shares": 93857812.0,
        "Diluted EPS": 0.66,
        "Basic EPS": 0.66,
        "Diluted NI Availto Com Stockholders": 61739000.0,
        "Net Income Common Stockholders": 61739000.0,
        "Otherunder Preferred Stock Dividend": 823000.0,
        "Net Income": 62562000.0,
        "Net Income Including Noncontrolling Interests": 62562000.0,
        "Net Income Continuous Operations": 62562000.0,
        "Tax Provision": 22866000.0,
        "Pretax Income": 85428000.0,
        "Special Income Charges": NaN,
        "Restructuring And Mergern Acquisition": NaN,
        "Gain On Sale Of Security": 138000.0,
        "Depreciation Amortization Depletion Income Statement": 3171000.0,
        "Depreciation And Amortization In Income Statement": 3171000.0,
        "Amortization": 3171000.0,
        "Amortization Of Intangibles Income Statement": 3171000.0,
        "Selling General And Administration": 58556000.0,
        "Selling And Marketing Expense": 1838000.0,
        "General And Administrative Expense": 56718000.0,
        "Insurance And Claims": 2425000.0,
        "Salaries And Wages": 54293000.0,
        "Total Revenue": 180714000.0,
        "Operating Revenue": 180714000.0,
        "Occupancy And Equipment": 11742000.0,
        "Professional Expense And Contract Services Expense": 5501000.0,
        "Other Non Interest Expense": 13300000.0
    },
    "2022-12-31": {
        "Tax Effect Of Unusual Items": NaN,
        "Tax Rate For Calcs": NaN,
        "Total Unusual Items": 0.0,
        "Total Unusual Items Excluding Goodwill": 0.0,
        "Net Income From Continuing Operation Net Minority Interest": NaN,
        "Reconciled Depreciation": NaN,
        "Net Interest Income": NaN,
        "Interest Expense": NaN,
        "Interest Income": NaN,
        "Normalized Income": NaN,
        "Net Income From Continuing And Discontinued Operation": NaN,
        "Diluted Average Shares": NaN,
        "Basic Average Shares": NaN,
        "Diluted EPS": NaN,
        "Basic EPS": NaN,
        "Diluted NI Availto Com Stockholders": NaN,
        "Net Income Common Stockholders": NaN,
        "Otherunder Preferred Stock Dividend": NaN,
        "Net Income": NaN,
        "Net Income Including Noncontrolling Interests": NaN,
        "Net Income Continuous Operations": NaN,
        "Tax Provision": NaN,
        "Pretax Income": NaN,
        "Special Income Charges": 0.0,
        "Restructuring And Mergern Acquisition": 0.0,
        "Gain On Sale Of Security": NaN,
        "Depreciation Amortization Depletion Income Statement": NaN,
        "Depreciation And Amortization In Income Statement": NaN,
        "Amortization": NaN,
        "Amortization Of Intangibles Income Statement": NaN,
        "Selling General And Administration": NaN,
        "Selling And Marketing Expense": NaN,
        "General And Administrative Expense": NaN,
        "Insurance And Claims": NaN,
        "Salaries And Wages": NaN,
        "Total Revenue": NaN,
        "Operating Revenue": NaN,
        "Occupancy And Equipment": NaN,
        "Professional Expense And Contract Services Expense": NaN,
        "Other Non Interest Expense": NaN
    },
    "2022-09-30": {
        "Tax Effect Of Unusual Items": NaN,
        "Tax Rate For Calcs": NaN,
        "Total Unusual Items": 0.0,
        "Total Unusual Items Excluding Goodwill": 0.0,
        "Net Income From Continuing Operation Net Minority Interest": NaN,
        "Reconciled Depreciation": NaN,
        "Net Interest Income": NaN,
        "Interest Expense": NaN,
        "Interest Income": NaN,
        "Normalized Income": NaN,
        "Net Income From Continuing And Discontinued Operation": NaN,
        "Diluted Average Shares": NaN,
        "Basic Average Shares": NaN,
        "Diluted EPS": NaN,
        "Basic EPS": NaN,
        "Diluted NI Availto Com Stockholders": NaN,
        "Net Income Common Stockholders": NaN,
        "Otherunder Preferred Stock Dividend": NaN,
        "Net Income": NaN,
        "Net Income Including Noncontrolling Interests": NaN,
        "Net Income Continuous Operations": NaN,
        "Tax Provision": NaN,
        "Pretax Income": NaN,
        "Special Income Charges": 0.0,
        "Restructuring And Mergern Acquisition": 0.0,
        "Gain On Sale Of Security": NaN,
        "Depreciation Amortization Depletion Income Statement": NaN,
        "Depreciation And Amortization In Income Statement": NaN,
        "Amortization": NaN,
        "Amortization Of Intangibles Income Statement": NaN,
        "Selling General And Administration": NaN,
        "Selling And Marketing Expense": NaN,
        "General And Administrative Expense": NaN,
        "Insurance And Claims": NaN,
        "Salaries And Wages": NaN,
        "Total Revenue": NaN,
        "Operating Revenue": NaN
    },
    "2022-06-30": {
        "Tax Effect Of Unusual Items": 0.0,
        "Tax Rate For Calcs": 0.269,
        "Total Unusual Items": 0.0,
        "Total Unusual Items Excluding Goodwill": 0.0,
        "Net Income From Continuing Operation Net Minority Interest": 69803000.0,
        "Reconciled Depreciation": 3479000.0,
        "Net Interest Income": 172765000.0,
        "Interest Expense": 10461000.0,
        "Interest Income": 183226000.0,
        "Normalized Income": 69803000.0,
        "Net Income From Continuing And Discontinued Operation": 69803000.0,
        "Diluted Average Shares": 94040691.0,
        "Basic Average Shares": 93765264.0,
        "Diluted EPS": 0.73,
        "Basic EPS": 0.74,
        "Diluted NI Availto Com Stockholders": 69803000.0,
        "Net Income Common Stockholders": 69803000.0,
        "Otherunder Preferred Stock Dividend": 867000.0,
        "Net Income": 69803000.0,
        "Net Income Including Noncontrolling Interests": 69803000.0,
        "Net Income Continuous Operations": 69803000.0,
        "Tax Provision": 25712000.0,
        "Pretax Income": 95515000.0,
        "Special Income Charges": 0.0,
        "Restructuring And Mergern Acquisition": 0.0,
        "Gain On Sale Of Security": -31000.0,
        "Depreciation Amortization Depletion Income Statement": 3479000.0,
        "Depreciation And Amortization In Income Statement": 3479000.0,
        "Amortization": 3479000.0,
        "Amortization Of Intangibles Income Statement": 3479000.0,
        "Selling General And Administration": 60940000.0,
        "Selling And Marketing Expense": 1926000.0,
        "General And Administrative Expense": 59014000.0,
        "Other Gand A": 7856000.0,
        "Insurance And Claims": 1452000.0,
        "Salaries And Wages": 57562000.0,
        "Total Revenue": 189733000.0,
        "Operating Revenue": 189733000.0
    },
    "2022-03-31": {
        "Diluted EPS": 0.7,
        "Total Revenue": 194,
        "Gross Profit": 188,
        "Operating Income": 90,
        "EBIT": NaN,
        "Net Income": 67
    },
    "2021-12-31": {
        "Diluted EPS": 0.89,
        "Total Revenue": 204,
        "Gross Profit": 198,
        "Operating Income": 115,
        "EBIT": NaN,
        "Net Income": 85
    },
    "2021-09-30": {
        "Diluted EPS": 0.95,
        "Total Revenue": 206,
        "Gross Profit": 199,
        "Operating Income": 123,
        "EBIT": NaN,
        "Net Income": 90
    },
    "2021-06-30": {
        "Diluted EPS": 1.01,
        "Total Revenue": 197,
        "Gross Profit": 188,
        "Operating Income": 132,
        "EBIT": NaN,
        "Net Income": 96
    },
    "2021-03-31": {
        "Diluted EPS": 0.72,
        "Total Revenue": 197,
        "Gross Profit": 185,
        "Operating Income": 91,
        "EBIT": NaN,
        "Net Income": 69
    },
    "2020-12-31": {
        "Diluted EPS": 1.03,
        "Total Revenue": 204,
        "Gross Profit": 191,
        "Operating Income": 95,
        "EBIT": NaN,
        "Net Income": 67
    },
    "2020-09-30": {
        "Diluted EPS": 0.7,
        "Total Revenue": 209,
        "Gross Profit": 193,
        "Operating Income": 94,
        "EBIT": NaN,
        "Net Income": 67
    },
    "2020-06-30": {
        "Diluted EPS": -1.41,
        "Total Revenue": 151,
        "Gross Profit": 137,
        "Operating Income": -100,
        "EBIT": NaN,
        "Net Income": -99
    },
    "2020-03-31": {
        "Diluted EPS": 0.43,
        "Total Revenue": 138,
        "Gross Profit": 124,
        "Operating Income": 33,
        "EBIT": NaN,
        "Net Income": 26
    },
    "2019-12-31": {
        "Diluted EPS": 0.67,
        "Total Revenue": 140,
        "Gross Profit": 123,
        "Operating Income": 54,
        "EBIT": NaN,
        "Net Income": 41
    },
    "2019-09-30": {
        "Diluted EPS": 0.69,
        "Total Revenue": 144,
        "Gross Profit": 124,
        "Operating Income": 57,
        "EBIT": NaN,
        "Net Income": 41
    },
    "2019-06-30": {
        "Diluted EPS": 0.62,
        "Total Revenue": 139,
        "Gross Profit": 117,
        "Operating Income": 53,
        "EBIT": NaN,
        "Net Income": 39
    },
    "2019-03-31": {
        "Diluted EPS": 0.62,
        "Total Revenue": 139,
        "Gross Profit": 119,
        "Operating Income": 55,
        "EBIT": NaN,
        "Net Income": 39
    },
    "2018-12-31": {
        "Diluted EPS": 0.62,
        "Total Revenue": 143,
        "Gross Profit": 125,
        "Operating Income": 58,
        "EBIT": NaN,
        "Net Income": 40
    },
    "2018-09-30": {
        "Diluted EPS": 0.46,
        "Total Revenue": 137,
        "Gross Profit": 121,
        "Operating Income": 50,
        "EBIT": NaN,
        "Net Income": 28
    },
    "2018-06-30": {
        "Diluted EPS": 0.58,
        "Total Revenue": 101,
        "Gross Profit": 89,
        "Operating Income": 38,
        "EBIT": NaN,
        "Net Income": 27
    },
    "2018-03-31": {
        "Diluted EPS": 0.6,
        "Total Revenue": 98,
        "Gross Profit": 89,
        "Operating Income": 38,
        "EBIT": NaN,
        "Net Income": 28
    },
    "2017-12-31": {
        "Diluted EPS": 0.37,
        "Total Revenue": 95,
        "Gross Profit": 88,
        "Operating Income": 41,
        "EBIT": NaN,
        "Net Income": 16
    },
    "2017-09-30": {
        "Diluted EPS": 0.5,
        "Total Revenue": 78,
        "Gross Profit": 73,
        "Operating Income": 31,
        "EBIT": NaN,
        "Net Income": 20
    },
    "2017-06-30": {
        "Diluted EPS": 0.35,
        "Total Revenue": 77,
        "Gross Profit": 72,
        "Operating Income": 32,
        "EBIT": NaN,
        "Net Income": 14
    },
    "2017-03-31": {
        "Diluted EPS": 0.34,
        "Total Revenue": 50,
        "Gross Profit": 46,
        "Operating Income": 19,
        "EBIT": NaN,
        "Net Income": 10
    },
    "2016-12-31": {
        "Diluted EPS": 0.43,
        "Total Revenue": 50,
        "Gross Profit": 47,
        "Operating Income": 20,
        "EBIT": NaN,
        "Net Income": 12
    },
    "2016-09-30": {
        "Diluted EPS": 0.33,
        "Total Revenue": 48,
        "Gross Profit": 45,
        "Operating Income": 15,
        "EBIT": NaN,
        "Net Income": 9
    },
    "2016-06-30": {
        "Diluted EPS": 0.37,
        "Total Revenue": 45,
        "Gross Profit": 42,
        "Operating Income": 17,
        "EBIT": NaN,
        "Net Income": 10
    },
    "2016-03-31": {
        "Diluted EPS": 0.33,
        "Total Revenue": 42,
        "Gross Profit": 39,
        "Operating Income": 17,
        "EBIT": NaN,
        "Net Income": 9
    },
    "2015-12-31": {
        "Diluted EPS": 0.38,
        "Total Revenue": 36,
        "Gross Profit": 33,
        "Operating Income": 13,
        "EBIT": NaN,
        "Net Income": 8
    },
    "2015-09-30": {
        "Diluted EPS": 0.36,
        "Total Revenue": 34,
        "Gross Profit": 31,
        "Operating Income": 13,
        "EBIT": NaN,
        "Net Income": 8
    },
    "2015-06-30": {
        "Diluted EPS": 0.36,
        "Total Revenue": 34,
        "Gross Profit": 31,
        "Operating Income": 12,
        "EBIT": NaN,
        "Net Income": 8
    },
    "2015-03-31": {
        "Diluted EPS": 0.09,
        "Total Revenue": 28,
        "Gross Profit": 25,
        "Operating Income": 7,
        "EBIT": NaN,
        "Net Income": 2
    },
    "2014-12-31": {
        "Diluted EPS": 0.23,
        "Total Revenue": 27,
        "Gross Profit": 25,
        "Operating Income": 8,
        "EBIT": NaN,
        "Net Income": 4
    },
    "2014-09-30": {
        "Diluted EPS": 0.31,
        "Total Revenue": 26,
        "Gross Profit": 23,
        "Operating Income": 9,
        "EBIT": NaN,
        "Net Income": 5
    },
    "2014-06-30": {
        "Diluted EPS": 0.27,
        "Total Revenue": 22,
        "Gross Profit": 20,
        "Operating Income": 7,
        "EBIT": NaN,
        "Net Income": 5
    },
    "2014-03-31": {
        "Diluted EPS": 0.15,
        "Total Revenue": 20,
        "Gross Profit": 19,
        "Operating Income": 5,
        "EBIT": NaN,
        "Net Income": 3
    },
    "2013-12-31": {
        "Diluted EPS": 0.25,
        "Total Revenue": 21,
        "Gross Profit": 19,
        "Operating Income": 8,
        "EBIT": NaN,
        "Net Income": 4
    },
    "2013-09-30": {
        "Diluted EPS": 0.18,
        "Total Revenue": 19,
        "Gross Profit": 17,
        "Operating Income": 5,
        "EBIT": NaN,
        "Net Income": 3
    },
    "2013-06-30": {
        "Diluted EPS": -0.02,
        "Total Revenue": 17,
        "Gross Profit": 16,
        "Operating Income": 5,
        "EBIT": NaN,
        "Net Income": 0
    },
    "2013-03-31": {
        "Diluted EPS": 0.13,
        "Total Revenue": 16,
        "Gross Profit": 15,
        "Operating Income": 5,
        "EBIT": NaN,
        "Net Income": 2
    },
    "2012-12-31": {
        "Diluted EPS": 0.32,
        "Total Revenue": 17,
        "Gross Profit": 16,
        "Operating Income": 6,
        "EBIT": NaN,
        "Net Income": 4
    },
    "2012-09-30": {
        "Diluted EPS": 0.32,
        "Total Revenue": 16,
        "Gross Profit": 14,
        "Operating Income": 6,
        "EBIT": NaN,
        "Net Income": 3
    },
    "2012-06-30": {
        "Diluted EPS": 0.55,
        "Total Revenue": 20,
        "Gross Profit": 18,
        "Operating Income": 10,
        "EBIT": NaN,
        "Net Income": 6
    },
    "2012-03-31": {
        "Diluted EPS": 0.25,
        "Total Revenue": 13,
        "Gross Profit": 11,
        "Operating Income": 4,
        "EBIT": NaN,
        "Net Income": 3
    },
    "2011-12-31": {
        "Diluted EPS": 0.24,
        "Total Revenue": 13,
        "Gross Profit": 11,
        "Operating Income": 4,
        "EBIT": NaN,
        "Net Income": 3
    },
    "2011-09-30": {
        "Diluted EPS": 0.23,
        "Total Revenue": 15,
        "Gross Profit": 12,
        "Operating Income": 4,
        "EBIT": NaN,
        "Net Income": 2
    },
    "2011-06-30": {
        "Diluted EPS": 0.08,
        "Total Revenue": 12,
        "Gross Profit": 9,
        "Operating Income": 1,
        "EBIT": NaN,
        "Net Income": 1
    },
    "2011-03-31": {
        "Diluted EPS": 0.44,
        "Total Revenue": 17,
        "Gross Profit": 14,
        "Operating Income": 8,
        "EBIT": NaN,
        "Net Income": 5
    },
    "2010-12-31": {
        "Diluted EPS": 0.14,
        "Total Revenue": 10,
        "Gross Profit": 8,
        "Operating Income": 3,
        "EBIT": NaN,
        "Net Income": 2
    },
    "2010-09-30": {
        "Diluted EPS": 0.17,
        "Total Revenue": 11,
        "Gross Profit": 8,
        "Operating Income": 3,
        "EBIT": NaN,
        "Net Income": 2
    },
    "2010-06-30": {
        "Diluted EPS": 0.03,
        "Total Revenue": 9,
        "Gross Profit": 6,
        "Operating Income": 0,
        "EBIT": NaN,
        "Net Income": 0
    },
    "2010-03-31": {
        "Diluted EPS": 0.04,
        "Total Revenue": 9,
        "Gross Profit": 6,
        "Operating Income": 1,
        "EBIT": NaN,
        "Net Income": 0
    },
    "2009-12-31": {
        "Diluted EPS": -0.02,
        "Total Revenue": 11,
        "Gross Profit": 6,
        "Operating Income": 0,
        "EBIT": NaN,
        "Net Income": 0
    },
    "2009-09-30": {
        "Diluted EPS": -0.0,
        "Total Revenue": 11,
        "Gross Profit": 6,
        "Operating Income": 0,
        "EBIT": NaN,
        "Net Income": 0
    },
    "2009-06-30": {
        "Diluted EPS": -0.15,
        "Total Revenue": 11,
        "Gross Profit": 6,
        "Operating Income": -1,
        "EBIT": NaN,
        "Net Income": -1
    },
    "2009-03-31": {
        "Diluted EPS": 0.09,
        "Total Revenue": 12,
        "Gross Profit": 6,
        "Operating Income": 1,
        "EBIT": NaN,
        "Net Income": 1
    },
    "2023-09-30": {
        "Tax Effect Of Unusual Items": 0.0,
        "Tax Rate For Calcs": 0.258,
        "Net Income From Continuing Operation Net Minority Interest": 46030000.0,
        "Reconciled Depreciation": 6561000.0,
        "Net Interest Income": 149548000.0,
        "Interest Expense": 74514000.0,
        "Interest Income": 224062000.0,
        "Normalized Income": 46030000.0,
        "Net Income From Continuing And Discontinued Operation": 46030000.0,
        "Diluted Average Shares": NaN,
        "Basic Average Shares": NaN,
        "Diluted EPS": NaN,
        "Basic EPS": NaN,
        "Diluted NI Availto Com Stockholders": 45207000.0,
        "Net Income Common Stockholders": 45207000.0,
        "Otherunder Preferred Stock Dividend": 823000.0,
        "Net Income": 46030000.0,
        "Net Income Including Noncontrolling Interests": 46030000.0,
        "Net Income Continuous Operations": 46030000.0,
        "Tax Provision": 15966000.0,
        "Pretax Income": 61996000.0,
        "Gain On Sale Of Security": 0.0,
        "Depreciation Amortization Depletion Income Statement": 3055000.0,
        "Depreciation And Amortization In Income Statement": 3055000.0,
        "Amortization": 3055000.0,
        "Amortization Of Intangibles Income Statement": 3055000.0,
        "Selling General And Administration": 58027000.0,
        "Selling And Marketing Expense": 1635000.0,
        "General And Administrative Expense": 56392000.0,
        "Insurance And Claims": 2324000.0,
        "Salaries And Wages": 54068000.0,
        "Total Revenue": 156812000.0,
        "Operating Revenue": 156812000.0,
        "Occupancy And Equipment": 11382000.0,
        "Professional Expense And Contract Services Expense": 4243000.0,
        "Other Non Interest Expense": 14191000.0
    },
    "2023-12-31": {
        "Tax Effect Of Unusual Items": NaN,
        "Tax Rate For Calcs": NaN,
        "Total Unusual Items": NaN,
        "Total Unusual Items Excluding Goodwill": NaN,
        "Net Income From Continuing Operation Net Minority Interest": NaN,
        "Reconciled Depreciation": NaN,
        "Net Interest Income": NaN,
        "Interest Expense": NaN,
        "Interest Income": NaN,
        "Normalized Income": NaN,
        "Net Income From Continuing And Discontinued Operation": NaN,
        "Diluted Average Shares": NaN,
        "Basic Average Shares": NaN,
        "Diluted EPS": NaN,
        "Basic EPS": NaN,
        "Diluted NI Availto Com Stockholders": NaN,
        "Net Income Common Stockholders": NaN,
        "Otherunder Preferred Stock Dividend": NaN,
        "Net Income": NaN,
        "Net Income Including Noncontrolling Interests": NaN,
        "Net Income Continuous Operations": NaN,
        "Tax Provision": NaN,
        "Pretax Income": NaN,
        "Special Income Charges": NaN,
        "Restructuring And Mergern Acquisition": NaN,
        "Gain On Sale Of Security": -254065000.0,
        "Depreciation Amortization Depletion Income Statement": NaN,
        "Depreciation And Amortization In Income Statement": NaN,
        "Amortization": NaN,
        "Amortization Of Intangibles Income Statement": NaN,
        "Selling General And Administration": NaN,
        "Selling And Marketing Expense": NaN,
        "General And Administrative Expense": NaN,
        "Insurance And Claims": NaN,
        "Salaries And Wages": NaN,
        "Total Revenue": NaN,
        "Operating Revenue": NaN,
        "Occupancy And Equipment": NaN,
        "Professional Expense And Contract Services Expense": NaN,
        "Other Non Interest Expense": NaN
    },
    "2024-03-31": {
        "Tax Effect Of Unusual Items": NaN,
        "Tax Rate For Calcs": NaN,
        "Total Unusual Items": NaN,
        "Total Unusual Items Excluding Goodwill": NaN,
        "Net Income From Continuing Operation Net Minority Interest": NaN,
        "Reconciled Depreciation": NaN,
        "Net Interest Income": NaN,
        "Interest Expense": NaN,
        "Interest Income": NaN,
        "Normalized Income": NaN,
        "Net Income From Continuing And Discontinued Operation": NaN,
        "Diluted Average Shares": NaN,
        "Basic Average Shares": NaN,
        "Diluted EPS": NaN,
        "Basic EPS": NaN,
        "Diluted NI Availto Com Stockholders": NaN,
        "Net Income Common Stockholders": NaN,
        "Otherunder Preferred Stock Dividend": NaN,
        "Net Income": NaN,
        "Net Income Including Noncontrolling Interests": NaN,
        "Net Income Continuous Operations": NaN,
        "Tax Provision": NaN,
        "Pretax Income": NaN,
        "Special Income Charges": NaN,
        "Restructuring And Mergern Acquisition": NaN,
        "Gain On Sale Of Security": 0.0,
        "Depreciation Amortization Depletion Income Statement": NaN,
        "Depreciation And Amortization In Income Statement": NaN,
        "Amortization": NaN,
        "Amortization Of Intangibles Income Statement": NaN,
        "Selling General And Administration": NaN,
        "Selling And Marketing Expense": NaN,
        "General And Administrative Expense": NaN,
        "Insurance And Claims": NaN,
        "Salaries And Wages": NaN,
        "Total Revenue": NaN,
        "Operating Revenue": NaN,
        "Occupancy And Equipment": NaN,
        "Professional Expense And Contract Services Expense": NaN,
        "Other Non Interest Expense": NaN
    },
    "2024-06-30": {
        "Tax Effect Of Unusual Items": 0.0,
        "Tax Rate For Calcs": 0.248799,
        "Total Unusual Items": 0.0,
        "Total Unusual Items Excluding Goodwill": 0.0,
        "Net Income From Continuing Operation Net Minority Interest": 41905000.0,
        "Reconciled Depreciation": 5775000.0,
        "Net Interest Income": 136394000.0,
        "Interest Expense": 71660000.0,
        "Interest Income": 208054000.0,
        "Normalized Income": 41905000.0,
        "Net Income From Continuing And Discontinued Operation": 41905000.0,
        "Diluted Average Shares": 94716205.0,
        "Basic Average Shares": 94628201.0,
        "Diluted EPS": 0.43,
        "Basic EPS": 0.43,
        "Diluted NI Availto Com Stockholders": 41119000.0,
        "Net Income Common Stockholders": 41119000.0,
        "Otherunder Preferred Stock Dividend": 786000.0,
        "Net Income": 41905000.0,
        "Net Income Including Noncontrolling Interests": 41905000.0,
        "Net Income Continuous Operations": 41905000.0,
        "Tax Provision": 13879000.0,
        "Pretax Income": 55784000.0,
        "Special Income Charges": 0.0,
        "Restructuring And Mergern Acquisition": 0.0,
        "Gain On Sale Of Security": 0.0,
        "Depreciation Amortization Depletion Income Statement": 2763000.0,
        "Depreciation And Amortization In Income Statement": 2763000.0,
        "Amortization": 2763000.0,
        "Amortization Of Intangibles Income Statement": 2763000.0,
        "Selling General And Administration": 56737000.0,
        "Selling And Marketing Expense": 1724000.0,
        "General And Administrative Expense": 55013000.0,
        "Insurance And Claims": 1873000.0,
        "Salaries And Wages": 53140000.0,
        "Total Revenue": 141487000.0,
        "Operating Revenue": 141487000.0,
        "Occupancy And Equipment": 10480000.0,
        "Professional Expense And Contract Services Expense": 1078000.0,
        "Other Non Interest Expense": 13380000.0
    },
    "2024-09-30": {
        "Tax Effect Of Unusual Items": 0.0,
        "Tax Rate For Calcs": 0.245,
        "Total Unusual Items": NaN,
        "Total Unusual Items Excluding Goodwill": NaN,
        "Net Income From Continuing Operation Net Minority Interest": 35979000.0,
        "Reconciled Depreciation": 5709000.0,
        "Net Interest Income": 130898000.0,
        "Interest Expense": 74728000.0,
        "Interest Income": 205626000.0,
        "Normalized Income": 35979000.0,
        "Net Income From Continuing And Discontinued Operation": 35979000.0,
        "Diluted Average Shares": 94775927.0,
        "Basic Average Shares": 94650096.0,
        "Diluted EPS": 0.37,
        "Basic EPS": 0.37,
        "Diluted NI Availto Com Stockholders": 35312000.0,
        "Net Income Common Stockholders": 35312000.0,
        "Otherunder Preferred Stock Dividend": 667000.0,
        "Net Income": 35979000.0,
        "Net Income Including Noncontrolling Interests": 35979000.0,
        "Net Income Continuous Operations": 35979000.0,
        "Tax Provision": 11655000.0,
        "Pretax Income": 47634000.0,
        "Special Income Charges": NaN,
        "Restructuring And Mergern Acquisition": NaN,
        "Gain On Sale Of Security": 0.0,
        "Depreciation Amortization Depletion Income Statement": 2762000.0,
        "Depreciation And Amortization In Income Statement": 2762000.0,
        "Amortization": 2762000.0,
        "Amortization Of Intangibles Income Statement": 2762000.0,
        "Selling General And Administration": 56182000.0,
        "Selling And Marketing Expense": 860000.0,
        "General And Administrative Expense": 55322000.0,
        "Insurance And Claims": 1922000.0,
        "Salaries And Wages": 53400000.0,
        "Total Revenue": 136557000.0,
        "Operating Revenue": 136557000.0,
        "Occupancy And Equipment": 10899000.0,
        "Professional Expense And Contract Services Expense": 4980000.0,
        "Other Non Interest Expense": 13614000.0
    },
    "2024-12-31": {
        "Tax Effect Of Unusual Items": 0.0,
        "Tax Rate For Calcs": 0.240663,
        "Total Unusual Items": NaN,
        "Total Unusual Items Excluding Goodwill": NaN,
        "Net Income From Continuing Operation Net Minority Interest": 33893000.0,
        "Reconciled Depreciation": 5432000.0,
        "Net Interest Income": 124532000.0,
        "Interest Expense": 70925000.0,
        "Interest Income": 195457000.0,
        "Normalized Income": 33893000.0,
        "Net Income From Continuing And Discontinued Operation": 33893000.0,
        "Diluted Average Shares": 94801772.0,
        "Basic Average Shares": 94686916.0,
        "Diluted EPS": 0.35,
        "Basic EPS": 0.35,
        "Diluted NI Availto Com Stockholders": 33274000.0,
        "Net Income Common Stockholders": 33274000.0,
        "Otherunder Preferred Stock Dividend": 619000.0,
        "Net Income": 33893000.0,
        "Net Income Including Noncontrolling Interests": 33893000.0,
        "Net Income Continuous Operations": 33893000.0,
        "Tax Provision": 10742000.0,
        "Pretax Income": 44635000.0,
        "Special Income Charges": NaN,
        "Restructuring And Mergern Acquisition": NaN,
        "Gain On Sale Of Security": 0.0,
        "Depreciation Amortization Depletion Income Statement": 2730000.0,
        "Depreciation And Amortization In Income Statement": 2730000.0,
        "Amortization": 2730000.0,
        "Amortization Of Intangibles Income Statement": 2730000.0,
        "Selling General And Administration": 53268000.0,
        "Selling And Marketing Expense": 931000.0,
        "General And Administrative Expense": 52337000.0,
        "Insurance And Claims": 1950000.0,
        "Salaries And Wages": 50387000.0,
        "Total Revenue": 132262000.0,
        "Operating Revenue": 132262000.0,
        "Occupancy And Equipment": 10194000.0,
        "Professional Expense And Contract Services Expense": 9041000.0,
        "Other Non Interest Expense": 13208000.0
    },
    "2025-03-31": {
        "Tax Effect Of Unusual Items": 0.0,
        "Tax Rate For Calcs": 0.254,
        "Total Unusual Items": NaN,
        "Total Unusual Items Excluding Goodwill": NaN,
        "Net Income From Continuing Operation Net Minority Interest": 36021000.0,
        "Reconciled Depreciation": 5540000.0,
        "Net Interest Income": 123367000.0,
        "Interest Expense": 63968000.0,
        "Interest Income": 187335000.0,
        "Normalized Income": 36021000.0,
        "Net Income From Continuing And Discontinued Operation": 36021000.0,
        "Diluted Average Shares": 94820132.0,
        "Basic Average Shares": 94764879.0,
        "Diluted EPS": 0.37,
        "Basic EPS": 0.37,
        "Diluted NI Availto Com Stockholders": 35371000.0,
        "Net Income Common Stockholders": 35371000.0,
        "Otherunder Preferred Stock Dividend": 650000.0,
        "Net Income": 36021000.0,
        "Net Income Including Noncontrolling Interests": 36021000.0,
        "Net Income Continuous Operations": 36021000.0,
        "Tax Provision": 12237000.0,
        "Pretax Income": 48258000.0,
        "Special Income Charges": NaN,
        "Restructuring And Mergern Acquisition": NaN,
        "Gain On Sale Of Security": NaN,
        "Depreciation Amortization Depletion Income Statement": 2566000.0,
        "Depreciation And Amortization In Income Statement": 2566000.0,
        "Amortization": 2566000.0,
        "Amortization Of Intangibles Income Statement": 2566000.0,
        "Selling General And Administration": 55744000.0,
        "Selling And Marketing Expense": 936000.0,
        "General And Administrative Expense": 54808000.0,
        "Insurance And Claims": 1996000.0,
        "Salaries And Wages": 52812000.0,
        "Total Revenue": 131155000.0,
        "Operating Revenue": 131155000.0,
        "Occupancy And Equipment": 9716000.0,
        "Professional Expense And Contract Services Expense": 4861000.0,
        "Other Non Interest Expense": 13728000.0
    },
    "2025-06-30": {
        "Tax Effect Of Unusual Items": -1591029.270382,
        "Tax Rate For Calcs": 0.237043,
        "Total Unusual Items": -6712000.0,
        "Total Unusual Items Excluding Goodwill": -6712000.0,
        "Net Income From Continuing Operation Net Minority Interest": 32061000.0,
        "Reconciled Depreciation": 4872000.0,
        "Net Interest Income": 126755000.0,
        "Interest Expense": 62426000.0,
        "Interest Income": 189181000.0,
        "Normalized Income": 37181970.729618,
        "Net Income From Continuing And Discontinued Operation": 32061000.0,
        "Diluted Average Shares": 95132789.0,
        "Basic Average Shares": 95096632.0,
        "Diluted EPS": 0.33,
        "Basic EPS": 0.33,
        "Diluted NI Availto Com Stockholders": 31411000.0,
        "Net Income Common Stockholders": 31411000.0,
        "Otherunder Preferred Stock Dividend": 650000.0,
        "Net Income": 32061000.0,
        "Net Income Including Noncontrolling Interests": 32061000.0,
        "Net Income Continuous Operations": 32061000.0,
        "Tax Provision": 9961000.0,
        "Pretax Income": 42022000.0,
        "Special Income Charges": -6712000.0,
        "Restructuring And Mergern Acquisition": 6712000.0,
        "Gain On Sale Of Security": NaN,
        "Depreciation Amortization Depletion Income Statement": 2501000.0,
        "Depreciation And Amortization In Income Statement": 2501000.0,
        "Amortization": 2501000.0,
        "Amortization Of Intangibles Income Statement": 2501000.0,
        "Selling General And Administration": 56120000.0,
        "Selling And Marketing Expense": 905000.0,
        "General And Administrative Expense": 55215000.0,
        "Insurance And Claims": 1947000.0,
        "Salaries And Wages": 53268000.0,
        "Total Revenue": 129847000.0,
        "Operating Revenue": 129847000.0,
        "Occupancy And Equipment": 8471000.0,
        "Professional Expense And Contract Services Expense": 2223000.0,
        "Other Non Interest Expense": 13876000.0
    }
}