{
    "2023-03-31": {
        "Tax Effect Of Unusual Items": NaN,
        "Tax Rate For Calcs": NaN,
        "Normalized EBITDA": NaN,
        "Total Unusual Items": NaN,
        "Total Unusual Items Excluding Goodwill": NaN,
        "Net Income From Continuing Operation Net Minority Interest": NaN,
        "Reconciled Depreciation": NaN,
        "Reconciled Cost Of Revenue": NaN,
        "EBITDA": NaN,
        "EBIT": NaN,
        "Net Interest Income": NaN,
        "Interest Expense": NaN,
        "Interest Income": 4074000.0,
        "Normalized Income": NaN,
        "Net Income From Continuing And Discontinued Operation": NaN,
        "Total Expenses": NaN,
        "Rent Expense Supplemental": NaN,
        "Total Operating Income As Reported": NaN,
        "Diluted Average Shares": NaN,
        "Basic Average Shares": NaN,
        "Diluted EPS": NaN,
        "Basic EPS": NaN,
        "Diluted NI Availto Com Stockholders": NaN,
        "Net Income Common Stockholders": NaN,
        "Net Income": NaN,
        "Minority Interests": NaN,
        "Net Income Including Noncontrolling Interests": NaN,
        "Net Income Continuous Operations": NaN,
        "Tax Provision": NaN,
        "Pretax Income": NaN,
        "Other Income Expense": NaN,
        "Other Non Operating Income Expenses": NaN,
        "Special Income Charges": NaN,
        "Impairment Of Capital Assets": NaN,
        "Gain On Sale Of Security": NaN,
        "Net Non Operating Interest Income Expense": NaN,
        "Total Other Finance Cost": NaN,
        "Interest Expense Non Operating": NaN,
        "Interest Income Non Operating": 4074000.0,
        "Operating Income": NaN,
        "Operating Expense": NaN,
        "Other Operating Expenses": NaN,
        "Depreciation Amortization Depletion Income Statement": NaN,
        "Depreciation And Amortization In Income Statement": NaN,
        "Selling General And Administration": NaN,
        "General And Administrative Expense": NaN,
        "Other Gand A": NaN,
        "Rent And Landing Fees": NaN,
        "Gross Profit": NaN,
        "Cost Of Revenue": NaN,
        "Total Revenue": NaN,
        "Operating Revenue": NaN
    },
    "2022-12-31": {
        "Tax Effect Of Unusual Items": NaN,
        "Tax Rate For Calcs": NaN,
        "Normalized EBITDA": NaN,
        "Total Unusual Items": NaN,
        "Total Unusual Items Excluding Goodwill": NaN,
        "Net Income From Continuing Operation Net Minority Interest": NaN,
        "Reconciled Depreciation": NaN,
        "Reconciled Cost Of Revenue": NaN,
        "EBITDA": NaN,
        "EBIT": NaN,
        "Net Interest Income": NaN,
        "Interest Expense": NaN,
        "Interest Income": 414000.0,
        "Normalized Income": NaN,
        "Net Income From Continuing And Discontinued Operation": NaN,
        "Total Expenses": NaN,
        "Rent Expense Supplemental": NaN,
        "Total Operating Income As Reported": NaN,
        "Diluted Average Shares": NaN,
        "Basic Average Shares": NaN,
        "Diluted EPS": NaN,
        "Basic EPS": NaN,
        "Diluted NI Availto Com Stockholders": NaN,
        "Net Income Common Stockholders": NaN,
        "Net Income": NaN,
        "Minority Interests": NaN,
        "Net Income Including Noncontrolling Interests": NaN,
        "Net Income Continuous Operations": NaN,
        "Tax Provision": NaN,
        "Pretax Income": NaN,
        "Other Income Expense": NaN,
        "Other Non Operating Income Expenses": NaN,
        "Special Income Charges": NaN,
        "Impairment Of Capital Assets": NaN,
        "Gain On Sale Of Security": NaN,
        "Net Non Operating Interest Income Expense": NaN,
        "Total Other Finance Cost": NaN,
        "Interest Expense Non Operating": NaN,
        "Interest Income Non Operating": 414000.0,
        "Operating Income": NaN,
        "Operating Expense": NaN,
        "Other Operating Expenses": NaN,
        "Depreciation Amortization Depletion Income Statement": NaN,
        "Depreciation And Amortization In Income Statement": NaN,
        "Selling General And Administration": NaN,
        "General And Administrative Expense": NaN,
        "Other Gand A": NaN,
        "Rent And Landing Fees": NaN,
        "Gross Profit": NaN,
        "Cost Of Revenue": NaN,
        "Total Revenue": NaN,
        "Operating Revenue": NaN
    },
    "2022-09-30": {
        "Tax Effect Of Unusual Items": NaN,
        "Tax Rate For Calcs": NaN,
        "Normalized EBITDA": NaN,
        "Total Unusual Items": NaN,
        "Total Unusual Items Excluding Goodwill": NaN,
        "Net Income From Continuing Operation Net Minority Interest": NaN,
        "Reconciled Depreciation": NaN,
        "Reconciled Cost Of Revenue": NaN,
        "EBITDA": NaN,
        "EBIT": NaN,
        "Net Interest Income": NaN,
        "Interest Expense": NaN,
        "Interest Income": 660000.0,
        "Normalized Income": NaN,
        "Net Income From Continuing And Discontinued Operation": NaN,
        "Total Expenses": NaN,
        "Rent Expense Supplemental": NaN,
        "Total Operating Income As Reported": NaN,
        "Diluted Average Shares": NaN,
        "Basic Average Shares": NaN,
        "Diluted EPS": NaN,
        "Basic EPS": NaN,
        "Diluted NI Availto Com Stockholders": NaN,
        "Net Income Common Stockholders": NaN,
        "Net Income": NaN,
        "Minority Interests": NaN,
        "Net Income Including Noncontrolling Interests": NaN,
        "Net Income Continuous Operations": NaN,
        "Tax Provision": NaN,
        "Pretax Income": NaN,
        "Other Income Expense": NaN,
        "Other Non Operating Income Expenses": NaN,
        "Special Income Charges": 0.0,
        "Impairment Of Capital Assets": 0.0,
        "Gain On Sale Of Security": NaN,
        "Net Non Operating Interest Income Expense": NaN,
        "Total Other Finance Cost": NaN,
        "Interest Expense Non Operating": NaN,
        "Interest Income Non Operating": 660000.0,
        "Operating Income": NaN,
        "Operating Expense": NaN,
        "Other Operating Expenses": NaN,
        "Depreciation Amortization Depletion Income Statement": NaN,
        "Depreciation And Amortization In Income Statement": NaN,
        "Selling General And Administration": NaN,
        "General And Administrative Expense": NaN,
        "Other Gand A": NaN,
        "Rent And Landing Fees": NaN,
        "Gross Profit": NaN,
        "Cost Of Revenue": NaN,
        "Total Revenue": NaN,
        "Operating Revenue": NaN
    },
    "2022-06-30": {
        "Tax Effect Of Unusual Items": 350748.654174,
        "Tax Rate For Calcs": 0.26592,
        "Normalized EBITDA": 54721000.0,
        "Total Unusual Items": 1319000.0,
        "Total Unusual Items Excluding Goodwill": 1319000.0,
        "Net Income From Continuing Operation Net Minority Interest": 36484000.0,
        "Reconciled Depreciation": 3865000.0,
        "Reconciled Cost Of Revenue": 105699000.0,
        "EBITDA": 56040000.0,
        "EBIT": 52175000.0,
        "Net Interest Income": -31562000.0,
        "Interest Expense": 31562000.0,
        "Interest Income": 554000.0,
        "Normalized Income": 35515748.654174,
        "Net Income From Continuing And Discontinued Operation": 36484000.0,
        "Total Expenses": 206087000.0,
        "Rent Expense Supplemental": 4633000.0,
        "Total Operating Income As Reported": 83737000.0,
        "Diluted Average Shares": 39900000.0,
        "Basic Average Shares": 39779000.0,
        "Diluted EPS": 0.91,
        "Basic EPS": 0.92,
        "Diluted NI Availto Com Stockholders": 36484000.0,
        "Net Income Common Stockholders": 36484000.0,
        "Net Income": 36484000.0,
        "Minority Interests": -2652000.0,
        "Net Income Including Noncontrolling Interests": 39136000.0,
        "Net Income Continuous Operations": 39136000.0,
        "Tax Provision": 14177000.0,
        "Pretax Income": 53313000.0,
        "Other Income Expense": 1138000.0,
        "Other Non Operating Income Expenses": -181000.0,
        "Gain On Sale Of Security": 1319000.0,
        "Net Non Operating Interest Income Expense": -31562000.0,
        "Total Other Finance Cost": 2471000.0,
        "Interest Expense Non Operating": 31562000.0,
        "Interest Income Non Operating": 554000.0,
        "Operating Income": 52175000.0,
        "Operating Expense": 100388000.0,
        "Other Operating Expenses": 55062000.0,
        "Depreciation Amortization Depletion Income Statement": 3865000.0,
        "Depreciation And Amortization In Income Statement": 3865000.0,
        "Selling General And Administration": 41461000.0,
        "General And Administrative Expense": 41461000.0,
        "Other Gand A": 36828000.0,
        "Rent And Landing Fees": 4633000.0,
        "Gross Profit": 152563000.0,
        "Cost Of Revenue": 105699000.0,
        "Total Revenue": 258262000.0,
        "Operating Revenue": 200476000.0
    },
    "2022-03-31": {
        "Diluted EPS": 0.97,
        "Total Revenue": 241,
        "Gross Profit": 241,
        "Operating Income": 72,
        "EBIT": 78,
        "Net Income": 40
    },
    "2021-12-31": {
        "Diluted EPS": 0.79,
        "Total Revenue": 257,
        "Gross Profit": 257,
        "Operating Income": 82,
        "EBIT": 89,
        "Net Income": 34
    },
    "2021-09-30": {
        "Diluted EPS": 0.76,
        "Total Revenue": 264,
        "Gross Profit": 264,
        "Operating Income": 78,
        "EBIT": 84,
        "Net Income": 34
    },
    "2021-06-30": {
        "Diluted EPS": 1.22,
        "Total Revenue": 286,
        "Gross Profit": 286,
        "Operating Income": 104,
        "EBIT": 110,
        "Net Income": 56
    },
    "2021-03-31": {
        "Diluted EPS": 1.27,
        "Total Revenue": 289,
        "Gross Profit": 289,
        "Operating Income": 111,
        "EBIT": 117,
        "Net Income": 58
    },
    "2020-12-31": {
        "Diluted EPS": 0.66,
        "Total Revenue": 274,
        "Gross Profit": 274,
        "Operating Income": 89,
        "EBIT": 100,
        "Net Income": 30
    },
    "2020-09-30": {
        "Diluted EPS": 0.92,
        "Total Revenue": 268,
        "Gross Profit": 268,
        "Operating Income": 89,
        "EBIT": 98,
        "Net Income": 42
    },
    "2020-06-30": {
        "Diluted EPS": 1.26,
        "Total Revenue": 272,
        "Gross Profit": 272,
        "Operating Income": 111,
        "EBIT": 121,
        "Net Income": 58
    },
    "2020-03-31": {
        "Diluted EPS": 0.42,
        "Total Revenue": 252,
        "Gross Profit": 252,
        "Operating Income": 61,
        "EBIT": 70,
        "Net Income": 19
    },
    "2019-12-31": {
        "Diluted EPS": 0.59,
        "Total Revenue": 269,
        "Gross Profit": 269,
        "Operating Income": 71,
        "EBIT": 81,
        "Net Income": 27
    },
    "2019-09-30": {
        "Diluted EPS": 0.55,
        "Total Revenue": 250,
        "Gross Profit": 250,
        "Operating Income": 65,
        "EBIT": 75,
        "Net Income": 25
    },
    "2019-06-30": {
        "Diluted EPS": 0.41,
        "Total Revenue": 252,
        "Gross Profit": 252,
        "Operating Income": 63,
        "EBIT": 74,
        "Net Income": 19
    },
    "2019-03-31": {
        "Diluted EPS": 0.34,
        "Total Revenue": 246,
        "Gross Profit": 246,
        "Operating Income": 49,
        "EBIT": 59,
        "Net Income": 15
    },
    "2018-12-31": {
        "Diluted EPS": 0.32,
        "Total Revenue": 237,
        "Gross Profit": 237,
        "Operating Income": 32,
        "EBIT": 43,
        "Net Income": 15
    },
    "2018-09-30": {
        "Diluted EPS": 0.22,
        "Total Revenue": 226,
        "Gross Profit": 226,
        "Operating Income": 44,
        "EBIT": 54,
        "Net Income": 10
    },
    "2018-06-30": {
        "Diluted EPS": 0.43,
        "Total Revenue": 222,
        "Gross Profit": 222,
        "Operating Income": 55,
        "EBIT": 65,
        "Net Income": 20
    },
    "2018-03-31": {
        "Diluted EPS": 0.47,
        "Total Revenue": 224,
        "Gross Profit": 224,
        "Operating Income": 54,
        "EBIT": 64,
        "Net Income": 21
    },
    "2017-12-31": {
        "Diluted EPS": 1.97,
        "Total Revenue": 214,
        "Gross Profit": 214,
        "Operating Income": 58,
        "EBIT": 68,
        "Net Income": 89
    },
    "2017-09-30": {
        "Diluted EPS": 0.34,
        "Total Revenue": 204,
        "Gross Profit": 204,
        "Operating Income": 54,
        "EBIT": 64,
        "Net Income": 16
    },
    "2017-06-30": {
        "Diluted EPS": 0.25,
        "Total Revenue": 204,
        "Gross Profit": 204,
        "Operating Income": 48,
        "EBIT": 58,
        "Net Income": 12
    },
    "2017-03-31": {
        "Diluted EPS": 1.03,
        "Total Revenue": 207,
        "Gross Profit": 207,
        "Operating Income": 53,
        "EBIT": 62,
        "Net Income": 48
    },
    "2016-12-31": {
        "Diluted EPS": -0.36,
        "Total Revenue": 255,
        "Gross Profit": 255,
        "Operating Income": 9,
        "EBIT": 8,
        "Net Income": -16
    },
    "2016-09-30": {
        "Diluted EPS": 0.74,
        "Total Revenue": 222,
        "Gross Profit": 222,
        "Operating Income": 67,
        "EBIT": 79,
        "Net Income": 34
    },
    "2016-06-30": {
        "Diluted EPS": 0.79,
        "Total Revenue": 228,
        "Gross Profit": 228,
        "Operating Income": 73,
        "EBIT": 84,
        "Net Income": 36
    },
    "2016-03-31": {
        "Diluted EPS": 0.69,
        "Total Revenue": 225,
        "Gross Profit": 225,
        "Operating Income": 71,
        "EBIT": 83,
        "Net Income": 32
    },
    "2015-12-31": {
        "Diluted EPS": 0.86,
        "Total Revenue": 230,
        "Gross Profit": 230,
        "Operating Income": 71,
        "EBIT": 82,
        "Net Income": 41
    },
    "2015-09-30": {
        "Diluted EPS": 0.36,
        "Total Revenue": 229,
        "Gross Profit": 229,
        "Operating Income": 54,
        "EBIT": 64,
        "Net Income": 17
    },
    "2015-06-30": {
        "Diluted EPS": 1.06,
        "Total Revenue": 237,
        "Gross Profit": 237,
        "Operating Income": 89,
        "EBIT": 99,
        "Net Income": 51
    },
    "2015-03-31": {
        "Diluted EPS": 1.19,
        "Total Revenue": 245,
        "Gross Profit": 245,
        "Operating Income": 96,
        "EBIT": 105,
        "Net Income": 58
    },
    "2014-12-31": {
        "Diluted EPS": 0.94,
        "Total Revenue": 251,
        "Gross Profit": 251,
        "Operating Income": 110,
        "EBIT": 120,
        "Net Income": 47
    },
    "2014-09-30": {
        "Diluted EPS": 1.01,
        "Total Revenue": 239,
        "Gross Profit": 239,
        "Operating Income": 88,
        "EBIT": 95,
        "Net Income": 51
    },
    "2014-06-30": {
        "Diluted EPS": 0.74,
        "Total Revenue": 197,
        "Gross Profit": 197,
        "Operating Income": 72,
        "EBIT": 80,
        "Net Income": 38
    },
    "2014-03-31": {
        "Diluted EPS": 0.81,
        "Total Revenue": 194,
        "Gross Profit": 194,
        "Operating Income": 72,
        "EBIT": 79,
        "Net Income": 41
    },
    "2013-12-31": {
        "Diluted EPS": 0.92,
        "Total Revenue": 185,
        "Gross Profit": 185,
        "Operating Income": 78,
        "EBIT": 85,
        "Net Income": 46
    },
    "2013-09-30": {
        "Diluted EPS": 0.93,
        "Total Revenue": 198,
        "Gross Profit": 198,
        "Operating Income": 79,
        "EBIT": 87,
        "Net Income": 47
    },
    "2013-06-30": {
        "Diluted EPS": 0.85,
        "Total Revenue": 183,
        "Gross Profit": 183,
        "Operating Income": 74,
        "EBIT": 81,
        "Net Income": 44
    },
    "2013-03-31": {
        "Diluted EPS": 0.75,
        "Total Revenue": 170,
        "Gross Profit": 170,
        "Operating Income": 66,
        "EBIT": 72,
        "Net Income": 39
    },
    "2012-12-31": {
        "Diluted EPS": 1.11,
        "Total Revenue": 154,
        "Gross Profit": 154,
        "Operating Income": 60,
        "EBIT": 67,
        "Net Income": 36
    },
    "2012-09-30": {
        "Diluted EPS": 0.65,
        "Total Revenue": 151,
        "Gross Profit": 151,
        "Operating Income": 57,
        "EBIT": 63,
        "Net Income": 33
    },
    "2012-06-30": {
        "Diluted EPS": 0.21,
        "Total Revenue": 148,
        "Gross Profit": 148,
        "Operating Income": 55,
        "EBIT": 61,
        "Net Income": 32
    },
    "2012-03-31": {
        "Diluted EPS": 0.49,
        "Total Revenue": 140,
        "Gross Profit": 140,
        "Operating Income": 44,
        "EBIT": 50,
        "Net Income": 25
    },
    "2011-12-31": {
        "Diluted EPS": 0.52,
        "Total Revenue": 118,
        "Gross Profit": 118,
        "Operating Income": 47,
        "EBIT": 52,
        "Net Income": 27
    },
    "2011-09-30": {
        "Diluted EPS": 0.49,
        "Total Revenue": 114,
        "Gross Profit": 114,
        "Operating Income": 44,
        "EBIT": 49,
        "Net Income": 26
    },
    "2011-06-30": {
        "Diluted EPS": 0.49,
        "Total Revenue": 115,
        "Gross Profit": 115,
        "Operating Income": 44,
        "EBIT": 50,
        "Net Income": 26
    },
    "2011-03-31": {
        "Diluted EPS": 0.45,
        "Total Revenue": 112,
        "Gross Profit": 112,
        "Operating Income": 43,
        "EBIT": 49,
        "Net Income": 23
    },
    "2010-12-31": {
        "Diluted EPS": 0.41,
        "Total Revenue": 101,
        "Gross Profit": 101,
        "Operating Income": 36,
        "EBIT": 41,
        "Net Income": 21
    },
    "2010-09-30": {
        "Diluted EPS": 0.36,
        "Total Revenue": 96,
        "Gross Profit": 96,
        "Operating Income": 33,
        "EBIT": 37,
        "Net Income": 18
    },
    "2010-06-30": {
        "Diluted EPS": 0.38,
        "Total Revenue": 93,
        "Gross Profit": 93,
        "Operating Income": 34,
        "EBIT": 39,
        "Net Income": 20
    },
    "2010-03-31": {
        "Diluted EPS": 0.3,
        "Total Revenue": 83,
        "Gross Profit": 83,
        "Operating Income": 26,
        "EBIT": 30,
        "Net Income": 15
    },
    "2009-12-31": {
        "Diluted EPS": 0.27,
        "Total Revenue": 73,
        "Gross Profit": 73,
        "Operating Income": 22,
        "EBIT": 25,
        "Net Income": 12
    },
    "2009-09-30": {
        "Diluted EPS": 0.22,
        "Total Revenue": 69,
        "Gross Profit": 69,
        "Operating Income": 19,
        "EBIT": 22,
        "Net Income": 10
    },
    "2009-06-30": {
        "Diluted EPS": 0.25,
        "Total Revenue": 71,
        "Gross Profit": 71,
        "Operating Income": 21,
        "EBIT": 24,
        "Net Income": 12
    },
    "2009-03-31": {
        "Diluted EPS": 0.22,
        "Total Revenue": 68,
        "Gross Profit": 68,
        "Operating Income": 18,
        "EBIT": 23,
        "Net Income": 10
    },
    "2023-06-30": {
        "Tax Effect Of Unusual Items": 90090.0,
        "Tax Rate For Calcs": 0.21,
        "Normalized EBITDA": 25969000.0,
        "Total Unusual Items": 429000.0,
        "Total Unusual Items Excluding Goodwill": 429000.0,
        "Net Income From Continuing Operation Net Minority Interest": -3804000.0,
        "Reconciled Depreciation": 3482000.0,
        "Reconciled Cost Of Revenue": 90942000.0,
        "EBITDA": 26398000.0,
        "EBIT": 22916000.0,
        "Net Interest Income": -22562000.0,
        "Interest Expense": 20178000.0,
        "Interest Income": NaN,
        "Normalized Income": -4142910.0,
        "Net Income From Continuing And Discontinued Operation": -3804000.0,
        "Total Expenses": 188829000.0,
        "Rent Expense Supplemental": 4319000.0,
        "Total Operating Income As Reported": 45561000.0,
        "Diluted Average Shares": 39190000.0,
        "Basic Average Shares": 39190000.0,
        "Diluted EPS": -0.1,
        "Basic EPS": -0.1,
        "Diluted NI Availto Com Stockholders": -3804000.0,
        "Net Income Common Stockholders": -3804000.0,
        "Net Income": -3804000.0,
        "Minority Interests": -4964000.0,
        "Net Income Including Noncontrolling Interests": 1160000.0,
        "Net Income Continuous Operations": 1160000.0,
        "Tax Provision": 1578000.0,
        "Pretax Income": 2738000.0,
        "Other Income Expense": 199000.0,
        "Other Non Operating Income Expenses": -230000.0,
        "Special Income Charges": NaN,
        "Impairment Of Capital Assets": NaN,
        "Gain On Sale Of Security": 429000.0,
        "Net Non Operating Interest Income Expense": -22562000.0,
        "Total Other Finance Cost": 2384000.0,
        "Interest Expense Non Operating": 20178000.0,
        "Interest Income Non Operating": NaN,
        "Operating Income": 25101000.0,
        "Operating Expense": 97887000.0,
        "Other Operating Expenses": 48896000.0,
        "Depreciation Amortization Depletion Income Statement": 3482000.0,
        "Depreciation And Amortization In Income Statement": 3482000.0,
        "Selling General And Administration": 45509000.0,
        "General And Administrative Expense": 45509000.0,
        "Other Gand A": 41190000.0,
        "Rent And Landing Fees": 4319000.0,
        "Gross Profit": 122988000.0,
        "Cost Of Revenue": 90942000.0,
        "Total Revenue": 213930000.0,
        "Operating Revenue": 188984000.0
    },
    "2023-09-30": {
        "Tax Effect Of Unusual Items": NaN,
        "Tax Rate For Calcs": NaN,
        "Normalized EBITDA": NaN,
        "Total Unusual Items": NaN,
        "Total Unusual Items Excluding Goodwill": NaN,
        "Net Income From Continuing Operation Net Minority Interest": NaN,
        "Reconciled Depreciation": NaN,
        "Reconciled Cost Of Revenue": NaN,
        "EBITDA": NaN,
        "EBIT": NaN,
        "Net Interest Income": NaN,
        "Interest Expense": NaN,
        "Normalized Income": NaN,
        "Net Income From Continuing And Discontinued Operation": NaN,
        "Total Expenses": NaN,
        "Rent Expense Supplemental": NaN,
        "Total Operating Income As Reported": NaN,
        "Diluted Average Shares": NaN,
        "Basic Average Shares": NaN,
        "Diluted EPS": NaN,
        "Basic EPS": NaN,
        "Diluted NI Availto Com Stockholders": NaN,
        "Net Income Common Stockholders": NaN,
        "Net Income": NaN,
        "Minority Interests": NaN,
        "Net Income Including Noncontrolling Interests": NaN,
        "Net Income Continuous Operations": NaN,
        "Tax Provision": NaN,
        "Pretax Income": NaN,
        "Other Income Expense": NaN,
        "Other Non Operating Income Expenses": NaN,
        "Special Income Charges": -5037000.0,
        "Impairment Of Capital Assets": 5037000.0,
        "Gain On Sale Of Security": NaN,
        "Net Non Operating Interest Income Expense": NaN,
        "Total Other Finance Cost": NaN,
        "Interest Expense Non Operating": NaN,
        "Operating Income": NaN,
        "Operating Expense": NaN,
        "Other Operating Expenses": NaN,
        "Depreciation Amortization Depletion Income Statement": NaN,
        "Depreciation And Amortization In Income Statement": NaN,
        "Selling General And Administration": NaN,
        "General And Administrative Expense": NaN,
        "Other Gand A": NaN,
        "Rent And Landing Fees": NaN,
        "Gross Profit": NaN,
        "Cost Of Revenue": NaN,
        "Total Revenue": NaN,
        "Operating Revenue": NaN
    },
    "2023-12-31": {
        "Tax Effect Of Unusual Items": NaN,
        "Tax Rate For Calcs": NaN,
        "Normalized EBITDA": NaN,
        "Total Unusual Items": NaN,
        "Total Unusual Items Excluding Goodwill": NaN,
        "Net Income From Continuing Operation Net Minority Interest": NaN,
        "Reconciled Depreciation": NaN,
        "Reconciled Cost Of Revenue": NaN,
        "EBITDA": NaN,
        "EBIT": NaN,
        "Net Interest Income": NaN,
        "Interest Expense": NaN,
        "Normalized Income": NaN,
        "Net Income From Continuing And Discontinued Operation": NaN,
        "Total Expenses": NaN,
        "Rent Expense Supplemental": NaN,
        "Total Operating Income As Reported": NaN,
        "Diluted Average Shares": NaN,
        "Basic Average Shares": NaN,
        "Diluted EPS": NaN,
        "Basic EPS": NaN,
        "Diluted NI Availto Com Stockholders": NaN,
        "Net Income Common Stockholders": NaN,
        "Net Income": NaN,
        "Minority Interests": NaN,
        "Net Income Including Noncontrolling Interests": NaN,
        "Net Income Continuous Operations": NaN,
        "Tax Provision": NaN,
        "Pretax Income": NaN,
        "Other Income Expense": NaN,
        "Other Non Operating Income Expenses": NaN,
        "Special Income Charges": -202000.0,
        "Gain On Sale Of Business": NaN,
        "Impairment Of Capital Assets": 202000.0,
        "Gain On Sale Of Security": NaN,
        "Net Non Operating Interest Income Expense": NaN,
        "Total Other Finance Cost": NaN,
        "Interest Expense Non Operating": NaN,
        "Operating Income": NaN,
        "Operating Expense": NaN,
        "Other Operating Expenses": NaN,
        "Depreciation Amortization Depletion Income Statement": NaN,
        "Depreciation And Amortization In Income Statement": NaN,
        "Selling General And Administration": NaN,
        "General And Administrative Expense": NaN,
        "Other Gand A": NaN,
        "Rent And Landing Fees": NaN,
        "Gross Profit": NaN,
        "Cost Of Revenue": NaN,
        "Total Revenue": NaN,
        "Operating Revenue": NaN
    },
    "2024-03-31": {
        "Tax Effect Of Unusual Items": 38306.952401,
        "Tax Rate For Calcs": 0.168753,
        "Normalized EBITDA": 34835000.0,
        "Total Unusual Items": 227000.0,
        "Total Unusual Items Excluding Goodwill": 227000.0,
        "Net Income From Continuing Operation Net Minority Interest": 3475000.0,
        "Reconciled Depreciation": 2720000.0,
        "Reconciled Cost Of Revenue": 107553000.0,
        "EBITDA": 35062000.0,
        "EBIT": 32342000.0,
        "Net Interest Income": -20403000.0,
        "Interest Expense": 18203000.0,
        "Normalized Income": 3286306.952401,
        "Net Income From Continuing And Discontinued Operation": 3475000.0,
        "Total Expenses": 223146000.0,
        "Rent Expense Supplemental": 4144000.0,
        "Total Operating Income As Reported": 66396000.0,
        "Diluted Average Shares": 39448000.0,
        "Basic Average Shares": 39274000.0,
        "Diluted EPS": 0.09,
        "Basic EPS": 0.09,
        "Diluted NI Availto Com Stockholders": 3475000.0,
        "Net Income Common Stockholders": 3475000.0,
        "Net Income": 3475000.0,
        "Minority Interests": -8278000.0,
        "Net Income Including Noncontrolling Interests": 11753000.0,
        "Net Income Continuous Operations": 11753000.0,
        "Tax Provision": 2386000.0,
        "Pretax Income": 14139000.0,
        "Other Income Expense": 21000.0,
        "Other Non Operating Income Expenses": -206000.0,
        "Special Income Charges": NaN,
        "Impairment Of Capital Assets": NaN,
        "Gain On Sale Of Security": 227000.0,
        "Net Non Operating Interest Income Expense": -20403000.0,
        "Total Other Finance Cost": 2200000.0,
        "Interest Expense Non Operating": 18203000.0,
        "Operating Income": 34521000.0,
        "Operating Expense": 115593000.0,
        "Other Operating Expenses": 32298000.0,
        "Depreciation Amortization Depletion Income Statement": 2720000.0,
        "Depreciation And Amortization In Income Statement": 2720000.0,
        "Selling General And Administration": 80575000.0,
        "General And Administrative Expense": 80575000.0,
        "Other Gand A": 76431000.0,
        "Rent And Landing Fees": 4144000.0,
        "Gross Profit": 150114000.0,
        "Cost Of Revenue": 107553000.0,
        "Total Revenue": 257667000.0,
        "Operating Revenue": 204137000.0
    },
    "2024-06-30": {
        "Tax Effect Of Unusual Items": -25476.046842,
        "Tax Rate For Calcs": 0.257334,
        "Normalized EBITDA": 58798000.0,
        "Total Unusual Items": -99000.0,
        "Total Unusual Items Excluding Goodwill": -99000.0,
        "Net Income From Continuing Operation Net Minority Interest": 21516000.0,
        "Reconciled Depreciation": 2637000.0,
        "Reconciled Cost Of Revenue": 107421000.0,
        "EBITDA": 58699000.0,
        "EBIT": 56062000.0,
        "Net Interest Income": -24577000.0,
        "Interest Expense": 22246000.0,
        "Normalized Income": 21589523.953158,
        "Net Income From Continuing And Discontinued Operation": 21516000.0,
        "Total Expenses": 228187000.0,
        "Rent Expense Supplemental": 4136000.0,
        "Total Operating Income As Reported": 89222000.0,
        "Diluted Average Shares": 39546000.0,
        "Basic Average Shares": 39364000.0,
        "Diluted EPS": 0.54,
        "Basic EPS": 0.55,
        "Diluted NI Availto Com Stockholders": 21516000.0,
        "Net Income Common Stockholders": 21516000.0,
        "Net Income": 21516000.0,
        "Minority Interests": -3598000.0,
        "Net Income Including Noncontrolling Interests": 25114000.0,
        "Net Income Continuous Operations": 25114000.0,
        "Tax Provision": 8702000.0,
        "Pretax Income": 33816000.0,
        "Other Income Expense": -53000.0,
        "Other Non Operating Income Expenses": 46000.0,
        "Special Income Charges": 0.0,
        "Gain On Sale Of Business": 0.0,
        "Impairment Of Capital Assets": NaN,
        "Gain On Sale Of Security": -99000.0,
        "Net Non Operating Interest Income Expense": -24577000.0,
        "Total Other Finance Cost": 2331000.0,
        "Interest Expense Non Operating": 22246000.0,
        "Operating Income": 58446000.0,
        "Operating Expense": 120766000.0,
        "Other Operating Expenses": 53380000.0,
        "Depreciation Amortization Depletion Income Statement": 2637000.0,
        "Depreciation And Amortization In Income Statement": 2637000.0,
        "Selling General And Administration": 64749000.0,
        "General And Administrative Expense": 64749000.0,
        "Other Gand A": 60613000.0,
        "Rent And Landing Fees": 4136000.0,
        "Gross Profit": 179212000.0,
        "Cost Of Revenue": 107421000.0,
        "Total Revenue": 286633000.0,
        "Operating Revenue": 211694000.0
    },
    "2024-09-30": {
        "Tax Effect Of Unusual Items": 2100.0,
        "Tax Rate For Calcs": 0.21,
        "Normalized EBITDA": 56077000.0,
        "Total Unusual Items": 10000.0,
        "Total Unusual Items Excluding Goodwill": 10000.0,
        "Net Income From Continuing Operation Net Minority Interest": 27154000.0,
        "Reconciled Depreciation": 2469000.0,
        "Reconciled Cost Of Revenue": 110112000.0,
        "EBITDA": 56087000.0,
        "EBIT": 53618000.0,
        "Net Interest Income": -29163000.0,
        "Interest Expense": 25368000.0,
        "Normalized Income": 27146100.0,
        "Net Income From Continuing And Discontinued Operation": 27154000.0,
        "Total Expenses": 225505000.0,
        "Rent Expense Supplemental": 4175000.0,
        "Total Operating Income As Reported": 89978000.0,
        "Diluted Average Shares": 39492000.0,
        "Basic Average Shares": 39421000.0,
        "Diluted EPS": 0.69,
        "Basic EPS": 0.69,
        "Diluted NI Availto Com Stockholders": 27154000.0,
        "Net Income Common Stockholders": 27154000.0,
        "Net Income": 27154000.0,
        "Minority Interests": -1768000.0,
        "Net Income Including Noncontrolling Interests": 28922000.0,
        "Net Income Continuous Operations": 28922000.0,
        "Tax Provision": -672000.0,
        "Pretax Income": 28250000.0,
        "Other Income Expense": -666000.0,
        "Other Non Operating Income Expenses": -676000.0,
        "Special Income Charges": 0.0,
        "Gain On Sale Of Business": NaN,
        "Impairment Of Capital Assets": 0.0,
        "Gain On Sale Of Security": 10000.0,
        "Net Non Operating Interest Income Expense": -29163000.0,
        "Total Other Finance Cost": 3795000.0,
        "Interest Expense Non Operating": 25368000.0,
        "Operating Income": 58079000.0,
        "Operating Expense": 115393000.0,
        "Other Operating Expenses": 55441000.0,
        "Depreciation Amortization Depletion Income Statement": 2469000.0,
        "Depreciation And Amortization In Income Statement": 2469000.0,
        "Selling General And Administration": 57483000.0,
        "General And Administrative Expense": 57483000.0,
        "Other Gand A": 53308000.0,
        "Rent And Landing Fees": 4175000.0,
        "Gross Profit": 173472000.0,
        "Cost Of Revenue": 110112000.0,
        "Total Revenue": 283584000.0,
        "Operating Revenue": 218229000.0
    },
    "2024-12-31": {
        "Tax Effect Of Unusual Items": -46723.113772,
        "Tax Rate For Calcs": 0.317844,
        "Normalized EBITDA": 59428000.0,
        "Total Unusual Items": -147000.0,
        "Total Unusual Items Excluding Goodwill": -147000.0,
        "Net Income From Continuing Operation Net Minority Interest": 18456000.0,
        "Reconciled Depreciation": 2966000.0,
        "Reconciled Cost Of Revenue": 113089000.0,
        "EBITDA": 59281000.0,
        "EBIT": 56315000.0,
        "Net Interest Income": -25156000.0,
        "Interest Expense": 22915000.0,
        "Normalized Income": 18556276.886228,
        "Net Income From Continuing And Discontinued Operation": 18456000.0,
        "Total Expenses": 237226000.0,
        "Rent Expense Supplemental": 4474000.0,
        "Total Operating Income As Reported": 94136000.0,
        "Diluted Average Shares": 39681000.0,
        "Basic Average Shares": 39468000.0,
        "Diluted EPS": 0.47,
        "Basic EPS": 0.47,
        "Diluted NI Availto Com Stockholders": 18456000.0,
        "Net Income Common Stockholders": 18456000.0,
        "Net Income": 18456000.0,
        "Minority Interests": -4328000.0,
        "Net Income Including Noncontrolling Interests": 22784000.0,
        "Net Income Continuous Operations": 22784000.0,
        "Tax Provision": 10616000.0,
        "Pretax Income": 33400000.0,
        "Other Income Expense": -162000.0,
        "Other Non Operating Income Expenses": -15000.0,
        "Special Income Charges": NaN,
        "Gain On Sale Of Business": NaN,
        "Impairment Of Capital Assets": NaN,
        "Gain On Sale Of Security": -147000.0,
        "Net Non Operating Interest Income Expense": -25156000.0,
        "Total Other Finance Cost": 2241000.0,
        "Interest Expense Non Operating": 22915000.0,
        "Operating Income": 58718000.0,
        "Operating Expense": 124137000.0,
        "Other Operating Expenses": -26057000.0,
        "Depreciation Amortization Depletion Income Statement": 2966000.0,
        "Depreciation And Amortization In Income Statement": 2966000.0,
        "Selling General And Administration": 147228000.0,
        "General And Administrative Expense": 147228000.0,
        "Other Gand A": 142754000.0,
        "Rent And Landing Fees": 4474000.0,
        "Gross Profit": 182855000.0,
        "Cost Of Revenue": 113089000.0,
        "Total Revenue": 295944000.0,
        "Operating Revenue": 232432000.0
    },
    "2025-03-31": {
        "Tax Effect Of Unusual Items": -16422.0,
        "Tax Rate For Calcs": 0.322,
        "Normalized EBITDA": 42107000.0,
        "Total Unusual Items": -51000.0,
        "Total Unusual Items Excluding Goodwill": -51000.0,
        "Net Income From Continuing Operation Net Minority Interest": 3659000.0,
        "Reconciled Depreciation": 3769000.0,
        "Reconciled Cost Of Revenue": 109905000.0,
        "EBITDA": 42056000.0,
        "EBIT": 38287000.0,
        "Net Interest Income": -26812000.0,
        "Interest Expense": 24911000.0,
        "Normalized Income": 3693578.0,
        "Net Income From Continuing And Discontinued Operation": 3659000.0,
        "Total Expenses": 231624000.0,
        "Rent Expense Supplemental": 3480000.0,
        "Total Operating Income As Reported": 74577000.0,
        "Diluted Average Shares": 39688000.0,
        "Basic Average Shares": 39549000.0,
        "Diluted EPS": 0.09,
        "Basic EPS": 0.09,
        "Diluted NI Availto Com Stockholders": 3659000.0,
        "Net Income Common Stockholders": 3659000.0,
        "Net Income": 3659000.0,
        "Minority Interests": -5405000.0,
        "Net Income Including Noncontrolling Interests": 9064000.0,
        "Net Income Continuous Operations": 9064000.0,
        "Tax Provision": 4312000.0,
        "Pretax Income": 13376000.0,
        "Other Income Expense": -231000.0,
        "Other Non Operating Income Expenses": -180000.0,
        "Special Income Charges": NaN,
        "Gain On Sale Of Business": NaN,
        "Impairment Of Capital Assets": NaN,
        "Gain On Sale Of Security": -51000.0,
        "Net Non Operating Interest Income Expense": -26812000.0,
        "Total Other Finance Cost": 1901000.0,
        "Interest Expense Non Operating": 24911000.0,
        "Operating Income": 40419000.0,
        "Operating Expense": 121719000.0,
        "Other Operating Expenses": 34266000.0,
        "Depreciation Amortization Depletion Income Statement": 3769000.0,
        "Depreciation And Amortization In Income Statement": 3769000.0,
        "Selling General And Administration": 83684000.0,
        "General And Administrative Expense": 83684000.0,
        "Other Gand A": 80204000.0,
        "Rent And Landing Fees": 3480000.0,
        "Gross Profit": 162138000.0,
        "Cost Of Revenue": 109905000.0,
        "Total Revenue": 272043000.0,
        "Operating Revenue": 243382000.0
    },
    "2025-06-30": {
        "Tax Effect Of Unusual Items": 9696914.589059,
        "Tax Rate For Calcs": 0.252176,
        "Normalized EBITDA": 50089000.0,
        "Total Unusual Items": 38453000.0,
        "Total Unusual Items Excluding Goodwill": 38453000.0,
        "Net Income From Continuing Operation Net Minority Interest": 42374000.0,
        "Reconciled Depreciation": 2503000.0,
        "Reconciled Cost Of Revenue": 114258000.0,
        "EBITDA": 88542000.0,
        "EBIT": 86039000.0,
        "Net Interest Income": -26873000.0,
        "Interest Expense": 24911000.0,
        "Normalized Income": 13617914.589059,
        "Net Income From Continuing And Discontinued Operation": 42374000.0,
        "Total Expenses": 241111000.0,
        "Rent Expense Supplemental": 3504000.0,
        "Total Operating Income As Reported": 85111000.0,
        "Diluted Average Shares": 39385000.0,
        "Basic Average Shares": 39323000.0,
        "Diluted EPS": 1.08,
        "Basic EPS": 1.08,
        "Diluted NI Availto Com Stockholders": 42374000.0,
        "Net Income Common Stockholders": 42374000.0,
        "Net Income": 42374000.0,
        "Minority Interests": -3339000.0,
        "Net Income Including Noncontrolling Interests": 45713000.0,
        "Net Income Continuous Operations": 45713000.0,
        "Tax Provision": 15415000.0,
        "Pretax Income": 61128000.0,
        "Other Income Expense": 38378000.0,
        "Other Non Operating Income Expenses": -75000.0,
        "Special Income Charges": 38403000.0,
        "Gain On Sale Of Business": 38403000.0,
        "Impairment Of Capital Assets": NaN,
        "Gain On Sale Of Security": 50000.0,
        "Net Non Operating Interest Income Expense": -26873000.0,
        "Total Other Finance Cost": 1962000.0,
        "Interest Expense Non Operating": 24911000.0,
        "Operating Income": 49623000.0,
        "Operating Expense": 126853000.0,
        "Other Operating Expenses": 58221000.0,
        "Depreciation Amortization Depletion Income Statement": 2503000.0,
        "Depreciation And Amortization In Income Statement": 2503000.0,
        "Selling General And Administration": 66129000.0,
        "General And Administrative Expense": 66129000.0,
        "Other Gand A": 62625000.0,
        "Rent And Landing Fees": 3504000.0,
        "Gross Profit": 176476000.0,
        "Cost Of Revenue": 114258000.0,
        "Total Revenue": 290734000.0,
        "Operating Revenue": 253980000.0
    }
}