{
    "2023-03-31": {
        "Tax Effect Of Unusual Items": NaN,
        "Tax Rate For Calcs": NaN,
        "Normalized EBITDA": NaN,
        "Total Unusual Items": NaN,
        "Total Unusual Items Excluding Goodwill": NaN,
        "Net Income From Continuing Operation Net Minority Interest": NaN,
        "Reconciled Depreciation": NaN,
        "Reconciled Cost Of Revenue": NaN,
        "EBITDA": NaN,
        "EBIT": NaN,
        "Net Interest Income": NaN,
        "Interest Expense": NaN,
        "Interest Income": 720000.0,
        "Normalized Income": NaN,
        "Net Income From Continuing And Discontinued Operation": NaN,
        "Total Expenses": NaN,
        "Total Operating Income As Reported": NaN,
        "Diluted Average Shares": NaN,
        "Basic Average Shares": NaN,
        "Diluted EPS": NaN,
        "Basic EPS": NaN,
        "Diluted NI Availto Com Stockholders": NaN,
        "Net Income Common Stockholders": NaN,
        "Net Income": NaN,
        "Net Income Including Noncontrolling Interests": NaN,
        "Net Income Continuous Operations": NaN,
        "Tax Provision": NaN,
        "Pretax Income": NaN,
        "Other Income Expense": NaN,
        "Other Non Operating Income Expenses": NaN,
        "Special Income Charges": NaN,
        "Gain On Sale Of Business": 0.0,
        "Other Special Charges": NaN,
        "Impairment Of Capital Assets": NaN,
        "Restructuring And Mergern Acquisition": NaN,
        "Gain On Sale Of Security": NaN,
        "Net Non Operating Interest Income Expense": NaN,
        "Interest Expense Non Operating": NaN,
        "Interest Income Non Operating": 720000.0,
        "Operating Income": NaN,
        "Operating Expense": NaN,
        "Provision For Doubtful Accounts": NaN,
        "Research And Development": NaN,
        "Selling General And Administration": NaN,
        "Selling And Marketing Expense": NaN,
        "General And Administrative Expense": NaN,
        "Other Gand A": NaN,
        "Gross Profit": NaN,
        "Cost Of Revenue": NaN,
        "Total Revenue": NaN,
        "Operating Revenue": NaN
    },
    "2022-12-31": {
        "Tax Effect Of Unusual Items": NaN,
        "Tax Rate For Calcs": NaN,
        "Normalized EBITDA": NaN,
        "Total Unusual Items": NaN,
        "Total Unusual Items Excluding Goodwill": NaN,
        "Net Income From Continuing Operation Net Minority Interest": NaN,
        "Reconciled Depreciation": NaN,
        "Reconciled Cost Of Revenue": NaN,
        "EBITDA": NaN,
        "EBIT": NaN,
        "Net Interest Income": NaN,
        "Interest Expense": NaN,
        "Interest Income": NaN,
        "Normalized Income": NaN,
        "Net Income From Continuing And Discontinued Operation": NaN,
        "Total Expenses": NaN,
        "Total Operating Income As Reported": NaN,
        "Diluted Average Shares": NaN,
        "Basic Average Shares": NaN,
        "Diluted EPS": NaN,
        "Basic EPS": NaN,
        "Diluted NI Availto Com Stockholders": NaN,
        "Average Dilution Earnings": 0.0,
        "Net Income Common Stockholders": NaN,
        "Net Income": NaN,
        "Net Income Including Noncontrolling Interests": NaN,
        "Net Income Continuous Operations": NaN,
        "Tax Provision": NaN,
        "Pretax Income": NaN,
        "Other Income Expense": NaN,
        "Other Non Operating Income Expenses": NaN,
        "Special Income Charges": NaN,
        "Gain On Sale Of Business": NaN,
        "Other Special Charges": NaN,
        "Impairment Of Capital Assets": NaN,
        "Restructuring And Mergern Acquisition": NaN,
        "Gain On Sale Of Security": NaN,
        "Net Non Operating Interest Income Expense": NaN,
        "Interest Expense Non Operating": NaN,
        "Interest Income Non Operating": NaN,
        "Operating Income": NaN,
        "Operating Expense": NaN,
        "Provision For Doubtful Accounts": NaN,
        "Research And Development": NaN,
        "Selling General And Administration": NaN,
        "Selling And Marketing Expense": NaN,
        "General And Administrative Expense": NaN,
        "Other Gand A": NaN,
        "Gross Profit": NaN,
        "Cost Of Revenue": NaN,
        "Total Revenue": NaN,
        "Operating Revenue": NaN
    },
    "2022-09-30": {
        "Tax Effect Of Unusual Items": NaN,
        "Tax Rate For Calcs": NaN,
        "Normalized EBITDA": NaN,
        "Total Unusual Items": NaN,
        "Total Unusual Items Excluding Goodwill": NaN,
        "Net Income From Continuing Operation Net Minority Interest": NaN,
        "Reconciled Depreciation": NaN,
        "Reconciled Cost Of Revenue": NaN,
        "EBITDA": NaN,
        "EBIT": NaN,
        "Net Interest Income": NaN,
        "Interest Expense": NaN,
        "Interest Income": NaN,
        "Normalized Income": NaN,
        "Net Income From Continuing And Discontinued Operation": NaN,
        "Total Expenses": NaN,
        "Total Operating Income As Reported": NaN,
        "Diluted Average Shares": NaN,
        "Basic Average Shares": NaN,
        "Diluted EPS": NaN,
        "Basic EPS": NaN,
        "Diluted NI Availto Com Stockholders": NaN,
        "Average Dilution Earnings": 0.0,
        "Net Income Common Stockholders": NaN,
        "Net Income": NaN,
        "Net Income Including Noncontrolling Interests": NaN,
        "Net Income Continuous Operations": NaN,
        "Tax Provision": NaN,
        "Pretax Income": NaN,
        "Other Income Expense": NaN,
        "Other Non Operating Income Expenses": NaN,
        "Special Income Charges": NaN,
        "Gain On Sale Of Business": NaN,
        "Other Special Charges": NaN,
        "Impairment Of Capital Assets": NaN,
        "Restructuring And Mergern Acquisition": NaN,
        "Gain On Sale Of Security": NaN,
        "Net Non Operating Interest Income Expense": NaN,
        "Interest Expense Non Operating": NaN,
        "Interest Income Non Operating": NaN,
        "Operating Income": NaN,
        "Operating Expense": NaN,
        "Provision For Doubtful Accounts": 174000.0,
        "Research And Development": NaN,
        "Selling General And Administration": NaN,
        "Selling And Marketing Expense": NaN,
        "General And Administrative Expense": NaN,
        "Other Gand A": NaN,
        "Gross Profit": NaN,
        "Cost Of Revenue": NaN,
        "Total Revenue": NaN,
        "Operating Revenue": NaN
    },
    "2022-06-30": {
        "Tax Effect Of Unusual Items": 2763200.0,
        "Tax Rate For Calcs": 0.4,
        "Normalized EBITDA": -24521000.0,
        "Total Unusual Items": 6908000.0,
        "Total Unusual Items Excluding Goodwill": 6908000.0,
        "Net Income From Continuing Operation Net Minority Interest": -26377000.0,
        "Reconciled Depreciation": 6438000.0,
        "Reconciled Cost Of Revenue": 28558000.0,
        "EBITDA": -17613000.0,
        "EBIT": -24051000.0,
        "Net Interest Income": -1858000.0,
        "Interest Expense": 1858000.0,
        "Normalized Income": -30521800.0,
        "Net Income From Continuing And Discontinued Operation": -26377000.0,
        "Total Expenses": 101566000.0,
        "Total Operating Income As Reported": -30797000.0,
        "Diluted Average Shares": 97142163.0,
        "Basic Average Shares": 97142163.0,
        "Diluted EPS": -0.28,
        "Basic EPS": -0.28,
        "Diluted NI Availto Com Stockholders": -26377000.0,
        "Average Dilution Earnings": NaN,
        "Net Income Common Stockholders": -26377000.0,
        "Net Income": -26377000.0,
        "Net Income Including Noncontrolling Interests": -26377000.0,
        "Net Income Continuous Operations": -26377000.0,
        "Tax Provision": 468000.0,
        "Pretax Income": -25909000.0,
        "Other Income Expense": 6746000.0,
        "Other Non Operating Income Expenses": -162000.0,
        "Special Income Charges": 2587000.0,
        "Other Special Charges": NaN,
        "Impairment Of Capital Assets": NaN,
        "Restructuring And Mergern Acquisition": -2587000.0,
        "Gain On Sale Of Security": 4321000.0,
        "Net Non Operating Interest Income Expense": -1858000.0,
        "Interest Expense Non Operating": 1858000.0,
        "Operating Income": -30797000.0,
        "Operating Expense": 73008000.0,
        "Provision For Doubtful Accounts": NaN,
        "Research And Development": 15777000.0,
        "Selling General And Administration": 57231000.0,
        "Selling And Marketing Expense": 28826000.0,
        "General And Administrative Expense": 28405000.0,
        "Other Gand A": 28405000.0,
        "Gross Profit": 42211000.0,
        "Cost Of Revenue": 28558000.0,
        "Total Revenue": 70769000.0,
        "Operating Revenue": 70769000.0
    },
    "2022-03-31": {
        "Diluted EPS": -0.1,
        "Total Revenue": 64,
        "Gross Profit": 38,
        "Operating Income": -29,
        "EBIT": -21,
        "Net Income": -9
    },
    "2021-12-31": {
        "Diluted EPS": -0.13,
        "Total Revenue": 52,
        "Gross Profit": 37,
        "Operating Income": -18,
        "EBIT": -13,
        "Net Income": -20
    },
    "2021-09-30": {
        "Diluted EPS": -0.08,
        "Total Revenue": 63,
        "Gross Profit": 44,
        "Operating Income": -13,
        "EBIT": -7,
        "Net Income": -5
    },
    "2021-06-30": {
        "Diluted EPS": -0.17,
        "Total Revenue": 51,
        "Gross Profit": 32,
        "Operating Income": -23,
        "EBIT": -18,
        "Net Income": -16
    },
    "2021-03-31": {
        "Diluted EPS": -0.76,
        "Total Revenue": 27,
        "Gross Profit": 21,
        "Operating Income": -30,
        "EBIT": -27,
        "Net Income": -65
    },
    "2020-12-31": {
        "Diluted EPS": -1.07,
        "Total Revenue": 19,
        "Gross Profit": 14,
        "Operating Income": -20,
        "EBIT": -18,
        "Net Income": -38
    },
    "2020-09-30": {
        "Diluted EPS": -0.25,
        "Total Revenue": 22,
        "Gross Profit": 16,
        "Operating Income": -4,
        "EBIT": -2,
        "Net Income": -9
    },
    "2020-06-30": {
        "Diluted EPS": -0.18,
        "Total Revenue": 17,
        "Gross Profit": 13,
        "Operating Income": -5,
        "EBIT": -3,
        "Net Income": -6
    },
    "2020-03-31": {
        "Diluted EPS": -0.53,
        "Total Revenue": 15,
        "Gross Profit": 11,
        "Operating Income": -13,
        "EBIT": -12,
        "Net Income": -18
    },
    "2019-12-31": {
        "Diluted EPS": 0.0,
        "Total Revenue": NaN,
        "Gross Profit": NaN,
        "Operating Income": NaN,
        "EBIT": NaN,
        "Net Income": NaN
    },
    "2019-09-30": {
        "Diluted EPS": 0.0,
        "Total Revenue": NaN,
        "Gross Profit": NaN,
        "Operating Income": NaN,
        "EBIT": NaN,
        "Net Income": NaN
    },
    "2023-06-30": {
        "Tax Effect Of Unusual Items": NaN,
        "Tax Rate For Calcs": NaN,
        "Normalized EBITDA": NaN,
        "Total Unusual Items": NaN,
        "Total Unusual Items Excluding Goodwill": NaN,
        "Net Income From Continuing Operation Net Minority Interest": NaN,
        "Reconciled Depreciation": NaN,
        "Reconciled Cost Of Revenue": NaN,
        "EBITDA": NaN,
        "EBIT": NaN,
        "Net Interest Income": NaN,
        "Interest Expense": NaN,
        "Interest Income": 1377000.0,
        "Normalized Income": NaN,
        "Net Income From Continuing And Discontinued Operation": NaN,
        "Total Expenses": NaN,
        "Total Operating Income As Reported": NaN,
        "Diluted Average Shares": NaN,
        "Basic Average Shares": NaN,
        "Diluted EPS": NaN,
        "Basic EPS": NaN,
        "Diluted NI Availto Com Stockholders": NaN,
        "Net Income Common Stockholders": NaN,
        "Net Income": NaN,
        "Net Income Including Noncontrolling Interests": NaN,
        "Net Income Continuous Operations": NaN,
        "Tax Provision": NaN,
        "Pretax Income": NaN,
        "Other Income Expense": NaN,
        "Other Non Operating Income Expenses": NaN,
        "Special Income Charges": NaN,
        "Gain On Sale Of Business": 0.0,
        "Other Special Charges": -81354000.0,
        "Impairment Of Capital Assets": NaN,
        "Restructuring And Mergern Acquisition": NaN,
        "Gain On Sale Of Security": NaN,
        "Net Non Operating Interest Income Expense": NaN,
        "Interest Expense Non Operating": NaN,
        "Interest Income Non Operating": 1377000.0,
        "Operating Income": NaN,
        "Operating Expense": NaN,
        "Provision For Doubtful Accounts": 48718000.0,
        "Research And Development": NaN,
        "Selling General And Administration": NaN,
        "Selling And Marketing Expense": NaN,
        "General And Administrative Expense": NaN,
        "Other Gand A": NaN,
        "Gross Profit": NaN,
        "Cost Of Revenue": NaN,
        "Total Revenue": NaN,
        "Operating Revenue": NaN
    },
    "2023-09-30": {
        "Tax Effect Of Unusual Items": NaN,
        "Tax Rate For Calcs": NaN,
        "Normalized EBITDA": NaN,
        "Total Unusual Items": NaN,
        "Total Unusual Items Excluding Goodwill": NaN,
        "Net Income From Continuing Operation Net Minority Interest": NaN,
        "Reconciled Depreciation": NaN,
        "Reconciled Cost Of Revenue": NaN,
        "EBITDA": NaN,
        "EBIT": NaN,
        "Net Interest Income": NaN,
        "Interest Expense": NaN,
        "Interest Income": NaN,
        "Normalized Income": NaN,
        "Net Income From Continuing And Discontinued Operation": NaN,
        "Total Expenses": NaN,
        "Total Operating Income As Reported": NaN,
        "Diluted Average Shares": NaN,
        "Basic Average Shares": NaN,
        "Diluted EPS": NaN,
        "Basic EPS": NaN,
        "Diluted NI Availto Com Stockholders": NaN,
        "Average Dilution Earnings": NaN,
        "Net Income Common Stockholders": NaN,
        "Net Income": NaN,
        "Minority Interests": NaN,
        "Net Income Including Noncontrolling Interests": NaN,
        "Net Income Continuous Operations": NaN,
        "Tax Provision": NaN,
        "Pretax Income": NaN,
        "Other Income Expense": NaN,
        "Other Non Operating Income Expenses": NaN,
        "Special Income Charges": NaN,
        "Gain On Sale Of Business": NaN,
        "Other Special Charges": NaN,
        "Impairment Of Capital Assets": NaN,
        "Restructuring And Mergern Acquisition": NaN,
        "Gain On Sale Of Security": NaN,
        "Net Non Operating Interest Income Expense": NaN,
        "Interest Expense Non Operating": NaN,
        "Interest Income Non Operating": NaN,
        "Operating Income": NaN,
        "Operating Expense": NaN,
        "Provision For Doubtful Accounts": -6844000.0,
        "Research And Development": NaN,
        "Selling General And Administration": NaN,
        "Selling And Marketing Expense": NaN,
        "General And Administrative Expense": NaN,
        "Other Gand A": NaN,
        "Gross Profit": NaN,
        "Cost Of Revenue": NaN,
        "Total Revenue": NaN,
        "Operating Revenue": NaN
    },
    "2023-12-31": {
        "Tax Effect Of Unusual Items": NaN,
        "Tax Rate For Calcs": NaN,
        "Normalized EBITDA": NaN,
        "Total Unusual Items": NaN,
        "Total Unusual Items Excluding Goodwill": NaN,
        "Net Income From Continuing Operation Net Minority Interest": NaN,
        "Reconciled Depreciation": NaN,
        "Reconciled Cost Of Revenue": NaN,
        "EBITDA": NaN,
        "EBIT": NaN,
        "Net Interest Income": NaN,
        "Interest Expense": NaN,
        "Interest Income": NaN,
        "Normalized Income": NaN,
        "Net Income From Continuing And Discontinued Operation": NaN,
        "Total Expenses": NaN,
        "Total Operating Income As Reported": NaN,
        "Diluted Average Shares": NaN,
        "Basic Average Shares": NaN,
        "Diluted EPS": NaN,
        "Basic EPS": NaN,
        "Diluted NI Availto Com Stockholders": NaN,
        "Average Dilution Earnings": NaN,
        "Net Income Common Stockholders": NaN,
        "Net Income": NaN,
        "Minority Interests": NaN,
        "Net Income Including Noncontrolling Interests": NaN,
        "Net Income Continuous Operations": NaN,
        "Tax Provision": NaN,
        "Pretax Income": NaN,
        "Other Income Expense": NaN,
        "Other Non Operating Income Expenses": NaN,
        "Special Income Charges": NaN,
        "Gain On Sale Of Business": NaN,
        "Other Special Charges": NaN,
        "Impairment Of Capital Assets": 0.0,
        "Restructuring And Mergern Acquisition": NaN,
        "Gain On Sale Of Security": NaN,
        "Net Non Operating Interest Income Expense": NaN,
        "Interest Expense Non Operating": NaN,
        "Interest Income Non Operating": NaN,
        "Operating Income": NaN,
        "Operating Expense": NaN,
        "Provision For Doubtful Accounts": -4931000.0,
        "Research And Development": NaN,
        "Selling General And Administration": NaN,
        "Selling And Marketing Expense": NaN,
        "General And Administrative Expense": NaN,
        "Other Gand A": NaN,
        "Gross Profit": NaN,
        "Cost Of Revenue": NaN,
        "Total Revenue": NaN,
        "Operating Revenue": NaN
    },
    "2024-03-31": {
        "Tax Effect Of Unusual Items": NaN,
        "Tax Rate For Calcs": NaN,
        "Normalized EBITDA": NaN,
        "Total Unusual Items": NaN,
        "Total Unusual Items Excluding Goodwill": NaN,
        "Net Income From Continuing Operation Net Minority Interest": NaN,
        "Reconciled Depreciation": NaN,
        "Reconciled Cost Of Revenue": NaN,
        "EBITDA": NaN,
        "EBIT": NaN,
        "Net Interest Income": NaN,
        "Interest Expense": NaN,
        "Interest Income": NaN,
        "Normalized Income": NaN,
        "Net Income From Continuing And Discontinued Operation": NaN,
        "Total Expenses": NaN,
        "Total Operating Income As Reported": NaN,
        "Diluted Average Shares": NaN,
        "Basic Average Shares": NaN,
        "Diluted EPS": NaN,
        "Basic EPS": NaN,
        "Diluted NI Availto Com Stockholders": NaN,
        "Average Dilution Earnings": 0.0,
        "Net Income Common Stockholders": NaN,
        "Net Income": NaN,
        "Minority Interests": 0.0,
        "Net Income Including Noncontrolling Interests": NaN,
        "Net Income Continuous Operations": NaN,
        "Tax Provision": NaN,
        "Pretax Income": NaN,
        "Other Income Expense": NaN,
        "Other Non Operating Income Expenses": NaN,
        "Special Income Charges": NaN,
        "Gain On Sale Of Business": NaN,
        "Other Special Charges": NaN,
        "Impairment Of Capital Assets": 0.0,
        "Restructuring And Mergern Acquisition": NaN,
        "Gain On Sale Of Security": NaN,
        "Net Non Operating Interest Income Expense": NaN,
        "Interest Expense Non Operating": NaN,
        "Interest Income Non Operating": NaN,
        "Operating Income": NaN,
        "Operating Expense": NaN,
        "Provision For Doubtful Accounts": NaN,
        "Research And Development": NaN,
        "Selling General And Administration": NaN,
        "Selling And Marketing Expense": NaN,
        "General And Administrative Expense": NaN,
        "Other Gand A": NaN,
        "Gross Profit": NaN,
        "Cost Of Revenue": NaN,
        "Total Revenue": NaN,
        "Operating Revenue": NaN
    },
    "2024-06-30": {
        "Tax Effect Of Unusual Items": NaN,
        "Tax Rate For Calcs": NaN,
        "Normalized EBITDA": NaN,
        "Total Unusual Items": NaN,
        "Total Unusual Items Excluding Goodwill": NaN,
        "Net Income From Continuing Operation Net Minority Interest": NaN,
        "Reconciled Depreciation": NaN,
        "Reconciled Cost Of Revenue": NaN,
        "EBITDA": NaN,
        "EBIT": NaN,
        "Net Interest Income": NaN,
        "Interest Expense": NaN,
        "Interest Income": NaN,
        "Normalized Income": NaN,
        "Net Income From Continuing And Discontinued Operation": NaN,
        "Total Expenses": NaN,
        "Total Operating Income As Reported": NaN,
        "Diluted Average Shares": NaN,
        "Basic Average Shares": NaN,
        "Diluted EPS": NaN,
        "Basic EPS": NaN,
        "Diluted NI Availto Com Stockholders": NaN,
        "Average Dilution Earnings": 0.0,
        "Net Income Common Stockholders": NaN,
        "Net Income": NaN,
        "Minority Interests": 0.0,
        "Net Income Including Noncontrolling Interests": NaN,
        "Net Income Continuous Operations": NaN,
        "Tax Provision": NaN,
        "Pretax Income": NaN,
        "Other Income Expense": NaN,
        "Other Non Operating Income Expenses": NaN,
        "Special Income Charges": NaN,
        "Gain On Sale Of Business": NaN,
        "Other Special Charges": NaN,
        "Impairment Of Capital Assets": 0.0,
        "Restructuring And Mergern Acquisition": NaN,
        "Gain On Sale Of Security": NaN,
        "Net Non Operating Interest Income Expense": NaN,
        "Interest Expense Non Operating": NaN,
        "Interest Income Non Operating": NaN,
        "Operating Income": NaN,
        "Operating Expense": NaN,
        "Provision For Doubtful Accounts": -622000.0,
        "Research And Development": NaN,
        "Selling General And Administration": NaN,
        "Selling And Marketing Expense": NaN,
        "General And Administrative Expense": NaN,
        "Other Gand A": NaN,
        "Gross Profit": NaN,
        "Cost Of Revenue": NaN,
        "Total Revenue": NaN,
        "Operating Revenue": NaN
    },
    "2024-09-30": {
        "Tax Effect Of Unusual Items": 5587680.0,
        "Tax Rate For Calcs": 0.21,
        "Normalized EBITDA": 4285000.0,
        "Total Unusual Items": 26608000.0,
        "Total Unusual Items Excluding Goodwill": 26608000.0,
        "Net Income From Continuing Operation Net Minority Interest": 14382000.0,
        "Reconciled Depreciation": 6049000.0,
        "Reconciled Cost Of Revenue": 47076000.0,
        "EBITDA": 30893000.0,
        "EBIT": 24844000.0,
        "Net Interest Income": -10153000.0,
        "Interest Expense": 10645000.0,
        "Interest Income": 492000.0,
        "Normalized Income": -6638320.0,
        "Net Income From Continuing And Discontinued Operation": 14382000.0,
        "Total Expenses": 113704000.0,
        "Total Operating Income As Reported": -2504000.0,
        "Diluted Average Shares": 102728571.0,
        "Basic Average Shares": 102728571.0,
        "Diluted EPS": 0.14,
        "Basic EPS": 0.14,
        "Diluted NI Availto Com Stockholders": 14382000.0,
        "Average Dilution Earnings": NaN,
        "Net Income Common Stockholders": 14382000.0,
        "Net Income": 14382000.0,
        "Minority Interests": NaN,
        "Net Income Including Noncontrolling Interests": 14382000.0,
        "Net Income Continuous Operations": 14382000.0,
        "Tax Provision": -183000.0,
        "Pretax Income": 14199000.0,
        "Other Income Expense": 26856000.0,
        "Other Non Operating Income Expenses": 248000.0,
        "Special Income Charges": 23819000.0,
        "Gain On Sale Of Business": 0.0,
        "Other Special Charges": -23819000.0,
        "Impairment Of Capital Assets": 0.0,
        "Restructuring And Mergern Acquisition": 0.0,
        "Gain On Sale Of Security": 2789000.0,
        "Net Non Operating Interest Income Expense": -10153000.0,
        "Interest Expense Non Operating": 10645000.0,
        "Interest Income Non Operating": 492000.0,
        "Operating Income": -2504000.0,
        "Operating Expense": 66628000.0,
        "Provision For Doubtful Accounts": -39000.0,
        "Research And Development": 14559000.0,
        "Selling General And Administration": 52108000.0,
        "Selling And Marketing Expense": 27233000.0,
        "General And Administrative Expense": 24875000.0,
        "Other Gand A": 24875000.0,
        "Gross Profit": 64124000.0,
        "Cost Of Revenue": 47076000.0,
        "Total Revenue": 111200000.0,
        "Operating Revenue": 111200000.0
    },
    "2024-12-31": {
        "Tax Effect Of Unusual Items": 760413.689357,
        "Tax Rate For Calcs": 0.044942,
        "Normalized EBITDA": 32720000.0,
        "Total Unusual Items": 16920000.0,
        "Total Unusual Items Excluding Goodwill": 16920000.0,
        "Net Income From Continuing Operation Net Minority Interest": 30474000.0,
        "Reconciled Depreciation": 6954000.0,
        "Reconciled Cost Of Revenue": 11061000.0,
        "EBITDA": 49640000.0,
        "EBIT": 42686000.0,
        "Net Interest Income": -10317000.0,
        "Interest Expense": 10778000.0,
        "Interest Income": 461000.0,
        "Normalized Income": 14314413.689357,
        "Net Income From Continuing And Discontinued Operation": 30474000.0,
        "Total Expenses": 75281000.0,
        "Total Operating Income As Reported": 25080000.0,
        "Diluted Average Shares": 101457792.0,
        "Basic Average Shares": 101457792.0,
        "Diluted EPS": 0.300361,
        "Basic EPS": 0.300361,
        "Diluted NI Availto Com Stockholders": 30474000.0,
        "Average Dilution Earnings": NaN,
        "Net Income Common Stockholders": 30474000.0,
        "Net Income": 30474000.0,
        "Minority Interests": NaN,
        "Net Income Including Noncontrolling Interests": 30474000.0,
        "Net Income Continuous Operations": 30474000.0,
        "Tax Provision": 1434000.0,
        "Pretax Income": 31908000.0,
        "Other Income Expense": 17145000.0,
        "Other Non Operating Income Expenses": 225000.0,
        "Special Income Charges": 924000.0,
        "Gain On Sale Of Business": 0.0,
        "Other Special Charges": -924000.0,
        "Impairment Of Capital Assets": 0.0,
        "Restructuring And Mergern Acquisition": 0.0,
        "Gain On Sale Of Security": 15996000.0,
        "Net Non Operating Interest Income Expense": -10317000.0,
        "Interest Expense Non Operating": 10778000.0,
        "Interest Income Non Operating": 461000.0,
        "Operating Income": 25080000.0,
        "Operating Expense": 64220000.0,
        "Provision For Doubtful Accounts": 759000.0,
        "Research And Development": 12064000.0,
        "Selling General And Administration": 51397000.0,
        "Selling And Marketing Expense": 28495000.0,
        "General And Administrative Expense": 22902000.0,
        "Other Gand A": 22902000.0,
        "Gross Profit": 89300000.0,
        "Cost Of Revenue": 11061000.0,
        "Total Revenue": 100361000.0,
        "Operating Revenue": 100361000.0
    },
    "2025-03-31": {
        "Tax Effect Of Unusual Items": 3271125.0,
        "Tax Rate For Calcs": 0.195,
        "Normalized EBITDA": 5095000.0,
        "Total Unusual Items": 16775000.0,
        "Total Unusual Items Excluding Goodwill": 16775000.0,
        "Net Income From Continuing Operation Net Minority Interest": 8395000.0,
        "Reconciled Depreciation": 5985000.0,
        "Reconciled Cost Of Revenue": 39297000.0,
        "EBITDA": 21870000.0,
        "EBIT": 15885000.0,
        "Net Interest Income": -10828000.0,
        "Interest Expense": 11246000.0,
        "Interest Income": 418000.0,
        "Normalized Income": -5108875.0,
        "Net Income From Continuing And Discontinued Operation": 8395000.0,
        "Total Expenses": 106011000.0,
        "Total Operating Income As Reported": -1266000.0,
        "Diluted Average Shares": 101703000.0,
        "Basic Average Shares": 101703000.0,
        "Diluted EPS": 0.08,
        "Basic EPS": 0.08,
        "Diluted NI Availto Com Stockholders": 8395000.0,
        "Average Dilution Earnings": 0.0,
        "Net Income Common Stockholders": 8395000.0,
        "Net Income": 8395000.0,
        "Minority Interests": 4659000.0,
        "Net Income Including Noncontrolling Interests": 3736000.0,
        "Net Income Continuous Operations": 3736000.0,
        "Tax Provision": 903000.0,
        "Pretax Income": 4639000.0,
        "Other Income Expense": 16733000.0,
        "Other Non Operating Income Expenses": -42000.0,
        "Special Income Charges": 8024000.0,
        "Gain On Sale Of Business": 0.0,
        "Other Special Charges": -8024000.0,
        "Impairment Of Capital Assets": NaN,
        "Restructuring And Mergern Acquisition": 0.0,
        "Gain On Sale Of Security": 8751000.0,
        "Net Non Operating Interest Income Expense": -10828000.0,
        "Interest Expense Non Operating": 11246000.0,
        "Interest Income Non Operating": 418000.0,
        "Operating Income": -1266000.0,
        "Operating Expense": 66714000.0,
        "Provision For Doubtful Accounts": NaN,
        "Research And Development": 13201000.0,
        "Selling General And Administration": 53513000.0,
        "Selling And Marketing Expense": 29516000.0,
        "General And Administrative Expense": 23997000.0,
        "Other Gand A": 23997000.0,
        "Gross Profit": 65448000.0,
        "Cost Of Revenue": 39297000.0,
        "Total Revenue": 104745000.0,
        "Operating Revenue": 104745000.0
    },
    "2025-06-30": {
        "Tax Effect Of Unusual Items": 2855790.0,
        "Tax Rate For Calcs": 0.21,
        "Normalized EBITDA": 11043000.0,
        "Total Unusual Items": 13599000.0,
        "Total Unusual Items Excluding Goodwill": 13599000.0,
        "Net Income From Continuing Operation Net Minority Interest": 2579000.0,
        "Reconciled Depreciation": 5426000.0,
        "Reconciled Cost Of Revenue": 43422000.0,
        "EBITDA": 24642000.0,
        "EBIT": 19216000.0,
        "Net Interest Income": -11660000.0,
        "Interest Expense": 12056000.0,
        "Interest Income": 396000.0,
        "Normalized Income": -8164210.0,
        "Net Income From Continuing And Discontinued Operation": 2579000.0,
        "Total Expenses": 114246000.0,
        "Total Operating Income As Reported": 5049000.0,
        "Diluted Average Shares": 131679000.0,
        "Basic Average Shares": 103160000.0,
        "Diluted EPS": 0.0,
        "Basic EPS": 0.03,
        "Diluted NI Availto Com Stockholders": 465000.0,
        "Average Dilution Earnings": -2114000.0,
        "Net Income Common Stockholders": 2579000.0,
        "Net Income": 2579000.0,
        "Minority Interests": -5668000.0,
        "Net Income Including Noncontrolling Interests": 8247000.0,
        "Net Income Continuous Operations": 8247000.0,
        "Tax Provision": -1087000.0,
        "Pretax Income": 7160000.0,
        "Other Income Expense": 13771000.0,
        "Other Non Operating Income Expenses": 172000.0,
        "Special Income Charges": 959000.0,
        "Gain On Sale Of Business": 0.0,
        "Other Special Charges": -959000.0,
        "Impairment Of Capital Assets": NaN,
        "Restructuring And Mergern Acquisition": 0.0,
        "Gain On Sale Of Security": 12640000.0,
        "Net Non Operating Interest Income Expense": -11660000.0,
        "Interest Expense Non Operating": 12056000.0,
        "Interest Income Non Operating": 396000.0,
        "Operating Income": 5049000.0,
        "Operating Expense": 70824000.0,
        "Provision For Doubtful Accounts": NaN,
        "Research And Development": 13076000.0,
        "Selling General And Administration": 57748000.0,
        "Selling And Marketing Expense": 26858000.0,
        "General And Administrative Expense": 30890000.0,
        "Other Gand A": 30890000.0,
        "Gross Profit": 75873000.0,
        "Cost Of Revenue": 43422000.0,
        "Total Revenue": 119295000.0,
        "Operating Revenue": 119295000.0
    },
    "2025-09-30": {
        "Tax Effect Of Unusual Items": 74970.0,
        "Tax Rate For Calcs": 0.21,
        "Normalized EBITDA": 22818000.0,
        "Total Unusual Items": 357000.0,
        "Total Unusual Items Excluding Goodwill": 357000.0,
        "Net Income From Continuing Operation Net Minority Interest": -10857000.0,
        "Reconciled Depreciation": 5872000.0,
        "Reconciled Cost Of Revenue": 31135000.0,
        "EBITDA": 23175000.0,
        "EBIT": 17303000.0,
        "Net Interest Income": -13530000.0,
        "Interest Expense": 13963000.0,
        "Interest Income": 433000.0,
        "Normalized Income": -11139030.0,
        "Net Income From Continuing And Discontinued Operation": -10857000.0,
        "Total Expenses": 101747000.0,
        "Total Operating Income As Reported": 16335000.0,
        "Diluted Average Shares": 104301000.0,
        "Basic Average Shares": 104301000.0,
        "Diluted EPS": -0.1,
        "Basic EPS": -0.1,
        "Diluted NI Availto Com Stockholders": -10857000.0,
        "Average Dilution Earnings": NaN,
        "Net Income Common Stockholders": -10857000.0,
        "Net Income": -10857000.0,
        "Minority Interests": -9875000.0,
        "Net Income Including Noncontrolling Interests": -982000.0,
        "Net Income Continuous Operations": -982000.0,
        "Tax Provision": 4322000.0,
        "Pretax Income": 3340000.0,
        "Other Income Expense": 535000.0,
        "Other Non Operating Income Expenses": 178000.0,
        "Special Income Charges": 1285000.0,
        "Gain On Sale Of Business": 0.0,
        "Other Special Charges": -1285000.0,
        "Impairment Of Capital Assets": NaN,
        "Restructuring And Mergern Acquisition": 0.0,
        "Gain On Sale Of Security": -928000.0,
        "Net Non Operating Interest Income Expense": -13530000.0,
        "Interest Expense Non Operating": 13963000.0,
        "Interest Income Non Operating": 433000.0,
        "Operating Income": 16335000.0,
        "Operating Expense": 70612000.0,
        "Provision For Doubtful Accounts": NaN,
        "Research And Development": 13379000.0,
        "Selling General And Administration": 57233000.0,
        "Selling And Marketing Expense": 30180000.0,
        "General And Administrative Expense": 27053000.0,
        "Other Gand A": 27053000.0,
        "Gross Profit": 86947000.0,
        "Cost Of Revenue": 31135000.0,
        "Total Revenue": 118082000.0,
        "Operating Revenue": 118082000.0
    }
}