{
    "2023-03-31": {
        "Tax Effect Of Unusual Items": NaN,
        "Tax Rate For Calcs": NaN,
        "Total Unusual Items": NaN,
        "Total Unusual Items Excluding Goodwill": NaN,
        "Net Income From Continuing Operation Net Minority Interest": NaN,
        "Reconciled Depreciation": NaN,
        "EBIT": NaN,
        "Net Interest Income": NaN,
        "Interest Expense": NaN,
        "Interest Income": NaN,
        "Normalized Income": NaN,
        "Net Income From Continuing And Discontinued Operation": NaN,
        "Total Expenses": NaN,
        "Diluted Average Shares": NaN,
        "Basic Average Shares": NaN,
        "Diluted EPS": NaN,
        "Basic EPS": NaN,
        "Diluted NI Availto Com Stockholders": NaN,
        "Average Dilution Earnings": 1000.0,
        "Net Income Common Stockholders": NaN,
        "Otherunder Preferred Stock Dividend": NaN,
        "Net Income": NaN,
        "Minority Interests": 0.0,
        "Net Income Including Noncontrolling Interests": NaN,
        "Net Income Discontinuous Operations": NaN,
        "Net Income Continuous Operations": NaN,
        "Tax Provision": NaN,
        "Pretax Income": NaN,
        "Other Income Expense": NaN,
        "Special Income Charges": NaN,
        "Impairment Of Capital Assets": NaN,
        "Net Non Operating Interest Income Expense": NaN,
        "Interest Expense Non Operating": NaN,
        "Other Operating Expenses": NaN,
        "Total Revenue": NaN,
        "Operating Revenue": NaN,
        "Loss Adjustment Expense": NaN,
        "Net Policyholder Benefits And Claims": NaN
    },
    "2022-12-31": {
        "Tax Effect Of Unusual Items": NaN,
        "Tax Rate For Calcs": NaN,
        "Total Unusual Items": 0.0,
        "Total Unusual Items Excluding Goodwill": 0.0,
        "Net Income From Continuing Operation Net Minority Interest": NaN,
        "Reconciled Depreciation": NaN,
        "EBIT": NaN,
        "Net Interest Income": NaN,
        "Interest Expense": NaN,
        "Interest Income": NaN,
        "Normalized Income": NaN,
        "Net Income From Continuing And Discontinued Operation": NaN,
        "Total Expenses": NaN,
        "Diluted Average Shares": NaN,
        "Basic Average Shares": NaN,
        "Diluted EPS": NaN,
        "Basic EPS": NaN,
        "Diluted NI Availto Com Stockholders": NaN,
        "Average Dilution Earnings": NaN,
        "Net Income Common Stockholders": NaN,
        "Otherunder Preferred Stock Dividend": NaN,
        "Net Income": NaN,
        "Minority Interests": 0.0,
        "Net Income Including Noncontrolling Interests": NaN,
        "Net Income Continuous Operations": NaN,
        "Tax Provision": NaN,
        "Pretax Income": NaN,
        "Other Income Expense": NaN,
        "Special Income Charges": 0.0,
        "Impairment Of Capital Assets": 0.0,
        "Net Non Operating Interest Income Expense": NaN,
        "Interest Expense Non Operating": NaN,
        "Other Operating Expenses": NaN,
        "Total Revenue": NaN,
        "Operating Revenue": NaN,
        "Loss Adjustment Expense": NaN,
        "Net Policyholder Benefits And Claims": NaN
    },
    "2022-09-30": {
        "Tax Effect Of Unusual Items": NaN,
        "Tax Rate For Calcs": NaN,
        "Total Unusual Items": -60000000.0,
        "Total Unusual Items Excluding Goodwill": -60000000.0,
        "Net Income From Continuing Operation Net Minority Interest": NaN,
        "Reconciled Depreciation": NaN,
        "EBIT": NaN,
        "Net Interest Income": NaN,
        "Interest Expense": NaN,
        "Interest Income": NaN,
        "Normalized Income": NaN,
        "Net Income From Continuing And Discontinued Operation": NaN,
        "Total Expenses": NaN,
        "Diluted Average Shares": NaN,
        "Basic Average Shares": NaN,
        "Diluted EPS": NaN,
        "Basic EPS": NaN,
        "Diluted NI Availto Com Stockholders": NaN,
        "Average Dilution Earnings": NaN,
        "Net Income Common Stockholders": NaN,
        "Otherunder Preferred Stock Dividend": NaN,
        "Net Income": NaN,
        "Minority Interests": NaN,
        "Net Income Including Noncontrolling Interests": NaN,
        "Net Income Continuous Operations": NaN,
        "Tax Provision": NaN,
        "Pretax Income": NaN,
        "Other Income Expense": NaN,
        "Special Income Charges": -60000000.0,
        "Impairment Of Capital Assets": 60000000.0,
        "Net Non Operating Interest Income Expense": NaN,
        "Interest Expense Non Operating": NaN,
        "Other Operating Expenses": NaN,
        "Total Revenue": NaN,
        "Operating Revenue": NaN
    },
    "2022-06-30": {
        "Tax Effect Of Unusual Items": 0.0,
        "Tax Rate For Calcs": 0.231,
        "Total Unusual Items": NaN,
        "Total Unusual Items Excluding Goodwill": NaN,
        "Net Income From Continuing Operation Net Minority Interest": 107947000.0,
        "Reconciled Depreciation": 8665000.0,
        "EBIT": 144114000.0,
        "Net Interest Income": -6814000.0,
        "Interest Expense": 6814000.0,
        "Interest Income": -15815000.0,
        "Normalized Income": 107947000.0,
        "Net Income From Continuing And Discontinued Operation": 107947000.0,
        "Total Expenses": 531382000.0,
        "Diluted Average Shares": 38501000.0,
        "Basic Average Shares": 38386000.0,
        "Diluted EPS": 3.31,
        "Basic EPS": 3.32,
        "Diluted NI Availto Com Stockholders": 107947000.0,
        "Average Dilution Earnings": 1000.0,
        "Net Income Common Stockholders": 107947000.0,
        "Otherunder Preferred Stock Dividend": 477000.0,
        "Net Income": 107947000.0,
        "Minority Interests": 2384000.0,
        "Net Income Including Noncontrolling Interests": 105563000.0,
        "Net Income Continuous Operations": 105563000.0,
        "Tax Provision": 31737000.0,
        "Pretax Income": 137300000.0,
        "Other Income Expense": 18756000.0,
        "Special Income Charges": NaN,
        "Impairment Of Capital Assets": NaN,
        "Net Non Operating Interest Income Expense": -6814000.0,
        "Interest Expense Non Operating": 6814000.0,
        "Other Operating Expenses": 79730000.0,
        "Total Revenue": 668682000.0,
        "Operating Revenue": 668682000.0
    },
    "2022-03-31": {
        "Diluted EPS": 2.91,
        "Total Revenue": 691,
        "Gross Profit": 496,
        "Operating Income": 146,
        "EBIT": 226,
        "Net Income": 115
    },
    "2021-12-31": {
        "Diluted EPS": 0.88,
        "Total Revenue": 724,
        "Gross Profit": 499,
        "Operating Income": 66,
        "EBIT": 231,
        "Net Income": 33
    },
    "2021-09-30": {
        "Diluted EPS": 2.82,
        "Total Revenue": 693,
        "Gross Profit": 478,
        "Operating Income": 147,
        "EBIT": 227,
        "Net Income": 112
    },
    "2021-06-30": {
        "Diluted EPS": 3.22,
        "Total Revenue": 655,
        "Gross Profit": 478,
        "Operating Income": 169,
        "EBIT": 238,
        "Net Income": 128
    },
    "2021-03-31": {
        "Diluted EPS": 2.46,
        "Total Revenue": 638,
        "Gross Profit": 445,
        "Operating Income": 128,
        "EBIT": 208,
        "Net Income": 98
    },
    "2020-12-31": {
        "Diluted EPS": 2.5,
        "Total Revenue": 598,
        "Gross Profit": 408,
        "Operating Income": 132,
        "EBIT": 197,
        "Net Income": 99
    },
    "2020-09-30": {
        "Diluted EPS": 2.81,
        "Total Revenue": 568,
        "Gross Profit": 399,
        "Operating Income": 146,
        "EBIT": 206,
        "Net Income": 112
    },
    "2020-06-30": {
        "Diluted EPS": 2.51,
        "Total Revenue": 526,
        "Gross Profit": 380,
        "Operating Income": 134,
        "EBIT": 199,
        "Net Income": 101
    },
    "2020-03-31": {
        "Diluted EPS": 1.75,
        "Total Revenue": 525,
        "Gross Profit": 383,
        "Operating Income": 95,
        "EBIT": 176,
        "Net Income": 72
    },
    "2019-12-31": {
        "Diluted EPS": 2.23,
        "Total Revenue": 532,
        "Gross Profit": 398,
        "Operating Income": 122,
        "EBIT": 201,
        "Net Income": 92
    },
    "2019-09-30": {
        "Diluted EPS": 2.28,
        "Total Revenue": 521,
        "Gross Profit": 385,
        "Operating Income": 125,
        "EBIT": 201,
        "Net Income": 96
    },
    "2019-06-30": {
        "Diluted EPS": 2.28,
        "Total Revenue": 505,
        "Gross Profit": 384,
        "Operating Income": 127,
        "EBIT": 197,
        "Net Income": 97
    },
    "2019-03-31": {
        "Diluted EPS": 1.83,
        "Total Revenue": 495,
        "Gross Profit": 367,
        "Operating Income": 102,
        "EBIT": 178,
        "Net Income": 79
    },
    "2018-12-31": {
        "Diluted EPS": 1.98,
        "Total Revenue": 487,
        "Gross Profit": 365,
        "Operating Income": 108,
        "EBIT": 184,
        "Net Income": 85
    },
    "2018-09-30": {
        "Diluted EPS": 1.94,
        "Total Revenue": 485,
        "Gross Profit": 359,
        "Operating Income": 111,
        "EBIT": 181,
        "Net Income": 85
    },
    "2018-06-30": {
        "Diluted EPS": 1.95,
        "Total Revenue": 468,
        "Gross Profit": 356,
        "Operating Income": 114,
        "EBIT": 177,
        "Net Income": 87
    },
    "2018-03-31": {
        "Diluted EPS": 1.46,
        "Total Revenue": 460,
        "Gross Profit": 337,
        "Operating Income": 83,
        "EBIT": 153,
        "Net Income": 66
    },
    "2017-12-31": {
        "Diluted EPS": 3.68,
        "Total Revenue": 443,
        "Gross Profit": 329,
        "Operating Income": 108,
        "EBIT": 174,
        "Net Income": 168
    },
    "2017-09-30": {
        "Diluted EPS": 1.46,
        "Total Revenue": 427,
        "Gross Profit": 316,
        "Operating Income": 100,
        "EBIT": 164,
        "Net Income": 67
    },
    "2017-06-30": {
        "Diluted EPS": 1.36,
        "Total Revenue": 414,
        "Gross Profit": 309,
        "Operating Income": 96,
        "EBIT": 155,
        "Net Income": 63
    },
    "2017-03-31": {
        "Diluted EPS": 1.11,
        "Total Revenue": 405,
        "Gross Profit": 298,
        "Operating Income": 75,
        "EBIT": 137,
        "Net Income": 52
    },
    "2016-12-31": {
        "Diluted EPS": 1.22,
        "Total Revenue": 394,
        "Gross Profit": 295,
        "Operating Income": 87,
        "EBIT": 151,
        "Net Income": 57
    },
    "2016-09-30": {
        "Diluted EPS": 1.22,
        "Total Revenue": 384,
        "Gross Profit": 286,
        "Operating Income": 88,
        "EBIT": 144,
        "Net Income": 58
    },
    "2016-06-30": {
        "Diluted EPS": 1.23,
        "Total Revenue": 379,
        "Gross Profit": 286,
        "Operating Income": 92,
        "EBIT": 142,
        "Net Income": 59
    },
    "2016-03-31": {
        "Diluted EPS": 0.92,
        "Total Revenue": 363,
        "Gross Profit": 267,
        "Operating Income": 70,
        "EBIT": 123,
        "Net Income": 45
    },
    "2015-12-31": {
        "Diluted EPS": 0.96,
        "Total Revenue": 353,
        "Gross Profit": 263,
        "Operating Income": 72,
        "EBIT": 127,
        "Net Income": 47
    },
    "2015-09-30": {
        "Diluted EPS": 0.98,
        "Total Revenue": 356,
        "Gross Profit": 262,
        "Operating Income": 75,
        "EBIT": 127,
        "Net Income": 49
    },
    "2015-06-30": {
        "Diluted EPS": 0.94,
        "Total Revenue": 351,
        "Gross Profit": 264,
        "Operating Income": 77,
        "EBIT": 124,
        "Net Income": 49
    },
    "2015-03-31": {
        "Diluted EPS": 0.82,
        "Total Revenue": 345,
        "Gross Profit": 259,
        "Operating Income": 67,
        "EBIT": 114,
        "Net Income": 43
    },
    "2014-12-31": {
        "Diluted EPS": 0.84,
        "Total Revenue": 343,
        "Gross Profit": 257,
        "Operating Income": 69,
        "EBIT": 118,
        "Net Income": 43
    },
    "2014-09-30": {
        "Diluted EPS": 0.75,
        "Total Revenue": 339,
        "Gross Profit": 254,
        "Operating Income": 64,
        "EBIT": 112,
        "Net Income": 41
    },
    "2014-06-30": {
        "Diluted EPS": 0.89,
        "Total Revenue": 331,
        "Gross Profit": 255,
        "Operating Income": 76,
        "EBIT": 119,
        "Net Income": 49
    },
    "2014-03-31": {
        "Diluted EPS": 0.81,
        "Total Revenue": 324,
        "Gross Profit": 245,
        "Operating Income": 67,
        "EBIT": 113,
        "Net Income": 45
    },
    "2013-12-31": {
        "Diluted EPS": 0.66,
        "Total Revenue": 317,
        "Gross Profit": 242,
        "Operating Income": 56,
        "EBIT": 102,
        "Net Income": 33
    },
    "2013-09-30": {
        "Diluted EPS": 0.78,
        "Total Revenue": 310,
        "Gross Profit": 230,
        "Operating Income": 63,
        "EBIT": 105,
        "Net Income": 43
    },
    "2013-06-30": {
        "Diluted EPS": 0.74,
        "Total Revenue": 303,
        "Gross Profit": 235,
        "Operating Income": 67,
        "EBIT": 108,
        "Net Income": 43
    },
    "2013-03-31": {
        "Diluted EPS": 0.65,
        "Total Revenue": 298,
        "Gross Profit": 225,
        "Operating Income": 59,
        "EBIT": 101,
        "Net Income": 38
    },
    "2012-12-31": {
        "Diluted EPS": 0.66,
        "Total Revenue": 268,
        "Gross Profit": 221,
        "Operating Income": 60,
        "EBIT": 105,
        "Net Income": 44
    },
    "2012-09-30": {
        "Diluted EPS": 0.72,
        "Total Revenue": 299,
        "Gross Profit": 222,
        "Operating Income": 71,
        "EBIT": 110,
        "Net Income": 44
    },
    "2012-06-30": {
        "Diluted EPS": 0.72,
        "Total Revenue": 301,
        "Gross Profit": 225,
        "Operating Income": 72,
        "EBIT": 111,
        "Net Income": 45
    },
    "2012-03-31": {
        "Diluted EPS": 0.61,
        "Total Revenue": 287,
        "Gross Profit": 210,
        "Operating Income": 63,
        "EBIT": 99,
        "Net Income": 40
    },
    "2011-12-31": {
        "Diluted EPS": 0.51,
        "Total Revenue": 276,
        "Gross Profit": 203,
        "Operating Income": 57,
        "EBIT": 96,
        "Net Income": 36
    },
    "2011-09-30": {
        "Diluted EPS": 0.46,
        "Total Revenue": 276,
        "Gross Profit": 201,
        "Operating Income": 56,
        "EBIT": 91,
        "Net Income": 34
    },
    "2011-06-30": {
        "Diluted EPS": 0.49,
        "Total Revenue": 275,
        "Gross Profit": 208,
        "Operating Income": 58,
        "EBIT": 92,
        "Net Income": 37
    },
    "2011-03-31": {
        "Diluted EPS": 0.62,
        "Total Revenue": 276,
        "Gross Profit": 210,
        "Operating Income": 73,
        "EBIT": 104,
        "Net Income": 45
    },
    "2010-12-31": {
        "Diluted EPS": 2.25,
        "Total Revenue": 279,
        "Gross Profit": 195,
        "Operating Income": 43,
        "EBIT": 62,
        "Net Income": 18
    },
    "2010-09-30": {
        "Diluted EPS": 0.52,
        "Total Revenue": 241,
        "Gross Profit": 186,
        "Operating Income": 62,
        "EBIT": 95,
        "Net Income": 40
    },
    "2010-06-30": {
        "Diluted EPS": 0.29,
        "Total Revenue": 234,
        "Gross Profit": 185,
        "Operating Income": 36,
        "EBIT": 68,
        "Net Income": 22
    },
    "2010-03-31": {
        "Diluted EPS": 0.0,
        "Total Revenue": 607,
        "Gross Profit": 430,
        "Operating Income": 220,
        "EBIT": 314,
        "Net Income": 143
    },
    "2009-12-31": {
        "Diluted EPS": 1.68,
        "Total Revenue": 579,
        "Gross Profit": 416,
        "Operating Income": 199,
        "EBIT": 311,
        "Net Income": 126
    },
    "2009-09-30": {
        "Diluted EPS": 0.0,
        "Total Revenue": 551,
        "Gross Profit": 390,
        "Operating Income": 188,
        "EBIT": 275,
        "Net Income": 124
    },
    "2009-06-30": {
        "Diluted EPS": 0.0,
        "Total Revenue": 548,
        "Gross Profit": 390,
        "Operating Income": 198,
        "EBIT": 287,
        "Net Income": 132
    },
    "2009-03-31": {
        "Diluted EPS": 0.0,
        "Total Revenue": 543,
        "Gross Profit": 382,
        "Operating Income": 175,
        "EBIT": 270,
        "Net Income": 113
    },
    "2023-06-30": {
        "Tax Effect Of Unusual Items": NaN,
        "Tax Rate For Calcs": NaN,
        "Total Unusual Items": 0.0,
        "Total Unusual Items Excluding Goodwill": 0.0,
        "Net Income From Continuing Operation Net Minority Interest": NaN,
        "Reconciled Depreciation": NaN,
        "EBIT": NaN,
        "Net Interest Income": NaN,
        "Interest Expense": NaN,
        "Interest Income": NaN,
        "Normalized Income": NaN,
        "Net Income From Continuing And Discontinued Operation": NaN,
        "Total Expenses": NaN,
        "Diluted Average Shares": NaN,
        "Basic Average Shares": NaN,
        "Diluted EPS": NaN,
        "Basic EPS": NaN,
        "Diluted NI Availto Com Stockholders": NaN,
        "Average Dilution Earnings": 1000.0,
        "Net Income Common Stockholders": NaN,
        "Otherunder Preferred Stock Dividend": NaN,
        "Net Income": NaN,
        "Minority Interests": 0.0,
        "Net Income Including Noncontrolling Interests": NaN,
        "Net Income Discontinuous Operations": NaN,
        "Net Income Continuous Operations": NaN,
        "Tax Provision": NaN,
        "Pretax Income": NaN,
        "Other Income Expense": NaN,
        "Special Income Charges": 0.0,
        "Impairment Of Capital Assets": 0.0,
        "Net Non Operating Interest Income Expense": NaN,
        "Interest Expense Non Operating": NaN,
        "Other Operating Expenses": NaN,
        "Total Revenue": NaN,
        "Operating Revenue": NaN,
        "Loss Adjustment Expense": NaN,
        "Net Policyholder Benefits And Claims": NaN
    },
    "2023-09-30": {
        "Tax Effect Of Unusual Items": NaN,
        "Tax Rate For Calcs": NaN,
        "Total Unusual Items": 0.0,
        "Total Unusual Items Excluding Goodwill": 0.0,
        "Net Income From Continuing Operation Net Minority Interest": NaN,
        "Reconciled Depreciation": NaN,
        "EBIT": NaN,
        "Net Interest Income": NaN,
        "Interest Expense": NaN,
        "Interest Income": NaN,
        "Normalized Income": NaN,
        "Net Income From Continuing And Discontinued Operation": NaN,
        "Total Expenses": NaN,
        "Diluted Average Shares": NaN,
        "Basic Average Shares": NaN,
        "Diluted EPS": NaN,
        "Basic EPS": NaN,
        "Diluted NI Availto Com Stockholders": NaN,
        "Average Dilution Earnings": 1000.0,
        "Net Income Common Stockholders": NaN,
        "Otherunder Preferred Stock Dividend": NaN,
        "Net Income": NaN,
        "Minority Interests": 0.0,
        "Net Income Including Noncontrolling Interests": NaN,
        "Net Income Discontinuous Operations": -5391000.0,
        "Net Income Continuous Operations": NaN,
        "Tax Provision": NaN,
        "Pretax Income": NaN,
        "Other Income Expense": NaN,
        "Special Income Charges": 0.0,
        "Impairment Of Capital Assets": 0.0,
        "Net Non Operating Interest Income Expense": NaN,
        "Interest Expense Non Operating": NaN,
        "Other Operating Expenses": NaN,
        "Total Revenue": NaN,
        "Operating Revenue": NaN,
        "Loss Adjustment Expense": NaN,
        "Net Policyholder Benefits And Claims": NaN
    },
    "2023-12-31": {
        "Tax Effect Of Unusual Items": NaN,
        "Tax Rate For Calcs": NaN,
        "Total Unusual Items": 0.0,
        "Total Unusual Items Excluding Goodwill": 0.0,
        "Net Income From Continuing Operation Net Minority Interest": NaN,
        "Reconciled Depreciation": NaN,
        "EBIT": NaN,
        "Net Interest Income": NaN,
        "Interest Expense": NaN,
        "Interest Income": NaN,
        "Normalized Income": NaN,
        "Net Income From Continuing And Discontinued Operation": NaN,
        "Total Expenses": NaN,
        "Diluted Average Shares": NaN,
        "Basic Average Shares": NaN,
        "Diluted EPS": NaN,
        "Basic EPS": NaN,
        "Diluted NI Availto Com Stockholders": NaN,
        "Average Dilution Earnings": 1000.0,
        "Net Income Common Stockholders": NaN,
        "Otherunder Preferred Stock Dividend": NaN,
        "Net Income": NaN,
        "Minority Interests": 0.0,
        "Net Income Including Noncontrolling Interests": NaN,
        "Net Income Discontinuous Operations": NaN,
        "Net Income Continuous Operations": NaN,
        "Tax Provision": NaN,
        "Pretax Income": NaN,
        "Other Income Expense": NaN,
        "Special Income Charges": 0.0,
        "Impairment Of Capital Assets": 0.0,
        "Net Non Operating Interest Income Expense": NaN,
        "Interest Expense Non Operating": NaN,
        "Other Operating Expenses": NaN,
        "Total Revenue": NaN,
        "Operating Revenue": NaN,
        "Loss Adjustment Expense": NaN,
        "Net Policyholder Benefits And Claims": NaN
    },
    "2024-03-31": {
        "Tax Effect Of Unusual Items": NaN,
        "Tax Rate For Calcs": NaN,
        "Total Unusual Items": NaN,
        "Total Unusual Items Excluding Goodwill": NaN,
        "Net Income From Continuing Operation Net Minority Interest": NaN,
        "Reconciled Depreciation": NaN,
        "EBIT": NaN,
        "Net Interest Income": NaN,
        "Interest Expense": NaN,
        "Interest Income": NaN,
        "Normalized Income": NaN,
        "Net Income From Continuing And Discontinued Operation": NaN,
        "Total Expenses": NaN,
        "Diluted Average Shares": NaN,
        "Basic Average Shares": NaN,
        "Diluted EPS": NaN,
        "Basic EPS": NaN,
        "Diluted NI Availto Com Stockholders": NaN,
        "Average Dilution Earnings": NaN,
        "Net Income Common Stockholders": NaN,
        "Otherunder Preferred Stock Dividend": 573000.0,
        "Net Income": NaN,
        "Net Income Including Noncontrolling Interests": NaN,
        "Net Income Discontinuous Operations": NaN,
        "Net Income Continuous Operations": NaN,
        "Tax Provision": NaN,
        "Pretax Income": NaN,
        "Other Income Expense": NaN,
        "Special Income Charges": NaN,
        "Impairment Of Capital Assets": NaN,
        "Net Non Operating Interest Income Expense": NaN,
        "Interest Expense Non Operating": NaN,
        "Other Operating Expenses": NaN,
        "Total Revenue": NaN,
        "Operating Revenue": NaN,
        "Loss Adjustment Expense": NaN,
        "Net Policyholder Benefits And Claims": NaN
    },
    "2024-06-30": {
        "Tax Effect Of Unusual Items": 0.0,
        "Tax Rate For Calcs": 0.233,
        "Total Unusual Items": -253607000.0,
        "Total Unusual Items Excluding Goodwill": -253607000.0,
        "Net Income From Continuing Operation Net Minority Interest": 209302000.0,
        "Reconciled Depreciation": 7318000.0,
        "EBIT": 278868000.0,
        "Net Interest Income": -6099000.0,
        "Interest Expense": 6099000.0,
        "Interest Income": -15659000.0,
        "Normalized Income": 209302000.0,
        "Net Income From Continuing And Discontinued Operation": 1171000.0,
        "Total Expenses": 518186000.0,
        "Diluted Average Shares": 34383000.0,
        "Basic Average Shares": 34383000.0,
        "Diluted EPS": 0.03,
        "Basic EPS": 0.03,
        "Diluted NI Availto Com Stockholders": 1075000.0,
        "Average Dilution Earnings": 0.0,
        "Net Income Common Stockholders": 1075000.0,
        "Otherunder Preferred Stock Dividend": 96000.0,
        "Net Income": 1171000.0,
        "Net Income Including Noncontrolling Interests": 1171000.0,
        "Net Income Discontinuous Operations": -208131000.0,
        "Net Income Continuous Operations": 209302000.0,
        "Tax Provision": 63467000.0,
        "Pretax Income": 272769000.0,
        "Other Income Expense": 66612000.0,
        "Special Income Charges": -253607000.0,
        "Impairment Of Capital Assets": 253607000.0,
        "Net Non Operating Interest Income Expense": -6099000.0,
        "Interest Expense Non Operating": 6099000.0,
        "Other Operating Expenses": 80505000.0,
        "Total Revenue": 790955000.0,
        "Operating Revenue": 790955000.0,
        "Loss Adjustment Expense": 208386000.0,
        "Net Policyholder Benefits And Claims": 208386000.0
    },
    "2024-09-30": {
        "Tax Effect Of Unusual Items": 0.0,
        "Tax Rate For Calcs": 0.235,
        "Total Unusual Items": NaN,
        "Total Unusual Items Excluding Goodwill": NaN,
        "Net Income From Continuing Operation Net Minority Interest": 194737000.0,
        "Reconciled Depreciation": 4595000.0,
        "EBIT": 260671000.0,
        "Net Interest Income": -6093000.0,
        "Interest Expense": 6093000.0,
        "Interest Income": -15908000.0,
        "Normalized Income": 194737000.0,
        "Net Income From Continuing And Discontinued Operation": 164373000.0,
        "Total Expenses": 519551000.0,
        "Diluted Average Shares": 33891000.0,
        "Basic Average Shares": 33834000.0,
        "Diluted EPS": 4.83,
        "Basic EPS": 4.84,
        "Diluted NI Availto Com Stockholders": 163670000.0,
        "Average Dilution Earnings": NaN,
        "Net Income Common Stockholders": 163670000.0,
        "Otherunder Preferred Stock Dividend": 703000.0,
        "Net Income": 164373000.0,
        "Net Income Including Noncontrolling Interests": 164373000.0,
        "Net Income Discontinuous Operations": -30364000.0,
        "Net Income Continuous Operations": 194737000.0,
        "Tax Provision": 59841000.0,
        "Pretax Income": 254578000.0,
        "Other Income Expense": 19103000.0,
        "Special Income Charges": NaN,
        "Impairment Of Capital Assets": NaN,
        "Net Non Operating Interest Income Expense": -6093000.0,
        "Interest Expense Non Operating": 6093000.0,
        "Other Operating Expenses": 83612000.0,
        "Total Revenue": 774129000.0,
        "Operating Revenue": 774129000.0,
        "Loss Adjustment Expense": 204873000.0,
        "Net Policyholder Benefits And Claims": 204873000.0
    },
    "2024-12-31": {
        "Tax Effect Of Unusual Items": 0.0,
        "Tax Rate For Calcs": 0.232642,
        "Total Unusual Items": NaN,
        "Total Unusual Items Excluding Goodwill": NaN,
        "Net Income From Continuing Operation Net Minority Interest": 167677000.0,
        "Reconciled Depreciation": 4323000.0,
        "EBIT": 224582000.0,
        "Net Interest Income": -6070000.0,
        "Interest Expense": 6070000.0,
        "Interest Income": -15300000.0,
        "Normalized Income": 167677000.0,
        "Net Income From Continuing And Discontinued Operation": 167071000.0,
        "Total Expenses": 569598000.0,
        "Diluted Average Shares": 33541000.0,
        "Basic Average Shares": 33482000.0,
        "Diluted EPS": 4.96,
        "Basic EPS": 4.97,
        "Diluted NI Availto Com Stockholders": 168940000.0,
        "Average Dilution Earnings": NaN,
        "Net Income Common Stockholders": 168940000.0,
        "Otherunder Preferred Stock Dividend": NaN,
        "Net Income": 167071000.0,
        "Net Income Including Noncontrolling Interests": 167071000.0,
        "Net Income Discontinuous Operations": -606000.0,
        "Net Income Continuous Operations": 167677000.0,
        "Tax Provision": 50835000.0,
        "Pretax Income": 218512000.0,
        "Other Income Expense": 17020000.0,
        "Special Income Charges": NaN,
        "Impairment Of Capital Assets": NaN,
        "Net Non Operating Interest Income Expense": -6070000.0,
        "Interest Expense Non Operating": 6070000.0,
        "Other Operating Expenses": 86046000.0,
        "Total Revenue": 788110000.0,
        "Operating Revenue": 788110000.0,
        "Loss Adjustment Expense": 235079000.0,
        "Net Policyholder Benefits And Claims": 235079000.0
    },
    "2025-03-31": {
        "Tax Effect Of Unusual Items": 0.0,
        "Tax Rate For Calcs": 0.236,
        "Total Unusual Items": NaN,
        "Total Unusual Items Excluding Goodwill": NaN,
        "Net Income From Continuing Operation Net Minority Interest": 169051000.0,
        "Reconciled Depreciation": 4774000.0,
        "EBIT": 227319000.0,
        "Net Interest Income": -6004000.0,
        "Interest Expense": 6004000.0,
        "Interest Income": -14669000.0,
        "Normalized Income": 169051000.0,
        "Net Income From Continuing And Discontinued Operation": 169051000.0,
        "Total Expenses": 583528000.0,
        "Diluted Average Shares": 33342000.0,
        "Basic Average Shares": 33292000.0,
        "Diluted EPS": 5.05,
        "Basic EPS": 5.06,
        "Diluted NI Availto Com Stockholders": 168466000.0,
        "Average Dilution Earnings": NaN,
        "Net Income Common Stockholders": 168466000.0,
        "Otherunder Preferred Stock Dividend": 585000.0,
        "Net Income": 169051000.0,
        "Net Income Including Noncontrolling Interests": 169051000.0,
        "Net Income Discontinuous Operations": 0.0,
        "Net Income Continuous Operations": 169051000.0,
        "Tax Provision": 52264000.0,
        "Pretax Income": 221315000.0,
        "Other Income Expense": 17134000.0,
        "Special Income Charges": NaN,
        "Impairment Of Capital Assets": NaN,
        "Net Non Operating Interest Income Expense": -6004000.0,
        "Interest Expense Non Operating": 6004000.0,
        "Other Operating Expenses": 98338000.0,
        "Total Revenue": 804843000.0,
        "Operating Revenue": 804843000.0,
        "Loss Adjustment Expense": 236394000.0,
        "Net Policyholder Benefits And Claims": 236394000.0
    },
    "2025-06-30": {
        "Tax Effect Of Unusual Items": 0.0,
        "Tax Rate For Calcs": 0.239,
        "Total Unusual Items": NaN,
        "Total Unusual Items Excluding Goodwill": NaN,
        "Net Income From Continuing Operation Net Minority Interest": 178344000.0,
        "Reconciled Depreciation": 5250000.0,
        "EBIT": 240497000.0,
        "Net Interest Income": -6000000.0,
        "Interest Expense": 6000000.0,
        "Interest Income": -14621000.0,
        "Normalized Income": 178344000.0,
        "Net Income From Continuing And Discontinued Operation": 178344000.0,
        "Total Expenses": 558777000.0,
        "Diluted Average Shares": 32911000.0,
        "Basic Average Shares": 32870000.0,
        "Diluted EPS": 5.4,
        "Basic EPS": 5.41,
        "Diluted NI Availto Com Stockholders": 177773000.0,
        "Average Dilution Earnings": 1000.0,
        "Net Income Common Stockholders": 177772000.0,
        "Otherunder Preferred Stock Dividend": 572000.0,
        "Net Income": 178344000.0,
        "Net Income Including Noncontrolling Interests": 178344000.0,
        "Net Income Discontinuous Operations": 0.0,
        "Net Income Continuous Operations": 178344000.0,
        "Tax Provision": 56153000.0,
        "Pretax Income": 234497000.0,
        "Other Income Expense": 16394000.0,
        "Special Income Charges": NaN,
        "Impairment Of Capital Assets": NaN,
        "Net Non Operating Interest Income Expense": -6000000.0,
        "Interest Expense Non Operating": 6000000.0,
        "Other Operating Expenses": 89791000.0,
        "Total Revenue": 793274000.0,
        "Operating Revenue": 793274000.0,
        "Loss Adjustment Expense": 210961000.0,
        "Net Policyholder Benefits And Claims": 210961000.0
    }
}