{
    "2023-03-31": {
        "Tax Effect Of Unusual Items": -495320.0,
        "Tax Rate For Calcs": 0.28,
        "Normalized EBITDA": 49787000.0,
        "Total Unusual Items": -1769000.0,
        "Total Unusual Items Excluding Goodwill": -1769000.0,
        "Net Income From Continuing Operation Net Minority Interest": 1310000.0,
        "Reconciled Depreciation": 27733000.0,
        "Reconciled Cost Of Revenue": 1157164000.0,
        "EBITDA": 48018000.0,
        "EBIT": 20285000.0,
        "Net Interest Income": -18465000.0,
        "Interest Expense": 18465000.0,
        "Normalized Income": 2583680.0,
        "Net Income From Continuing And Discontinued Operation": 1310000.0,
        "Total Expenses": 1235173000.0,
        "Total Operating Income As Reported": 19028000.0,
        "Diluted Average Shares": 53944000.0,
        "Basic Average Shares": 53184000.0,
        "Diluted EPS": 0.02,
        "Basic EPS": 0.02,
        "Diluted NI Availto Com Stockholders": 1310000.0,
        "Net Income Common Stockholders": 1310000.0,
        "Net Income": 1310000.0,
        "Net Income Including Noncontrolling Interests": 1310000.0,
        "Net Income Continuous Operations": 1310000.0,
        "Tax Provision": 510000.0,
        "Pretax Income": 1820000.0,
        "Other Income Expense": -1438000.0,
        "Other Non Operating Income Expenses": 331000.0,
        "Special Income Charges": -2695000.0,
        "Gain On Sale Of Ppe": NaN,
        "Restructuring And Mergern Acquisition": 2695000.0,
        "Gain On Sale Of Security": 926000.0,
        "Net Non Operating Interest Income Expense": -18465000.0,
        "Interest Expense Non Operating": 18465000.0,
        "Operating Income": 21723000.0,
        "Operating Expense": 78009000.0,
        "Selling General And Administration": 78009000.0,
        "Gross Profit": 99732000.0,
        "Cost Of Revenue": 1157164000.0,
        "Total Revenue": 1256896000.0,
        "Operating Revenue": 1256896000.0
    },
    "2022-12-31": {
        "Tax Effect Of Unusual Items": NaN,
        "Tax Rate For Calcs": NaN,
        "Normalized EBITDA": NaN,
        "Total Unusual Items": NaN,
        "Total Unusual Items Excluding Goodwill": NaN,
        "Net Income From Continuing Operation Net Minority Interest": NaN,
        "Reconciled Depreciation": NaN,
        "Reconciled Cost Of Revenue": NaN,
        "EBITDA": NaN,
        "EBIT": NaN,
        "Net Interest Income": NaN,
        "Interest Expense": NaN,
        "Normalized Income": NaN,
        "Net Income From Continuing And Discontinued Operation": NaN,
        "Total Expenses": NaN,
        "Total Operating Income As Reported": NaN,
        "Diluted Average Shares": NaN,
        "Basic Average Shares": NaN,
        "Diluted EPS": NaN,
        "Basic EPS": NaN,
        "Diluted NI Availto Com Stockholders": NaN,
        "Net Income Common Stockholders": NaN,
        "Net Income": NaN,
        "Net Income Including Noncontrolling Interests": NaN,
        "Net Income Continuous Operations": NaN,
        "Tax Provision": NaN,
        "Pretax Income": NaN,
        "Other Income Expense": NaN,
        "Other Non Operating Income Expenses": NaN,
        "Special Income Charges": NaN,
        "Gain On Sale Of Ppe": 0.0,
        "Restructuring And Mergern Acquisition": NaN,
        "Gain On Sale Of Security": NaN,
        "Net Non Operating Interest Income Expense": NaN,
        "Interest Expense Non Operating": NaN,
        "Operating Income": NaN,
        "Operating Expense": NaN,
        "Selling General And Administration": NaN,
        "Gross Profit": NaN,
        "Cost Of Revenue": NaN,
        "Total Revenue": NaN,
        "Operating Revenue": NaN
    },
    "2022-09-30": {
        "Tax Effect Of Unusual Items": NaN,
        "Tax Rate For Calcs": NaN,
        "Normalized EBITDA": NaN,
        "Total Unusual Items": NaN,
        "Total Unusual Items Excluding Goodwill": NaN,
        "Net Income From Continuing Operation Net Minority Interest": NaN,
        "Reconciled Depreciation": NaN,
        "Reconciled Cost Of Revenue": NaN,
        "EBITDA": NaN,
        "EBIT": NaN,
        "Net Interest Income": NaN,
        "Interest Expense": NaN,
        "Normalized Income": NaN,
        "Net Income From Continuing And Discontinued Operation": NaN,
        "Total Expenses": NaN,
        "Total Operating Income As Reported": NaN,
        "Diluted Average Shares": NaN,
        "Basic Average Shares": NaN,
        "Diluted EPS": NaN,
        "Basic EPS": NaN,
        "Diluted NI Availto Com Stockholders": NaN,
        "Net Income Common Stockholders": NaN,
        "Net Income": NaN,
        "Net Income Including Noncontrolling Interests": NaN,
        "Net Income Continuous Operations": NaN,
        "Tax Provision": NaN,
        "Pretax Income": NaN,
        "Other Income Expense": NaN,
        "Other Non Operating Income Expenses": NaN,
        "Special Income Charges": NaN,
        "Gain On Sale Of Ppe": 0.0,
        "Restructuring And Mergern Acquisition": NaN,
        "Gain On Sale Of Security": NaN,
        "Net Non Operating Interest Income Expense": NaN,
        "Interest Expense Non Operating": NaN,
        "Operating Income": NaN,
        "Operating Expense": NaN,
        "Selling General And Administration": NaN,
        "Gross Profit": NaN,
        "Cost Of Revenue": NaN,
        "Total Revenue": NaN,
        "Operating Revenue": NaN
    },
    "2022-06-30": {
        "Tax Effect Of Unusual Items": 7349596.990865,
        "Tax Rate For Calcs": 0.207352,
        "Normalized EBITDA": 53140000.0,
        "Total Unusual Items": 35445000.0,
        "Total Unusual Items Excluding Goodwill": 35445000.0,
        "Net Income From Continuing Operation Net Minority Interest": 50154000.0,
        "Reconciled Depreciation": 20606000.0,
        "Reconciled Cost Of Revenue": 930839000.0,
        "EBITDA": 88585000.0,
        "EBIT": 67979000.0,
        "Net Interest Income": -4705000.0,
        "Interest Expense": 4705000.0,
        "Normalized Income": 22058596.990865,
        "Net Income From Continuing And Discontinued Operation": 50154000.0,
        "Total Expenses": 990569000.0,
        "Total Operating Income As Reported": 67264000.0,
        "Diluted Average Shares": 53852000.0,
        "Basic Average Shares": 53263000.0,
        "Diluted EPS": 0.93,
        "Basic EPS": 0.94,
        "Diluted NI Availto Com Stockholders": 50154000.0,
        "Net Income Common Stockholders": 50154000.0,
        "Net Income": 50154000.0,
        "Net Income Including Noncontrolling Interests": 50154000.0,
        "Net Income Continuous Operations": 50154000.0,
        "Tax Provision": 13120000.0,
        "Pretax Income": 63274000.0,
        "Other Income Expense": 35600000.0,
        "Other Non Operating Income Expenses": 155000.0,
        "Special Income Charges": 34885000.0,
        "Gain On Sale Of Ppe": 40084000.0,
        "Restructuring And Mergern Acquisition": 5199000.0,
        "Gain On Sale Of Security": 560000.0,
        "Net Non Operating Interest Income Expense": -4705000.0,
        "Interest Expense Non Operating": 4705000.0,
        "Operating Income": 32379000.0,
        "Operating Expense": 59730000.0,
        "Selling General And Administration": 59730000.0,
        "Gross Profit": 92109000.0,
        "Cost Of Revenue": 930839000.0,
        "Total Revenue": 1022948000.0,
        "Operating Revenue": 1022948000.0
    },
    "2022-03-31": {
        "Diluted EPS": -0.03,
        "Total Revenue": 784,
        "Gross Profit": 56,
        "Operating Income": 1,
        "EBIT": 21,
        "Net Income": -2
    },
    "2021-12-31": {
        "Diluted EPS": 0.57,
        "Total Revenue": 884,
        "Gross Profit": 96,
        "Operating Income": 37,
        "EBIT": 64,
        "Net Income": 30
    },
    "2021-09-30": {
        "Diluted EPS": 0.81,
        "Total Revenue": 913,
        "Gross Profit": 127,
        "Operating Income": 65,
        "EBIT": 92,
        "Net Income": 44
    },
    "2021-06-30": {
        "Diluted EPS": 0.67,
        "Total Revenue": 882,
        "Gross Profit": 113,
        "Operating Income": 55,
        "EBIT": 82,
        "Net Income": 36
    },
    "2021-03-31": {
        "Diluted EPS": 0.12,
        "Total Revenue": 818,
        "Gross Profit": 80,
        "Operating Income": 13,
        "EBIT": 38,
        "Net Income": 6
    },
    "2020-12-31": {
        "Diluted EPS": 0.66,
        "Total Revenue": 897,
        "Gross Profit": 98,
        "Operating Income": 44,
        "EBIT": 64,
        "Net Income": 32
    },
    "2020-09-30": {
        "Diluted EPS": 0.9,
        "Total Revenue": 943,
        "Gross Profit": 124,
        "Operating Income": 67,
        "EBIT": 87,
        "Net Income": 44
    },
    "2020-06-30": {
        "Diluted EPS": 0.68,
        "Total Revenue": 908,
        "Gross Profit": 101,
        "Operating Income": 50,
        "EBIT": 70,
        "Net Income": 33
    },
    "2020-03-31": {
        "Diluted EPS": -0.08,
        "Total Revenue": 743,
        "Gross Profit": 48,
        "Operating Income": 3,
        "EBIT": 25,
        "Net Income": -4
    },
    "2019-12-31": {
        "Diluted EPS": 0.52,
        "Total Revenue": 790,
        "Gross Profit": 90,
        "Operating Income": 41,
        "EBIT": 62,
        "Net Income": 27
    },
    "2019-09-30": {
        "Diluted EPS": 0.7,
        "Total Revenue": 865,
        "Gross Profit": 108,
        "Operating Income": 59,
        "EBIT": 80,
        "Net Income": 36
    },
    "2019-06-30": {
        "Diluted EPS": 0.35,
        "Total Revenue": 790,
        "Gross Profit": 81,
        "Operating Income": 32,
        "EBIT": 54,
        "Net Income": 18
    },
    "2019-03-31": {
        "Diluted EPS": 0.04,
        "Total Revenue": 662,
        "Gross Profit": 52,
        "Operating Income": 10,
        "EBIT": 31,
        "Net Income": 2
    },
    "2018-12-31": {
        "Diluted EPS": 0.63,
        "Total Revenue": 878,
        "Gross Profit": 103,
        "Operating Income": 53,
        "EBIT": 76,
        "Net Income": 32
    },
    "2018-09-30": {
        "Diluted EPS": 0.63,
        "Total Revenue": 909,
        "Gross Profit": 107,
        "Operating Income": 51,
        "EBIT": 72,
        "Net Income": 33
    },
    "2018-06-30": {
        "Diluted EPS": 0.23,
        "Total Revenue": 649,
        "Gross Profit": 71,
        "Operating Income": 20,
        "EBIT": 39,
        "Net Income": 12
    },
    "2018-03-31": {
        "Diluted EPS": 0.01,
        "Total Revenue": 504,
        "Gross Profit": 45,
        "Operating Income": 6,
        "EBIT": 23,
        "Net Income": 1
    },
    "2017-12-31": {
        "Diluted EPS": 0.43,
        "Total Revenue": 579,
        "Gross Profit": 68,
        "Operating Income": 25,
        "EBIT": 42,
        "Net Income": 23
    },
    "2017-09-30": {
        "Diluted EPS": 0.4,
        "Total Revenue": 608,
        "Gross Profit": 70,
        "Operating Income": 28,
        "EBIT": 45,
        "Net Income": 21
    },
    "2017-06-30": {
        "Diluted EPS": 0.42,
        "Total Revenue": 631,
        "Gross Profit": 84,
        "Operating Income": 39,
        "EBIT": 55,
        "Net Income": 22
    },
    "2017-03-31": {
        "Diluted EPS": 0.15,
        "Total Revenue": 562,
        "Gross Profit": 55,
        "Operating Income": 15,
        "EBIT": 31,
        "Net Income": 8
    },
    "2016-12-31": {
        "Diluted EPS": 0.27,
        "Total Revenue": 602,
        "Gross Profit": 69,
        "Operating Income": 29,
        "EBIT": 46,
        "Net Income": 14
    },
    "2016-09-30": {
        "Diluted EPS": 0.09,
        "Total Revenue": 508,
        "Gross Profit": 50,
        "Operating Income": 11,
        "EBIT": 31,
        "Net Income": 5
    },
    "2016-06-30": {
        "Diluted EPS": 0.1,
        "Total Revenue": 457,
        "Gross Profit": 43,
        "Operating Income": 11,
        "EBIT": 28,
        "Net Income": 5
    },
    "2016-03-31": {
        "Diluted EPS": 0.05,
        "Total Revenue": 430,
        "Gross Profit": 39,
        "Operating Income": 7,
        "EBIT": 24,
        "Net Income": 3
    },
    "2015-12-31": {
        "Diluted EPS": 0.24,
        "Total Revenue": 497,
        "Gross Profit": 64,
        "Operating Income": 22,
        "EBIT": 40,
        "Net Income": 13
    },
    "2015-09-30": {
        "Diluted EPS": 0.37,
        "Total Revenue": 556,
        "Gross Profit": 72,
        "Operating Income": 33,
        "EBIT": 50,
        "Net Income": 19
    },
    "2015-06-30": {
        "Diluted EPS": 0.07,
        "Total Revenue": 484,
        "Gross Profit": 46,
        "Operating Income": 8,
        "EBIT": 24,
        "Net Income": 4
    },
    "2015-03-31": {
        "Diluted EPS": 0.03,
        "Total Revenue": 393,
        "Gross Profit": 38,
        "Operating Income": 4,
        "EBIT": 20,
        "Net Income": 2
    },
    "2014-12-31": {
        "Diluted EPS": 0.17,
        "Total Revenue": 488,
        "Gross Profit": 50,
        "Operating Income": 16,
        "EBIT": 32,
        "Net Income": 9
    },
    "2014-09-30": {
        "Diluted EPS": 0.53,
        "Total Revenue": 613,
        "Gross Profit": 75,
        "Operating Income": 39,
        "EBIT": 54,
        "Net Income": 27
    },
    "2014-06-30": {
        "Diluted EPS": 0.31,
        "Total Revenue": 515,
        "Gross Profit": 61,
        "Operating Income": 28,
        "EBIT": 42,
        "Net Income": 16
    },
    "2014-03-31": {
        "Diluted EPS": 0.21,
        "Total Revenue": 470,
        "Gross Profit": 50,
        "Operating Income": 20,
        "EBIT": 34,
        "Net Income": 11
    },
    "2013-12-31": {
        "Diluted EPS": 0.44,
        "Total Revenue": 538,
        "Gross Profit": 75,
        "Operating Income": 41,
        "EBIT": 55,
        "Net Income": 22
    },
    "2013-09-30": {
        "Diluted EPS": 0.42,
        "Total Revenue": 551,
        "Gross Profit": 75,
        "Operating Income": 39,
        "EBIT": 52,
        "Net Income": 22
    },
    "2013-06-30": {
        "Diluted EPS": 0.3,
        "Total Revenue": 445,
        "Gross Profit": 60,
        "Operating Income": 28,
        "EBIT": 40,
        "Net Income": 16
    },
    "2013-03-31": {
        "Diluted EPS": 0.19,
        "Total Revenue": 410,
        "Gross Profit": 46,
        "Operating Income": 17,
        "EBIT": 29,
        "Net Income": 10
    },
    "2012-12-31": {
        "Diluted EPS": 0.33,
        "Total Revenue": 481,
        "Gross Profit": 55,
        "Operating Income": 28,
        "EBIT": 38,
        "Net Income": 17
    },
    "2012-09-30": {
        "Diluted EPS": 0.34,
        "Total Revenue": 432,
        "Gross Profit": 56,
        "Operating Income": 30,
        "EBIT": 39,
        "Net Income": 18
    },
    "2012-06-30": {
        "Diluted EPS": 0.23,
        "Total Revenue": 337,
        "Gross Profit": 44,
        "Operating Income": 21,
        "EBIT": 29,
        "Net Income": 12
    },
    "2012-03-31": {
        "Diluted EPS": 0.2,
        "Total Revenue": 292,
        "Gross Profit": 38,
        "Operating Income": 17,
        "EBIT": 25,
        "Net Income": 10
    },
    "2011-12-31": {
        "Diluted EPS": 0.24,
        "Total Revenue": 373,
        "Gross Profit": 51,
        "Operating Income": 25,
        "EBIT": 34,
        "Net Income": 12
    },
    "2011-09-30": {
        "Diluted EPS": 0.38,
        "Total Revenue": 375,
        "Gross Profit": 52,
        "Operating Income": 32,
        "EBIT": 40,
        "Net Income": 19
    },
    "2011-06-30": {
        "Diluted EPS": 0.28,
        "Total Revenue": 352,
        "Gross Profit": 41,
        "Operating Income": 21,
        "EBIT": 30,
        "Net Income": 14
    },
    "2011-03-31": {
        "Diluted EPS": 0.24,
        "Total Revenue": 360,
        "Gross Profit": 41,
        "Operating Income": 21,
        "EBIT": 29,
        "Net Income": 12
    },
    "2010-12-31": {
        "Diluted EPS": 0.24,
        "Total Revenue": 333,
        "Gross Profit": 44,
        "Operating Income": 23,
        "EBIT": 32,
        "Net Income": 12
    },
    "2010-09-30": {
        "Diluted EPS": 0.17,
        "Total Revenue": 230,
        "Gross Profit": 28,
        "Operating Income": 13,
        "EBIT": 19,
        "Net Income": 8
    },
    "2010-06-30": {
        "Diluted EPS": 0.16,
        "Total Revenue": 203,
        "Gross Profit": 27,
        "Operating Income": 11,
        "EBIT": 16,
        "Net Income": 7
    },
    "2010-03-31": {
        "Diluted EPS": 0.15,
        "Total Revenue": 175,
        "Gross Profit": 24,
        "Operating Income": 11,
        "EBIT": 17,
        "Net Income": 7
    },
    "2009-12-31": {
        "Diluted EPS": 0.09,
        "Total Revenue": 117,
        "Gross Profit": 20,
        "Operating Income": 8,
        "EBIT": 11,
        "Net Income": 4
    },
    "2009-09-30": {
        "Diluted EPS": 0.23,
        "Total Revenue": 107,
        "Gross Profit": 20,
        "Operating Income": 13,
        "EBIT": 15,
        "Net Income": 8
    },
    "2009-06-30": {
        "Diluted EPS": 0.26,
        "Total Revenue": 120,
        "Gross Profit": 21,
        "Operating Income": 13,
        "EBIT": 15,
        "Net Income": 9
    },
    "2009-03-31": {
        "Diluted EPS": 0.17,
        "Total Revenue": 124,
        "Gross Profit": 15,
        "Operating Income": 7,
        "EBIT": 9,
        "Net Income": 6
    },
    "2023-06-30": {
        "Tax Effect Of Unusual Items": NaN,
        "Tax Rate For Calcs": NaN,
        "Normalized EBITDA": NaN,
        "Total Unusual Items": NaN,
        "Total Unusual Items Excluding Goodwill": NaN,
        "Net Income From Continuing Operation Net Minority Interest": NaN,
        "Reconciled Depreciation": NaN,
        "Reconciled Cost Of Revenue": NaN,
        "EBITDA": NaN,
        "EBIT": NaN,
        "Net Interest Income": NaN,
        "Interest Expense": NaN,
        "Normalized Income": NaN,
        "Net Income From Continuing And Discontinued Operation": NaN,
        "Total Expenses": NaN,
        "Total Operating Income As Reported": NaN,
        "Diluted Average Shares": NaN,
        "Basic Average Shares": NaN,
        "Diluted EPS": NaN,
        "Basic EPS": NaN,
        "Diluted NI Availto Com Stockholders": NaN,
        "Net Income Common Stockholders": NaN,
        "Net Income": NaN,
        "Net Income Including Noncontrolling Interests": NaN,
        "Net Income Continuous Operations": NaN,
        "Tax Provision": NaN,
        "Pretax Income": NaN,
        "Other Income Expense": NaN,
        "Other Non Operating Income Expenses": NaN,
        "Special Income Charges": NaN,
        "Gain On Sale Of Ppe": 0.0,
        "Restructuring And Mergern Acquisition": NaN,
        "Gain On Sale Of Security": NaN,
        "Net Non Operating Interest Income Expense": NaN,
        "Interest Expense Non Operating": NaN,
        "Operating Income": NaN,
        "Operating Expense": NaN,
        "Selling General And Administration": NaN,
        "Gross Profit": NaN,
        "Cost Of Revenue": NaN,
        "Total Revenue": NaN,
        "Operating Revenue": NaN
    },
    "2023-09-30": {
        "Tax Effect Of Unusual Items": NaN,
        "Tax Rate For Calcs": NaN,
        "Normalized EBITDA": NaN,
        "Total Unusual Items": NaN,
        "Total Unusual Items Excluding Goodwill": NaN,
        "Net Income From Continuing Operation Net Minority Interest": NaN,
        "Reconciled Depreciation": NaN,
        "Reconciled Cost Of Revenue": NaN,
        "EBITDA": NaN,
        "EBIT": NaN,
        "Net Interest Income": NaN,
        "Interest Expense": NaN,
        "Normalized Income": NaN,
        "Net Income From Continuing And Discontinued Operation": NaN,
        "Total Expenses": NaN,
        "Total Operating Income As Reported": NaN,
        "Diluted Average Shares": NaN,
        "Basic Average Shares": NaN,
        "Diluted EPS": NaN,
        "Basic EPS": NaN,
        "Diluted NI Availto Com Stockholders": NaN,
        "Net Income Common Stockholders": NaN,
        "Net Income": NaN,
        "Net Income Including Noncontrolling Interests": NaN,
        "Net Income Continuous Operations": NaN,
        "Tax Provision": NaN,
        "Pretax Income": NaN,
        "Other Income Expense": NaN,
        "Other Non Operating Income Expenses": NaN,
        "Special Income Charges": NaN,
        "Gain On Sale Of Ppe": 0.0,
        "Restructuring And Mergern Acquisition": NaN,
        "Gain On Sale Of Security": NaN,
        "Net Non Operating Interest Income Expense": NaN,
        "Interest Expense Non Operating": NaN,
        "Operating Income": NaN,
        "Operating Expense": NaN,
        "Selling General And Administration": NaN,
        "Gross Profit": NaN,
        "Cost Of Revenue": NaN,
        "Total Revenue": NaN,
        "Operating Revenue": NaN
    },
    "2023-12-31": {
        "Tax Effect Of Unusual Items": NaN,
        "Tax Rate For Calcs": NaN,
        "Normalized EBITDA": NaN,
        "Total Unusual Items": NaN,
        "Total Unusual Items Excluding Goodwill": NaN,
        "Net Income From Continuing Operation Net Minority Interest": NaN,
        "Reconciled Depreciation": NaN,
        "Reconciled Cost Of Revenue": NaN,
        "EBITDA": NaN,
        "EBIT": NaN,
        "Net Interest Income": NaN,
        "Interest Expense": NaN,
        "Normalized Income": NaN,
        "Net Income From Continuing And Discontinued Operation": NaN,
        "Total Expenses": NaN,
        "Total Operating Income As Reported": NaN,
        "Diluted Average Shares": NaN,
        "Basic Average Shares": NaN,
        "Diluted EPS": NaN,
        "Basic EPS": NaN,
        "Diluted NI Availto Com Stockholders": NaN,
        "Net Income Common Stockholders": NaN,
        "Net Income": NaN,
        "Net Income Including Noncontrolling Interests": NaN,
        "Net Income Continuous Operations": NaN,
        "Tax Provision": NaN,
        "Pretax Income": NaN,
        "Other Income Expense": NaN,
        "Other Non Operating Income Expenses": NaN,
        "Special Income Charges": NaN,
        "Gain On Sale Of Ppe": 0.0,
        "Restructuring And Mergern Acquisition": NaN,
        "Gain On Sale Of Security": NaN,
        "Net Non Operating Interest Income Expense": NaN,
        "Interest Expense Non Operating": NaN,
        "Operating Income": NaN,
        "Operating Expense": NaN,
        "Selling General And Administration": NaN,
        "Gross Profit": NaN,
        "Cost Of Revenue": NaN,
        "Total Revenue": NaN,
        "Operating Revenue": NaN
    },
    "2024-03-31": {
        "Tax Effect Of Unusual Items": 2899.925037,
        "Tax Rate For Calcs": 0.289993,
        "Normalized EBITDA": 69243000.0,
        "Total Unusual Items": 10000.0,
        "Total Unusual Items Excluding Goodwill": 10000.0,
        "Net Income From Continuing Operation Net Minority Interest": 18943000.0,
        "Reconciled Depreciation": 24581000.0,
        "Reconciled Cost Of Revenue": 1279331000.0,
        "EBITDA": 69253000.0,
        "EBIT": 44672000.0,
        "Net Interest Income": -17992000.0,
        "Interest Expense": 17992000.0,
        "Normalized Income": 18935899.925037,
        "Net Income From Continuing And Discontinued Operation": 18943000.0,
        "Total Expenses": 1367919000.0,
        "Total Operating Income As Reported": 44238000.0,
        "Diluted Average Shares": 54414000.0,
        "Basic Average Shares": 53490000.0,
        "Diluted EPS": 0.35,
        "Basic EPS": 0.35,
        "Diluted NI Availto Com Stockholders": 18943000.0,
        "Net Income Common Stockholders": 18943000.0,
        "Net Income": 18943000.0,
        "Net Income Including Noncontrolling Interests": 18943000.0,
        "Net Income Continuous Operations": 18943000.0,
        "Tax Provision": 7737000.0,
        "Pretax Income": 26680000.0,
        "Other Income Expense": -116000.0,
        "Other Non Operating Income Expenses": -126000.0,
        "Special Income Charges": -550000.0,
        "Gain On Sale Of Ppe": NaN,
        "Restructuring And Mergern Acquisition": 550000.0,
        "Gain On Sale Of Security": 560000.0,
        "Net Non Operating Interest Income Expense": -17992000.0,
        "Interest Expense Non Operating": 17992000.0,
        "Operating Income": 44788000.0,
        "Operating Expense": 88588000.0,
        "Selling General And Administration": 88588000.0,
        "Gross Profit": 133376000.0,
        "Cost Of Revenue": 1279331000.0,
        "Total Revenue": 1412707000.0,
        "Operating Revenue": 1412707000.0
    },
    "2024-06-30": {
        "Tax Effect Of Unusual Items": 69310.308259,
        "Tax Rate For Calcs": 0.290001,
        "Normalized EBITDA": 112366000.0,
        "Total Unusual Items": 239000.0,
        "Total Unusual Items Excluding Goodwill": 239000.0,
        "Net Income From Continuing Operation Net Minority Interest": 49543000.0,
        "Reconciled Depreciation": 25693000.0,
        "Reconciled Cost Of Revenue": 1377005000.0,
        "EBITDA": 112605000.0,
        "EBIT": 86912000.0,
        "Net Interest Income": -17133000.0,
        "Interest Expense": 17133000.0,
        "Normalized Income": 49373310.308259,
        "Net Income From Continuing And Discontinued Operation": 49543000.0,
        "Total Expenses": 1477123000.0,
        "Total Operating Income As Reported": 86070000.0,
        "Diluted Average Shares": 54653000.0,
        "Basic Average Shares": 53640000.0,
        "Diluted EPS": 0.91,
        "Basic EPS": 0.92,
        "Diluted NI Availto Com Stockholders": 49543000.0,
        "Net Income Common Stockholders": 49543000.0,
        "Net Income": 49543000.0,
        "Net Income Including Noncontrolling Interests": 49543000.0,
        "Net Income Continuous Operations": 49543000.0,
        "Tax Provision": 20236000.0,
        "Pretax Income": 69779000.0,
        "Other Income Expense": 320000.0,
        "Other Non Operating Income Expenses": 81000.0,
        "Special Income Charges": -522000.0,
        "Gain On Sale Of Ppe": NaN,
        "Restructuring And Mergern Acquisition": 522000.0,
        "Gain On Sale Of Security": 761000.0,
        "Net Non Operating Interest Income Expense": -17133000.0,
        "Interest Expense Non Operating": 17133000.0,
        "Operating Income": 86592000.0,
        "Operating Expense": 100118000.0,
        "Selling General And Administration": 100118000.0,
        "Gross Profit": 186710000.0,
        "Cost Of Revenue": 1377005000.0,
        "Total Revenue": 1563715000.0,
        "Operating Revenue": 1563715000.0
    },
    "2024-09-30": {
        "Tax Effect Of Unusual Items": -102082.352226,
        "Tax Rate For Calcs": 0.290007,
        "Normalized EBITDA": 123190000.0,
        "Total Unusual Items": -352000.0,
        "Total Unusual Items Excluding Goodwill": -352000.0,
        "Net Income From Continuing Operation Net Minority Interest": 58436000.0,
        "Reconciled Depreciation": 22674000.0,
        "Reconciled Cost Of Revenue": 1450525000.0,
        "EBITDA": 122838000.0,
        "EBIT": 100164000.0,
        "Net Interest Income": -17859000.0,
        "Interest Expense": 17859000.0,
        "Normalized Income": 58685917.647774,
        "Net Income From Continuing And Discontinued Operation": 58436000.0,
        "Total Expenses": 1548631000.0,
        "Total Operating Income As Reported": 99550000.0,
        "Diluted Average Shares": 54675000.0,
        "Basic Average Shares": 53692000.0,
        "Diluted EPS": 1.07,
        "Basic EPS": 1.09,
        "Diluted NI Availto Com Stockholders": 58436000.0,
        "Net Income Common Stockholders": 58436000.0,
        "Net Income": 58436000.0,
        "Net Income Including Noncontrolling Interests": 58436000.0,
        "Net Income Continuous Operations": 58436000.0,
        "Tax Provision": 23869000.0,
        "Pretax Income": 82305000.0,
        "Other Income Expense": -291000.0,
        "Other Non Operating Income Expenses": 61000.0,
        "Special Income Charges": -905000.0,
        "Gain On Sale Of Ppe": NaN,
        "Restructuring And Mergern Acquisition": 905000.0,
        "Gain On Sale Of Security": 553000.0,
        "Net Non Operating Interest Income Expense": -17859000.0,
        "Interest Expense Non Operating": 17859000.0,
        "Operating Income": 100455000.0,
        "Operating Expense": 98106000.0,
        "Selling General And Administration": 98106000.0,
        "Gross Profit": 198561000.0,
        "Cost Of Revenue": 1450525000.0,
        "Total Revenue": 1649086000.0,
        "Operating Revenue": 1649086000.0
    },
    "2024-12-31": {
        "Tax Effect Of Unusual Items": 97601.47335,
        "Tax Rate For Calcs": 0.291348,
        "Normalized EBITDA": 110723000.0,
        "Total Unusual Items": 335000.0,
        "Total Unusual Items Excluding Goodwill": 335000.0,
        "Net Income From Continuing Operation Net Minority Interest": 53966000.0,
        "Reconciled Depreciation": 22574000.0,
        "Reconciled Cost Of Revenue": 1556732000.0,
        "EBITDA": 111058000.0,
        "EBIT": 88484000.0,
        "Net Interest Income": -12331000.0,
        "Interest Expense": 12331000.0,
        "Normalized Income": 53728601.47335,
        "Net Income From Continuing And Discontinued Operation": 53966000.0,
        "Total Expenses": 1653271000.0,
        "Total Operating Income As Reported": 87594000.0,
        "Diluted Average Shares": 54662000.0,
        "Basic Average Shares": 53720000.0,
        "Diluted EPS": 0.99,
        "Basic EPS": 1.0,
        "Diluted NI Availto Com Stockholders": 53966000.0,
        "Net Income Common Stockholders": 53966000.0,
        "Net Income": 53966000.0,
        "Net Income Including Noncontrolling Interests": 53966000.0,
        "Net Income Continuous Operations": 53966000.0,
        "Tax Provision": 22187000.0,
        "Pretax Income": 76153000.0,
        "Other Income Expense": 425000.0,
        "Other Non Operating Income Expenses": 90000.0,
        "Special Income Charges": -465000.0,
        "Gain On Sale Of Ppe": NaN,
        "Restructuring And Mergern Acquisition": 465000.0,
        "Gain On Sale Of Security": 800000.0,
        "Net Non Operating Interest Income Expense": -12331000.0,
        "Interest Expense Non Operating": 12331000.0,
        "Operating Income": 88059000.0,
        "Operating Expense": 96539000.0,
        "Selling General And Administration": 96539000.0,
        "Gross Profit": 184598000.0,
        "Cost Of Revenue": 1556732000.0,
        "Total Revenue": 1741330000.0,
        "Operating Revenue": 1741330000.0
    },
    "2025-03-31": {
        "Tax Effect Of Unusual Items": -311449.485628,
        "Tax Rate For Calcs": 0.28999,
        "Normalized EBITDA": 92569000.0,
        "Total Unusual Items": -1074000.0,
        "Total Unusual Items Excluding Goodwill": -1074000.0,
        "Net Income From Continuing Operation Net Minority Interest": 44240000.0,
        "Reconciled Depreciation": 21397000.0,
        "Reconciled Cost Of Revenue": 1477455000.0,
        "EBITDA": 91495000.0,
        "EBIT": 70098000.0,
        "Net Interest Income": -7789000.0,
        "Interest Expense": 7789000.0,
        "Normalized Income": 45002550.514372,
        "Net Income From Continuing And Discontinued Operation": 44240000.0,
        "Total Expenses": 1576956000.0,
        "Total Operating Income As Reported": 70364000.0,
        "Diluted Average Shares": 54705000.0,
        "Basic Average Shares": 53813000.0,
        "Diluted EPS": 0.81,
        "Basic EPS": 0.82,
        "Diluted NI Availto Com Stockholders": 44240000.0,
        "Net Income Common Stockholders": 44240000.0,
        "Net Income": 44240000.0,
        "Net Income Including Noncontrolling Interests": 44240000.0,
        "Net Income Continuous Operations": 44240000.0,
        "Tax Provision": 18069000.0,
        "Pretax Income": 62309000.0,
        "Other Income Expense": -1058000.0,
        "Other Non Operating Income Expenses": 16000.0,
        "Special Income Charges": -792000.0,
        "Gain On Sale Of Ppe": NaN,
        "Restructuring And Mergern Acquisition": 792000.0,
        "Gain On Sale Of Security": -282000.0,
        "Net Non Operating Interest Income Expense": -7789000.0,
        "Interest Expense Non Operating": 7789000.0,
        "Operating Income": 71156000.0,
        "Operating Expense": 99501000.0,
        "Selling General And Administration": 99501000.0,
        "Gross Profit": 170657000.0,
        "Cost Of Revenue": 1477455000.0,
        "Total Revenue": 1648112000.0,
        "Operating Revenue": 1648112000.0
    }
}