{
    "2023-03-31": {
        "Tax Effect Of Unusual Items": -13860.0,
        "Tax Rate For Calcs": 0.21,
        "Normalized EBITDA": 13269000.0,
        "Total Unusual Items": -66000.0,
        "Total Unusual Items Excluding Goodwill": -66000.0,
        "Net Income From Continuing Operation Net Minority Interest": 2659000.0,
        "Reconciled Depreciation": 9388000.0,
        "Reconciled Cost Of Revenue": 72083000.0,
        "EBITDA": 13203000.0,
        "EBIT": 3815000.0,
        "Normalized Income": 2711140.0,
        "Net Income From Continuing And Discontinued Operation": 2659000.0,
        "Total Expenses": 122044000.0,
        "Total Operating Income As Reported": 3749000.0,
        "Diluted Average Shares": 26605787.0,
        "Basic Average Shares": 26580279.0,
        "Diluted EPS": 0.1,
        "Basic EPS": 0.1,
        "Diluted NI Availto Com Stockholders": 2659000.0,
        "Net Income Common Stockholders": 2659000.0,
        "Net Income": 2659000.0,
        "Net Income Including Noncontrolling Interests": 2659000.0,
        "Net Income Continuous Operations": 2659000.0,
        "Tax Provision": 2380000.0,
        "Pretax Income": 5039000.0,
        "Other Income Expense": 1224000.0,
        "Other Non Operating Income Expenses": 1290000.0,
        "Special Income Charges": -66000.0,
        "Gain On Sale Of Business": -66000.0,
        "Operating Income": 3815000.0,
        "Operating Expense": 49961000.0,
        "Research And Development": 10677000.0,
        "Selling General And Administration": 39284000.0,
        "Selling And Marketing Expense": 22451000.0,
        "General And Administrative Expense": 16833000.0,
        "Other Gand A": 16833000.0,
        "Gross Profit": 53776000.0,
        "Cost Of Revenue": 72083000.0,
        "Total Revenue": 125859000.0,
        "Operating Revenue": 125625000.0
    },
    "2022-12-31": {
        "Tax Effect Of Unusual Items": -1663811.521555,
        "Tax Rate For Calcs": 0.014036,
        "Normalized EBITDA": 129396000.0,
        "Total Unusual Items": -118542000.0,
        "Total Unusual Items Excluding Goodwill": -118542000.0,
        "Net Income From Continuing Operation Net Minority Interest": -115065000.0,
        "Reconciled Depreciation": 9444000.0,
        "Reconciled Cost Of Revenue": 67000000.0,
        "EBITDA": 10854000.0,
        "EBIT": 1410000.0,
        "Normalized Income": 1813188.478445,
        "Net Income From Continuing And Discontinued Operation": -115065000.0,
        "Total Expenses": 114197000.0,
        "Total Operating Income As Reported": -117132000.0,
        "Diluted Average Shares": 27136821.0,
        "Basic Average Shares": 27136821.0,
        "Diluted EPS": -4.24,
        "Basic EPS": -4.24,
        "Diluted NI Availto Com Stockholders": -115065000.0,
        "Net Income Common Stockholders": -115065000.0,
        "Net Income": -115065000.0,
        "Net Income Including Noncontrolling Interests": -115065000.0,
        "Net Income Continuous Operations": -115065000.0,
        "Tax Provision": -1638000.0,
        "Pretax Income": -116703000.0,
        "Other Income Expense": -118113000.0,
        "Other Non Operating Income Expenses": 429000.0,
        "Special Income Charges": -118542000.0,
        "Gain On Sale Of Business": -534000.0,
        "Operating Income": 1410000.0,
        "Operating Expense": 47197000.0,
        "Research And Development": 8906000.0,
        "Selling General And Administration": 38291000.0,
        "Selling And Marketing Expense": 20517000.0,
        "General And Administrative Expense": 17774000.0,
        "Other Gand A": 17774000.0,
        "Gross Profit": 48607000.0,
        "Cost Of Revenue": 67000000.0,
        "Total Revenue": 115607000.0,
        "Operating Revenue": 115410000.0
    },
    "2022-09-30": {
        "Tax Effect Of Unusual Items": -411930.0,
        "Tax Rate For Calcs": 0.345,
        "Normalized EBITDA": 18153000.0,
        "Total Unusual Items": -1194000.0,
        "Total Unusual Items Excluding Goodwill": -1194000.0,
        "Net Income From Continuing Operation Net Minority Interest": 3951000.0,
        "Reconciled Depreciation": 9707000.0,
        "Reconciled Cost Of Revenue": 68089000.0,
        "EBITDA": 16959000.0,
        "EBIT": 7252000.0,
        "Normalized Income": 4733070.0,
        "Net Income From Continuing And Discontinued Operation": 3951000.0,
        "Total Expenses": 114469000.0,
        "Total Operating Income As Reported": 6058000.0,
        "Diluted Average Shares": 27508217.0,
        "Basic Average Shares": 27505097.0,
        "Diluted EPS": 0.14,
        "Basic EPS": 0.14,
        "Diluted NI Availto Com Stockholders": 3951000.0,
        "Net Income Common Stockholders": 3951000.0,
        "Net Income": 3951000.0,
        "Net Income Including Noncontrolling Interests": 3951000.0,
        "Net Income Continuous Operations": 3951000.0,
        "Tax Provision": 2083000.0,
        "Pretax Income": 6034000.0,
        "Other Income Expense": -1218000.0,
        "Other Non Operating Income Expenses": -24000.0,
        "Special Income Charges": -1194000.0,
        "Gain On Sale Of Business": -1194000.0,
        "Impairment Of Capital Assets": NaN,
        "Operating Income": 7252000.0,
        "Operating Expense": 46380000.0,
        "Research And Development": 9309000.0,
        "Selling General And Administration": 37071000.0,
        "Selling And Marketing Expense": 20594000.0,
        "General And Administrative Expense": 16477000.0,
        "Other Gand A": 16477000.0,
        "Gross Profit": 53632000.0,
        "Cost Of Revenue": 68089000.0,
        "Total Revenue": 121721000.0,
        "Operating Revenue": 121471000.0
    },
    "2022-06-30": {
        "Tax Effect Of Unusual Items": -2077600.0,
        "Tax Rate For Calcs": 0.4,
        "Normalized EBITDA": 25631000.0,
        "Total Unusual Items": -5194000.0,
        "Total Unusual Items Excluding Goodwill": -5194000.0,
        "Net Income From Continuing Operation Net Minority Interest": 2557000.0,
        "Reconciled Depreciation": 10042000.0,
        "Reconciled Cost Of Revenue": 69480000.0,
        "EBITDA": 20437000.0,
        "EBIT": 10395000.0,
        "Normalized Income": 5673400.0,
        "Net Income From Continuing And Discontinued Operation": 2557000.0,
        "Total Expenses": 116507000.0,
        "Total Operating Income As Reported": 5201000.0,
        "Diluted Average Shares": 27536823.0,
        "Basic Average Shares": 27530739.0,
        "Diluted EPS": 0.09,
        "Basic EPS": 0.09,
        "Diluted NI Availto Com Stockholders": 2557000.0,
        "Net Income Common Stockholders": 2557000.0,
        "Net Income": 2557000.0,
        "Net Income Including Noncontrolling Interests": 2557000.0,
        "Net Income Continuous Operations": 2557000.0,
        "Tax Provision": 2645000.0,
        "Pretax Income": 5202000.0,
        "Other Income Expense": -5193000.0,
        "Other Non Operating Income Expenses": 1000.0,
        "Special Income Charges": -5194000.0,
        "Gain On Sale Of Business": -5194000.0,
        "Impairment Of Capital Assets": NaN,
        "Restructuring And Mergern Acquisition": 5194000.0,
        "Operating Income": 10395000.0,
        "Operating Expense": 47027000.0,
        "Research And Development": 9450000.0,
        "Selling General And Administration": 37577000.0,
        "Selling And Marketing Expense": 21055000.0,
        "General And Administrative Expense": 16522000.0,
        "Other Gand A": 16522000.0,
        "Gross Profit": 57422000.0,
        "Cost Of Revenue": 69480000.0,
        "Total Revenue": 126902000.0,
        "Operating Revenue": 126700000.0
    },
    "2022-03-31": {
        "Diluted EPS": 0.19,
        "Total Revenue": 124,
        "Gross Profit": 56,
        "Operating Income": 8,
        "EBIT": 18,
        "Net Income": 5
    },
    "2021-12-31": {
        "Diluted EPS": 0.44,
        "Total Revenue": 124,
        "Gross Profit": 55,
        "Operating Income": 13,
        "EBIT": 23,
        "Net Income": 12
    },
    "2021-09-30": {
        "Diluted EPS": 0.17,
        "Total Revenue": 125,
        "Gross Profit": 55,
        "Operating Income": 7,
        "EBIT": 17,
        "Net Income": 5
    },
    "2021-06-30": {
        "Diluted EPS": 0.47,
        "Total Revenue": 123,
        "Gross Profit": 57,
        "Operating Income": 16,
        "EBIT": 26,
        "Net Income": 13
    },
    "2021-03-31": {
        "Diluted EPS": 0.13,
        "Total Revenue": 116,
        "Gross Profit": 55,
        "Operating Income": 4,
        "EBIT": 14,
        "Net Income": 4
    },
    "2020-12-31": {
        "Diluted EPS": 0.35,
        "Total Revenue": 105,
        "Gross Profit": 53,
        "Operating Income": 11,
        "EBIT": 19,
        "Net Income": 10
    },
    "2020-09-30": {
        "Diluted EPS": 0.55,
        "Total Revenue": 108,
        "Gross Profit": 55,
        "Operating Income": 18,
        "EBIT": 26,
        "Net Income": 15
    },
    "2020-06-30": {
        "Diluted EPS": 0.47,
        "Total Revenue": 107,
        "Gross Profit": 52,
        "Operating Income": 14,
        "EBIT": 22,
        "Net Income": 13
    },
    "2020-03-31": {
        "Diluted EPS": 0.52,
        "Total Revenue": 115,
        "Gross Profit": 58,
        "Operating Income": 17,
        "EBIT": 25,
        "Net Income": 14
    },
    "2019-12-31": {
        "Diluted EPS": 0.56,
        "Total Revenue": 112,
        "Gross Profit": 57,
        "Operating Income": 20,
        "EBIT": 28,
        "Net Income": 15
    },
    "2019-09-30": {
        "Diluted EPS": 0.62,
        "Total Revenue": 117,
        "Gross Profit": 60,
        "Operating Income": 21,
        "EBIT": 29,
        "Net Income": 17
    },
    "2019-06-30": {
        "Diluted EPS": 0.6,
        "Total Revenue": 116,
        "Gross Profit": 60,
        "Operating Income": 20,
        "EBIT": 27,
        "Net Income": 16
    },
    "2019-03-31": {
        "Diluted EPS": 0.57,
        "Total Revenue": 113,
        "Gross Profit": 59,
        "Operating Income": 19,
        "EBIT": 27,
        "Net Income": 16
    },
    "2018-12-31": {
        "Diluted EPS": 0.71,
        "Total Revenue": 113,
        "Gross Profit": 59,
        "Operating Income": 20,
        "EBIT": 27,
        "Net Income": 19
    },
    "2018-09-30": {
        "Diluted EPS": 0.77,
        "Total Revenue": 115,
        "Gross Profit": 62,
        "Operating Income": 25,
        "EBIT": 32,
        "Net Income": 21
    },
    "2018-06-30": {
        "Diluted EPS": 0.67,
        "Total Revenue": 110,
        "Gross Profit": 59,
        "Operating Income": 22,
        "EBIT": 29,
        "Net Income": 18
    },
    "2018-03-31": {
        "Diluted EPS": 0.66,
        "Total Revenue": 108,
        "Gross Profit": 58,
        "Operating Income": 22,
        "EBIT": 28,
        "Net Income": 18
    },
    "2017-12-31": {
        "Diluted EPS": 0.53,
        "Total Revenue": 94,
        "Gross Profit": 53,
        "Operating Income": 19,
        "EBIT": 24,
        "Net Income": 14
    },
    "2017-09-30": {
        "Diluted EPS": 0.49,
        "Total Revenue": 88,
        "Gross Profit": 49,
        "Operating Income": 19,
        "EBIT": 24,
        "Net Income": 13
    },
    "2017-06-30": {
        "Diluted EPS": 0.45,
        "Total Revenue": 82,
        "Gross Profit": 46,
        "Operating Income": 16,
        "EBIT": 21,
        "Net Income": 12
    },
    "2017-03-31": {
        "Diluted EPS": 0.46,
        "Total Revenue": 80,
        "Gross Profit": 45,
        "Operating Income": 18,
        "EBIT": 22,
        "Net Income": 12
    },
    "2016-12-31": {
        "Diluted EPS": 0.36,
        "Total Revenue": 72,
        "Gross Profit": 40,
        "Operating Income": 15,
        "EBIT": 20,
        "Net Income": 9
    },
    "2016-09-30": {
        "Diluted EPS": 0.45,
        "Total Revenue": 78,
        "Gross Profit": 45,
        "Operating Income": 17,
        "EBIT": 22,
        "Net Income": 12
    },
    "2016-06-30": {
        "Diluted EPS": 0.4,
        "Total Revenue": 75,
        "Gross Profit": 42,
        "Operating Income": 15,
        "EBIT": 20,
        "Net Income": 11
    },
    "2016-03-31": {
        "Diluted EPS": 0.4,
        "Total Revenue": 73,
        "Gross Profit": 40,
        "Operating Income": 15,
        "EBIT": 19,
        "Net Income": 11
    },
    "2015-12-31": {
        "Diluted EPS": 0.46,
        "Total Revenue": 74,
        "Gross Profit": 41,
        "Operating Income": 17,
        "EBIT": 21,
        "Net Income": 12
    },
    "2015-09-30": {
        "Diluted EPS": 0.47,
        "Total Revenue": 68,
        "Gross Profit": 40,
        "Operating Income": 17,
        "EBIT": 21,
        "Net Income": 12
    },
    "2015-06-30": {
        "Diluted EPS": 0.44,
        "Total Revenue": 64,
        "Gross Profit": 38,
        "Operating Income": 17,
        "EBIT": 21,
        "Net Income": 12
    },
    "2015-03-31": {
        "Diluted EPS": 0.4,
        "Total Revenue": 59,
        "Gross Profit": 35,
        "Operating Income": 16,
        "EBIT": 20,
        "Net Income": 10
    },
    "2014-12-31": {
        "Diluted EPS": 0.39,
        "Total Revenue": 56,
        "Gross Profit": 34,
        "Operating Income": 15,
        "EBIT": 18,
        "Net Income": 10
    },
    "2014-09-30": {
        "Diluted EPS": 0.4,
        "Total Revenue": 55,
        "Gross Profit": 33,
        "Operating Income": 15,
        "EBIT": 19,
        "Net Income": 10
    },
    "2014-06-30": {
        "Diluted EPS": 0.42,
        "Total Revenue": 53,
        "Gross Profit": 33,
        "Operating Income": 16,
        "EBIT": 19,
        "Net Income": 11
    },
    "2014-03-31": {
        "Diluted EPS": 0.39,
        "Total Revenue": 46,
        "Gross Profit": 29,
        "Operating Income": 14,
        "EBIT": 17,
        "Net Income": 10
    },
    "2013-12-31": {
        "Diluted EPS": 0.37,
        "Total Revenue": 44,
        "Gross Profit": 28,
        "Operating Income": 14,
        "EBIT": 16,
        "Net Income": 10
    },
    "2013-09-30": {
        "Diluted EPS": 0.34,
        "Total Revenue": 42,
        "Gross Profit": 26,
        "Operating Income": 13,
        "EBIT": 16,
        "Net Income": 9
    },
    "2013-06-30": {
        "Diluted EPS": 0.33,
        "Total Revenue": 40,
        "Gross Profit": 25,
        "Operating Income": 13,
        "EBIT": 15,
        "Net Income": 9
    },
    "2013-03-31": {
        "Diluted EPS": 0.32,
        "Total Revenue": 37,
        "Gross Profit": 23,
        "Operating Income": 11,
        "EBIT": 13,
        "Net Income": 8
    },
    "2012-12-31": {
        "Diluted EPS": 0.3,
        "Total Revenue": 34,
        "Gross Profit": 21,
        "Operating Income": 10,
        "EBIT": 12,
        "Net Income": 7
    },
    "2012-09-30": {
        "Diluted EPS": 0.26,
        "Total Revenue": 32,
        "Gross Profit": 20,
        "Operating Income": 10,
        "EBIT": 11,
        "Net Income": 7
    },
    "2012-06-30": {
        "Diluted EPS": 0.2,
        "Total Revenue": 30,
        "Gross Profit": 18,
        "Operating Income": 7,
        "EBIT": 9,
        "Net Income": 5
    },
    "2012-03-31": {
        "Diluted EPS": 0.22,
        "Total Revenue": 30,
        "Gross Profit": 18,
        "Operating Income": 8,
        "EBIT": 9,
        "Net Income": 5
    },
    "2011-12-31": {
        "Diluted EPS": 0.09,
        "Total Revenue": 26,
        "Gross Profit": 15,
        "Operating Income": 5,
        "EBIT": 6,
        "Net Income": 3
    },
    "2011-09-30": {
        "Diluted EPS": 0.22,
        "Total Revenue": 27,
        "Gross Profit": 17,
        "Operating Income": 8,
        "EBIT": 9,
        "Net Income": 3
    },
    "2011-06-30": {
        "Diluted EPS": 0.17,
        "Total Revenue": 24,
        "Gross Profit": 15,
        "Operating Income": 7,
        "EBIT": 8,
        "Net Income": 2
    },
    "2011-03-31": {
        "Diluted EPS": 0.19,
        "Total Revenue": 22,
        "Gross Profit": 14,
        "Operating Income": 7,
        "EBIT": 8,
        "Net Income": 2
    },
    "2010-12-31": {
        "Diluted EPS": 0.0,
        "Total Revenue": 18,
        "Gross Profit": 18,
        "Operating Income": 18,
        "EBIT": 18,
        "Net Income": 3
    },
    "2010-09-30": {
        "Diluted EPS": 0.0,
        "Total Revenue": 18,
        "Gross Profit": 18,
        "Operating Income": 18,
        "EBIT": 18,
        "Net Income": 3
    },
    "2010-06-30": {
        "Diluted EPS": 0.0,
        "Total Revenue": 16,
        "Gross Profit": 16,
        "Operating Income": 16,
        "EBIT": 16,
        "Net Income": 2
    },
    "2010-03-31": {
        "Diluted EPS": 0.0,
        "Total Revenue": 13,
        "Gross Profit": 13,
        "Operating Income": 13,
        "EBIT": 13,
        "Net Income": 2
    },
    "2009-12-31": {
        "Diluted EPS": 0.0,
        "Total Revenue": NaN,
        "Gross Profit": NaN,
        "Operating Income": NaN,
        "EBIT": NaN,
        "Net Income": NaN
    },
    "2023-06-30": {
        "Tax Effect Of Unusual Items": -20580.0,
        "Tax Rate For Calcs": 0.21,
        "Normalized EBITDA": 15299000.0,
        "Total Unusual Items": -98000.0,
        "Total Unusual Items Excluding Goodwill": -98000.0,
        "Net Income From Continuing Operation Net Minority Interest": -383000.0,
        "Reconciled Depreciation": 9495000.0,
        "Reconciled Cost Of Revenue": 69142000.0,
        "EBITDA": 15201000.0,
        "EBIT": 5706000.0,
        "Normalized Income": -305580.0,
        "Net Income From Continuing And Discontinued Operation": -383000.0,
        "Total Expenses": 116559000.0,
        "Total Operating Income As Reported": 5608000.0,
        "Diluted Average Shares": 26210478.0,
        "Basic Average Shares": 26210478.0,
        "Diluted EPS": -0.01,
        "Basic EPS": -0.01,
        "Diluted NI Availto Com Stockholders": -383000.0,
        "Net Income Common Stockholders": -383000.0,
        "Net Income": -383000.0,
        "Net Income Including Noncontrolling Interests": -383000.0,
        "Net Income Continuous Operations": -383000.0,
        "Tax Provision": 2623000.0,
        "Pretax Income": 2240000.0,
        "Other Income Expense": -3466000.0,
        "Other Non Operating Income Expenses": -3368000.0,
        "Special Income Charges": -98000.0,
        "Gain On Sale Of Business": -98000.0,
        "Operating Income": 5706000.0,
        "Operating Expense": 47417000.0,
        "Research And Development": 9865000.0,
        "Selling General And Administration": 37552000.0,
        "Selling And Marketing Expense": 21730000.0,
        "General And Administrative Expense": 15822000.0,
        "Other Gand A": 15822000.0,
        "Gross Profit": 53123000.0,
        "Cost Of Revenue": 69142000.0,
        "Total Revenue": 122265000.0,
        "Operating Revenue": 122060000.0
    },
    "2023-09-30": {
        "Tax Effect Of Unusual Items": NaN,
        "Tax Rate For Calcs": NaN,
        "Normalized EBITDA": NaN,
        "Total Unusual Items": NaN,
        "Total Unusual Items Excluding Goodwill": NaN,
        "Net Income From Continuing Operation Net Minority Interest": NaN,
        "Reconciled Depreciation": NaN,
        "Reconciled Cost Of Revenue": NaN,
        "EBITDA": NaN,
        "EBIT": NaN,
        "Normalized Income": NaN,
        "Net Income From Continuing And Discontinued Operation": NaN,
        "Total Expenses": NaN,
        "Total Operating Income As Reported": NaN,
        "Diluted Average Shares": 26028456.0,
        "Basic Average Shares": 26023830.0,
        "Diluted EPS": 0.31,
        "Basic EPS": 0.31,
        "Diluted NI Availto Com Stockholders": NaN,
        "Net Income Common Stockholders": NaN,
        "Net Income": NaN,
        "Net Income Including Noncontrolling Interests": NaN,
        "Net Income Continuous Operations": NaN,
        "Tax Provision": NaN,
        "Pretax Income": NaN,
        "Other Income Expense": NaN,
        "Other Non Operating Income Expenses": NaN,
        "Special Income Charges": NaN,
        "Gain On Sale Of Business": NaN,
        "Operating Income": NaN,
        "Operating Expense": NaN,
        "Research And Development": NaN,
        "Selling General And Administration": NaN,
        "Selling And Marketing Expense": NaN,
        "General And Administrative Expense": NaN,
        "Other Gand A": NaN,
        "Gross Profit": NaN,
        "Cost Of Revenue": NaN,
        "Total Revenue": NaN,
        "Operating Revenue": NaN
    },
    "2023-12-31": {
        "Tax Effect Of Unusual Items": -8602.535721,
        "Tax Rate For Calcs": 0.296639,
        "Normalized EBITDA": 17768000.0,
        "Total Unusual Items": -29000.0,
        "Total Unusual Items Excluding Goodwill": -29000.0,
        "Net Income From Continuing Operation Net Minority Interest": 6990000.0,
        "Reconciled Depreciation": 9315000.0,
        "Reconciled Cost Of Revenue": 69236000.0,
        "EBITDA": 17739000.0,
        "EBIT": 8424000.0,
        "Normalized Income": 7010397.464279,
        "Net Income From Continuing And Discontinued Operation": 6990000.0,
        "Total Expenses": 116624000.0,
        "Total Operating Income As Reported": 8395000.0,
        "Diluted Average Shares": 25889004.0,
        "Basic Average Shares": 25820802.0,
        "Diluted EPS": 0.27,
        "Basic EPS": 0.27,
        "Diluted NI Availto Com Stockholders": 6990000.0,
        "Net Income Common Stockholders": 6990000.0,
        "Net Income": 6990000.0,
        "Net Income Including Noncontrolling Interests": 6990000.0,
        "Net Income Continuous Operations": 6990000.0,
        "Tax Provision": 2948000.0,
        "Pretax Income": 9938000.0,
        "Other Income Expense": 1514000.0,
        "Other Non Operating Income Expenses": 1543000.0,
        "Special Income Charges": -29000.0,
        "Gain On Sale Of Business": -29000.0,
        "Operating Income": 8424000.0,
        "Operating Expense": 47388000.0,
        "Research And Development": 9488000.0,
        "Selling General And Administration": 37900000.0,
        "Selling And Marketing Expense": 21825000.0,
        "General And Administrative Expense": 16075000.0,
        "Other Gand A": 16075000.0,
        "Gross Profit": 55812000.0,
        "Cost Of Revenue": 69236000.0,
        "Total Revenue": 125048000.0,
        "Operating Revenue": 124792000.0
    },
    "2024-03-31": {
        "Tax Effect Of Unusual Items": NaN,
        "Tax Rate For Calcs": NaN,
        "Normalized EBITDA": NaN,
        "Total Unusual Items": NaN,
        "Total Unusual Items Excluding Goodwill": NaN,
        "Net Income From Continuing Operation Net Minority Interest": NaN,
        "Reconciled Depreciation": NaN,
        "Reconciled Cost Of Revenue": NaN,
        "EBITDA": NaN,
        "EBIT": NaN,
        "Normalized Income": NaN,
        "Net Income From Continuing And Discontinued Operation": NaN,
        "Total Expenses": NaN,
        "Total Operating Income As Reported": NaN,
        "Diluted Average Shares": NaN,
        "Basic Average Shares": 25624949.0,
        "Diluted EPS": 0.2,
        "Basic EPS": NaN,
        "Diluted NI Availto Com Stockholders": NaN,
        "Net Income Common Stockholders": NaN,
        "Net Income": NaN,
        "Net Income Including Noncontrolling Interests": NaN,
        "Net Income Continuous Operations": NaN,
        "Tax Provision": NaN,
        "Pretax Income": NaN,
        "Other Income Expense": NaN,
        "Other Non Operating Income Expenses": NaN,
        "Special Income Charges": NaN,
        "Gain On Sale Of Business": NaN,
        "Operating Income": NaN,
        "Operating Expense": NaN,
        "Research And Development": NaN,
        "Selling General And Administration": NaN,
        "Selling And Marketing Expense": NaN,
        "General And Administrative Expense": NaN,
        "Other Gand A": NaN,
        "Gross Profit": NaN,
        "Cost Of Revenue": NaN,
        "Total Revenue": NaN,
        "Operating Revenue": NaN
    },
    "2024-06-30": {
        "Tax Effect Of Unusual Items": 0.0,
        "Tax Rate For Calcs": 0.383,
        "Normalized EBITDA": 14971000.0,
        "Total Unusual Items": 0.0,
        "Total Unusual Items Excluding Goodwill": 0.0,
        "Net Income From Continuing Operation Net Minority Interest": 4540000.0,
        "Reconciled Depreciation": 8972000.0,
        "Reconciled Cost Of Revenue": 69085000.0,
        "EBITDA": 14971000.0,
        "EBIT": 5999000.0,
        "Normalized Income": 4540000.0,
        "Net Income From Continuing And Discontinued Operation": 4540000.0,
        "Total Expenses": 119632000.0,
        "Total Operating Income As Reported": 5999000.0,
        "Diluted Average Shares": 25372972.0,
        "Basic Average Shares": 25313036.0,
        "Diluted EPS": 0.18,
        "Basic EPS": 0.18,
        "Diluted NI Availto Com Stockholders": 4540000.0,
        "Net Income Common Stockholders": 4540000.0,
        "Net Income": 4540000.0,
        "Net Income Including Noncontrolling Interests": 4540000.0,
        "Net Income Continuous Operations": 4540000.0,
        "Tax Provision": 2820000.0,
        "Pretax Income": 7360000.0,
        "Other Income Expense": 1361000.0,
        "Other Non Operating Income Expenses": 1361000.0,
        "Special Income Charges": 0.0,
        "Gain On Sale Of Business": 0.0,
        "Operating Income": 5999000.0,
        "Operating Expense": 50547000.0,
        "Research And Development": 10661000.0,
        "Selling General And Administration": 39886000.0,
        "Selling And Marketing Expense": 23291000.0,
        "General And Administrative Expense": 16595000.0,
        "Other Gand A": 16595000.0,
        "Gross Profit": 56546000.0,
        "Cost Of Revenue": 69085000.0,
        "Total Revenue": 125631000.0,
        "Operating Revenue": 125522000.0
    },
    "2024-09-30": {
        "Tax Effect Of Unusual Items": 0.0,
        "Tax Rate For Calcs": 0.271,
        "Normalized EBITDA": 17489000.0,
        "Total Unusual Items": 0.0,
        "Total Unusual Items Excluding Goodwill": 0.0,
        "Net Income From Continuing Operation Net Minority Interest": 7189000.0,
        "Reconciled Depreciation": 8909000.0,
        "Reconciled Cost Of Revenue": 68389000.0,
        "EBITDA": 17489000.0,
        "EBIT": 8580000.0,
        "Normalized Income": 7189000.0,
        "Net Income From Continuing And Discontinued Operation": 7189000.0,
        "Total Expenses": 117039000.0,
        "Total Operating Income As Reported": 8580000.0,
        "Diluted Average Shares": 25022485.0,
        "Basic Average Shares": 24980536.0,
        "Diluted EPS": 0.29,
        "Basic EPS": 0.29,
        "Diluted NI Availto Com Stockholders": 7189000.0,
        "Net Income Common Stockholders": 7189000.0,
        "Net Income": 7189000.0,
        "Net Income Including Noncontrolling Interests": 7189000.0,
        "Net Income Continuous Operations": 7189000.0,
        "Tax Provision": 2679000.0,
        "Pretax Income": 9868000.0,
        "Other Income Expense": 1288000.0,
        "Other Non Operating Income Expenses": 1288000.0,
        "Special Income Charges": 0.0,
        "Gain On Sale Of Business": 0.0,
        "Operating Income": 8580000.0,
        "Operating Expense": 48650000.0,
        "Research And Development": 9772000.0,
        "Selling General And Administration": 38878000.0,
        "Selling And Marketing Expense": 22619000.0,
        "General And Administrative Expense": 16259000.0,
        "Other Gand A": 16259000.0,
        "Gross Profit": 57230000.0,
        "Cost Of Revenue": 68389000.0,
        "Total Revenue": 125619000.0,
        "Operating Revenue": 125338000.0
    },
    "2024-12-31": {
        "Tax Effect Of Unusual Items": -1172850.0,
        "Tax Rate For Calcs": 0.21,
        "Normalized EBITDA": 18499000.0,
        "Total Unusual Items": -5585000.0,
        "Total Unusual Items Excluding Goodwill": -5585000.0,
        "Net Income From Continuing Operation Net Minority Interest": -404000.0,
        "Reconciled Depreciation": 8824000.0,
        "Reconciled Cost Of Revenue": 69793000.0,
        "EBITDA": 12914000.0,
        "EBIT": 4090000.0,
        "Normalized Income": 4008150.0,
        "Net Income From Continuing And Discontinued Operation": -404000.0,
        "Total Expenses": 117660000.0,
        "Total Operating Income As Reported": -1495000.0,
        "Diluted Average Shares": 24474051.0,
        "Basic Average Shares": 24474051.0,
        "Diluted EPS": -0.02,
        "Basic EPS": -0.02,
        "Diluted NI Availto Com Stockholders": -404000.0,
        "Net Income Common Stockholders": -404000.0,
        "Net Income": -404000.0,
        "Net Income Including Noncontrolling Interests": -404000.0,
        "Net Income Continuous Operations": -404000.0,
        "Tax Provision": 122000.0,
        "Pretax Income": -282000.0,
        "Other Income Expense": -4372000.0,
        "Other Non Operating Income Expenses": 1213000.0,
        "Special Income Charges": -5585000.0,
        "Gain On Sale Of Business": -5585000.0,
        "Operating Income": 4090000.0,
        "Operating Expense": 47867000.0,
        "Research And Development": 9698000.0,
        "Selling General And Administration": 38169000.0,
        "Selling And Marketing Expense": 23003000.0,
        "General And Administrative Expense": 15166000.0,
        "Other Gand A": 15166000.0,
        "Gross Profit": 51957000.0,
        "Cost Of Revenue": 69793000.0,
        "Total Revenue": 121750000.0,
        "Operating Revenue": 121544000.0
    },
    "2025-03-31": {
        "Tax Effect Of Unusual Items": 15561.0,
        "Tax Rate For Calcs": 0.399,
        "Normalized EBITDA": 13147000.0,
        "Total Unusual Items": 39000.0,
        "Total Unusual Items Excluding Goodwill": 39000.0,
        "Net Income From Continuing Operation Net Minority Interest": 3599000.0,
        "Reconciled Depreciation": 8694000.0,
        "Reconciled Cost Of Revenue": 70507000.0,
        "EBITDA": 13186000.0,
        "EBIT": 4492000.0,
        "Normalized Income": 3575561.0,
        "Net Income From Continuing And Discontinued Operation": 3599000.0,
        "Total Expenses": 121713000.0,
        "Total Operating Income As Reported": 4531000.0,
        "Diluted Average Shares": 24435844.0,
        "Basic Average Shares": 24135320.0,
        "Diluted EPS": 0.15,
        "Basic EPS": 0.15,
        "Diluted NI Availto Com Stockholders": 3599000.0,
        "Net Income Common Stockholders": 3599000.0,
        "Net Income": 3599000.0,
        "Net Income Including Noncontrolling Interests": 3599000.0,
        "Net Income Continuous Operations": 3599000.0,
        "Tax Provision": 2386000.0,
        "Pretax Income": 5985000.0,
        "Other Income Expense": 1493000.0,
        "Other Non Operating Income Expenses": 1454000.0,
        "Special Income Charges": 39000.0,
        "Gain On Sale Of Business": 39000.0,
        "Operating Income": 4492000.0,
        "Operating Expense": 51206000.0,
        "Research And Development": 10609000.0,
        "Selling General And Administration": 40597000.0,
        "Selling And Marketing Expense": 23749000.0,
        "General And Administrative Expense": 16848000.0,
        "Other Gand A": 16848000.0,
        "Gross Profit": 55698000.0,
        "Cost Of Revenue": 70507000.0,
        "Total Revenue": 126205000.0,
        "Operating Revenue": 125971000.0
    },
    "2025-06-30": {
        "Tax Effect Of Unusual Items": -50213.0,
        "Tax Rate For Calcs": 0.337,
        "Normalized EBITDA": 13837000.0,
        "Total Unusual Items": -149000.0,
        "Total Unusual Items Excluding Goodwill": -149000.0,
        "Net Income From Continuing Operation Net Minority Interest": 4427000.0,
        "Reconciled Depreciation": 8570000.0,
        "Reconciled Cost Of Revenue": 75289000.0,
        "EBITDA": 13688000.0,
        "EBIT": 5118000.0,
        "Normalized Income": 4525787.0,
        "Net Income From Continuing And Discontinued Operation": 4427000.0,
        "Total Expenses": 129945000.0,
        "Total Operating Income As Reported": 4969000.0,
        "Diluted Average Shares": 24101592.0,
        "Basic Average Shares": 23900390.0,
        "Diluted EPS": 0.18,
        "Basic EPS": 0.19,
        "Diluted NI Availto Com Stockholders": 4427000.0,
        "Net Income Common Stockholders": 4427000.0,
        "Net Income": 4427000.0,
        "Net Income Including Noncontrolling Interests": 4427000.0,
        "Net Income Continuous Operations": 4427000.0,
        "Tax Provision": 2247000.0,
        "Pretax Income": 6674000.0,
        "Other Income Expense": 1556000.0,
        "Other Non Operating Income Expenses": 1705000.0,
        "Special Income Charges": -149000.0,
        "Gain On Sale Of Business": -149000.0,
        "Operating Income": 5118000.0,
        "Operating Expense": 54656000.0,
        "Research And Development": 11173000.0,
        "Selling General And Administration": 43483000.0,
        "Selling And Marketing Expense": 24731000.0,
        "General And Administrative Expense": 18752000.0,
        "Other Gand A": 18752000.0,
        "Gross Profit": 59774000.0,
        "Cost Of Revenue": 75289000.0,
        "Total Revenue": 135063000.0,
        "Operating Revenue": 134878000.0
    },
    "2025-09-30": {
        "Tax Effect Of Unusual Items": -12136.0,
        "Tax Rate For Calcs": 0.296,
        "Normalized EBITDA": 17321000.0,
        "Total Unusual Items": -41000.0,
        "Total Unusual Items Excluding Goodwill": -41000.0,
        "Net Income From Continuing Operation Net Minority Interest": 7216000.0,
        "Reconciled Depreciation": 8429000.0,
        "Reconciled Cost Of Revenue": 74073000.0,
        "EBITDA": 17280000.0,
        "EBIT": 8851000.0,
        "Normalized Income": 7244864.0,
        "Net Income From Continuing And Discontinued Operation": 7216000.0,
        "Total Expenses": 126515000.0,
        "Total Operating Income As Reported": 8810000.0,
        "Diluted Average Shares": 24191039.0,
        "Basic Average Shares": 23889157.0,
        "Diluted EPS": 0.3,
        "Basic EPS": 0.3,
        "Diluted NI Availto Com Stockholders": 7216000.0,
        "Net Income Common Stockholders": 7216000.0,
        "Net Income": 7216000.0,
        "Net Income Including Noncontrolling Interests": 7216000.0,
        "Net Income Continuous Operations": 7216000.0,
        "Tax Provision": 3035000.0,
        "Pretax Income": 10251000.0,
        "Other Income Expense": 1400000.0,
        "Other Non Operating Income Expenses": 1441000.0,
        "Special Income Charges": -41000.0,
        "Gain On Sale Of Business": -41000.0,
        "Operating Income": 8851000.0,
        "Operating Expense": 52442000.0,
        "Research And Development": 10705000.0,
        "Selling General And Administration": 41737000.0,
        "Selling And Marketing Expense": 24574000.0,
        "General And Administrative Expense": 17163000.0,
        "Other Gand A": 17163000.0,
        "Gross Profit": 61293000.0,
        "Cost Of Revenue": 74073000.0,
        "Total Revenue": 135366000.0,
        "Operating Revenue": 135157000.0
    }
}