{
    "2023-03-31": {
        "Tax Effect Of Unusual Items": NaN,
        "Tax Rate For Calcs": NaN,
        "Normalized EBITDA": NaN,
        "Net Income From Continuing Operation Net Minority Interest": NaN,
        "Reconciled Depreciation": NaN,
        "EBITDA": NaN,
        "EBIT": NaN,
        "Normalized Income": NaN,
        "Net Income From Continuing And Discontinued Operation": NaN,
        "Total Expenses": NaN,
        "Total Operating Income As Reported": NaN,
        "Diluted Average Shares": 47737190.0,
        "Basic Average Shares": 47737190.0,
        "Diluted EPS": -0.58,
        "Basic EPS": -0.58,
        "Diluted NI Availto Com Stockholders": NaN,
        "Net Income Common Stockholders": NaN,
        "Net Income": NaN,
        "Net Income Including Noncontrolling Interests": NaN,
        "Net Income Continuous Operations": NaN,
        "Pretax Income": NaN,
        "Other Income Expense": NaN,
        "Other Non Operating Income Expenses": NaN,
        "Operating Income": NaN,
        "Operating Expense": NaN,
        "Research And Development": NaN,
        "Selling General And Administration": NaN,
        "General And Administrative Expense": NaN,
        "Other Gand A": NaN,
        "Total Revenue": NaN,
        "Operating Revenue": NaN
    },
    "2022-12-31": {
        "Tax Effect Of Unusual Items": 0.0,
        "Tax Rate For Calcs": 0.0,
        "Normalized EBITDA": -33023000.0,
        "Net Income From Continuing Operation Net Minority Interest": -28641000.0,
        "Reconciled Depreciation": 362000.0,
        "EBITDA": -33023000.0,
        "EBIT": -33385000.0,
        "Normalized Income": -28641000.0,
        "Net Income From Continuing And Discontinued Operation": -28641000.0,
        "Total Expenses": 33385000.0,
        "Total Operating Income As Reported": -33385000.0,
        "Diluted Average Shares": NaN,
        "Basic Average Shares": NaN,
        "Diluted EPS": NaN,
        "Basic EPS": NaN,
        "Diluted NI Availto Com Stockholders": -28641000.0,
        "Net Income Common Stockholders": -28641000.0,
        "Net Income": -28641000.0,
        "Net Income Including Noncontrolling Interests": -28641000.0,
        "Net Income Continuous Operations": -28641000.0,
        "Pretax Income": -28641000.0,
        "Other Income Expense": 4744000.0,
        "Other Non Operating Income Expenses": 4744000.0,
        "Operating Income": -33385000.0,
        "Operating Expense": 33385000.0,
        "Research And Development": 25869000.0,
        "Selling General And Administration": 7516000.0,
        "General And Administrative Expense": 7516000.0,
        "Other Gand A": 7516000.0,
        "Total Revenue": 0.0,
        "Operating Revenue": 0.0
    },
    "2022-09-30": {
        "Tax Effect Of Unusual Items": NaN,
        "Tax Rate For Calcs": NaN,
        "Normalized EBITDA": NaN,
        "Net Income From Continuing Operation Net Minority Interest": NaN,
        "Reconciled Depreciation": NaN,
        "EBITDA": NaN,
        "EBIT": NaN,
        "Normalized Income": NaN,
        "Net Income From Continuing And Discontinued Operation": NaN,
        "Total Expenses": NaN,
        "Total Operating Income As Reported": NaN,
        "Diluted Average Shares": 47449811.0,
        "Basic Average Shares": 47449811.0,
        "Diluted EPS": -0.63,
        "Basic EPS": -0.63,
        "Diluted NI Availto Com Stockholders": NaN,
        "Net Income Common Stockholders": NaN,
        "Net Income": NaN,
        "Net Income Including Noncontrolling Interests": NaN,
        "Net Income Continuous Operations": NaN,
        "Pretax Income": NaN,
        "Other Income Expense": NaN,
        "Other Non Operating Income Expenses": NaN,
        "Operating Income": NaN,
        "Operating Expense": NaN,
        "Research And Development": NaN,
        "Selling General And Administration": NaN,
        "General And Administrative Expense": NaN,
        "Other Gand A": NaN,
        "Total Revenue": NaN,
        "Operating Revenue": NaN
    },
    "2022-06-30": {
        "Tax Effect Of Unusual Items": 0.0,
        "Tax Rate For Calcs": 0.0,
        "Normalized EBITDA": -29143000.0,
        "Net Income From Continuing Operation Net Minority Interest": -27374000.0,
        "Reconciled Depreciation": 318000.0,
        "EBITDA": -29143000.0,
        "EBIT": -29461000.0,
        "Normalized Income": -27374000.0,
        "Net Income From Continuing And Discontinued Operation": -27374000.0,
        "Total Expenses": 29461000.0,
        "Total Operating Income As Reported": -29461000.0,
        "Diluted Average Shares": 47276684.0,
        "Basic Average Shares": 47276684.0,
        "Diluted EPS": -0.58,
        "Basic EPS": -0.58,
        "Diluted NI Availto Com Stockholders": -27374000.0,
        "Net Income Common Stockholders": -27374000.0,
        "Net Income": -27374000.0,
        "Net Income Including Noncontrolling Interests": -27374000.0,
        "Net Income Continuous Operations": -27374000.0,
        "Pretax Income": -27374000.0,
        "Other Income Expense": 2087000.0,
        "Other Non Operating Income Expenses": 2087000.0,
        "Operating Income": -29461000.0,
        "Operating Expense": 29461000.0,
        "Research And Development": 21310000.0,
        "Selling General And Administration": 8151000.0,
        "General And Administrative Expense": 8151000.0,
        "Other Gand A": 8151000.0,
        "Total Revenue": 0.0,
        "Operating Revenue": 0.0
    },
    "2022-03-31": {
        "Diluted EPS": -0.63,
        "Total Revenue": NaN,
        "Gross Profit": NaN,
        "Operating Income": -30,
        "EBIT": -29,
        "Net Income": -29
    },
    "2021-12-31": {
        "Diluted EPS": -0.72,
        "Total Revenue": NaN,
        "Gross Profit": NaN,
        "Operating Income": -33,
        "EBIT": -32,
        "Net Income": -33
    },
    "2021-09-30": {
        "Diluted EPS": -0.66,
        "Total Revenue": NaN,
        "Gross Profit": NaN,
        "Operating Income": -31,
        "EBIT": -30,
        "Net Income": -31
    },
    "2021-06-30": {
        "Diluted EPS": -0.58,
        "Total Revenue": NaN,
        "Gross Profit": NaN,
        "Operating Income": -28,
        "EBIT": -28,
        "Net Income": -27
    },
    "2021-03-31": {
        "Diluted EPS": -0.47,
        "Total Revenue": NaN,
        "Gross Profit": NaN,
        "Operating Income": -22,
        "EBIT": -22,
        "Net Income": -21
    },
    "2020-12-31": {
        "Diluted EPS": 11.31,
        "Total Revenue": NaN,
        "Gross Profit": NaN,
        "Operating Income": -19,
        "EBIT": -19,
        "Net Income": -19
    },
    "2020-09-30": {
        "Diluted EPS": -5.25,
        "Total Revenue": NaN,
        "Gross Profit": NaN,
        "Operating Income": -18,
        "EBIT": -18,
        "Net Income": -17
    },
    "2020-06-30": {
        "Diluted EPS": -5.5,
        "Total Revenue": NaN,
        "Gross Profit": NaN,
        "Operating Income": -11,
        "EBIT": -11,
        "Net Income": -11
    },
    "2020-03-31": {
        "Diluted EPS": -5.12,
        "Total Revenue": NaN,
        "Gross Profit": NaN,
        "Operating Income": -10,
        "EBIT": -10,
        "Net Income": -10
    },
    "2019-12-31": {
        "Diluted EPS": 0.0,
        "Total Revenue": NaN,
        "Gross Profit": NaN,
        "Operating Income": NaN,
        "EBIT": NaN,
        "Net Income": NaN
    },
    "2019-09-30": {
        "Diluted EPS": -3.93,
        "Total Revenue": NaN,
        "Gross Profit": NaN,
        "Operating Income": -7,
        "EBIT": -7,
        "Net Income": -7
    },
    "2023-06-30": {
        "Tax Effect Of Unusual Items": NaN,
        "Tax Rate For Calcs": NaN,
        "Normalized EBITDA": NaN,
        "Net Income From Continuing Operation Net Minority Interest": NaN,
        "Reconciled Depreciation": NaN,
        "EBITDA": NaN,
        "EBIT": NaN,
        "Normalized Income": NaN,
        "Net Income From Continuing And Discontinued Operation": NaN,
        "Total Expenses": NaN,
        "Total Operating Income As Reported": NaN,
        "Diluted Average Shares": 56240491.0,
        "Basic Average Shares": 56240491.0,
        "Diluted EPS": -0.54,
        "Basic EPS": -0.54,
        "Diluted NI Availto Com Stockholders": NaN,
        "Net Income Common Stockholders": NaN,
        "Net Income": NaN,
        "Net Income Including Noncontrolling Interests": NaN,
        "Net Income Continuous Operations": NaN,
        "Pretax Income": NaN,
        "Other Income Expense": NaN,
        "Other Non Operating Income Expenses": NaN,
        "Operating Income": NaN,
        "Operating Expense": NaN,
        "Research And Development": NaN,
        "Selling General And Administration": NaN,
        "General And Administrative Expense": NaN,
        "Other Gand A": NaN,
        "Total Revenue": NaN,
        "Operating Revenue": NaN
    },
    "2023-09-30": {
        "Tax Effect Of Unusual Items": NaN,
        "Tax Rate For Calcs": NaN,
        "Normalized EBITDA": NaN,
        "Net Income From Continuing Operation Net Minority Interest": NaN,
        "Reconciled Depreciation": NaN,
        "EBITDA": NaN,
        "EBIT": NaN,
        "Normalized Income": NaN,
        "Net Income From Continuing And Discontinued Operation": NaN,
        "Total Expenses": NaN,
        "Total Operating Income As Reported": NaN,
        "Diluted Average Shares": 67639993.0,
        "Basic Average Shares": 67639993.0,
        "Diluted EPS": -0.45,
        "Basic EPS": -0.45,
        "Diluted NI Availto Com Stockholders": NaN,
        "Net Income Common Stockholders": NaN,
        "Net Income": NaN,
        "Net Income Including Noncontrolling Interests": NaN,
        "Net Income Continuous Operations": NaN,
        "Pretax Income": NaN,
        "Other Income Expense": NaN,
        "Other Non Operating Income Expenses": NaN,
        "Operating Income": NaN,
        "Operating Expense": NaN,
        "Research And Development": NaN,
        "Selling General And Administration": NaN,
        "General And Administrative Expense": NaN,
        "Other Gand A": NaN,
        "Total Revenue": NaN,
        "Operating Revenue": NaN
    },
    "2023-12-31": {
        "Tax Effect Of Unusual Items": 0.0,
        "Tax Rate For Calcs": 0.0,
        "Normalized EBITDA": -37048000.0,
        "Net Income From Continuing Operation Net Minority Interest": -33075000.0,
        "Reconciled Depreciation": 331000.0,
        "EBITDA": -37048000.0,
        "EBIT": -37379000.0,
        "Normalized Income": -33075000.0,
        "Net Income From Continuing And Discontinued Operation": -33075000.0,
        "Total Expenses": 37379000.0,
        "Total Operating Income As Reported": -37379000.0,
        "Diluted Average Shares": NaN,
        "Basic Average Shares": NaN,
        "Diluted EPS": NaN,
        "Basic EPS": NaN,
        "Diluted NI Availto Com Stockholders": -33075000.0,
        "Net Income Common Stockholders": -33075000.0,
        "Net Income": -33075000.0,
        "Net Income Including Noncontrolling Interests": -33075000.0,
        "Net Income Continuous Operations": -33075000.0,
        "Pretax Income": -33075000.0,
        "Other Income Expense": 4304000.0,
        "Other Non Operating Income Expenses": 4304000.0,
        "Operating Income": -37379000.0,
        "Operating Expense": 37379000.0,
        "Research And Development": 30332000.0,
        "Selling General And Administration": 7047000.0,
        "General And Administrative Expense": 7047000.0,
        "Other Gand A": 7047000.0,
        "Total Revenue": 0.0,
        "Operating Revenue": 0.0
    },
    "2024-03-31": {
        "Tax Effect Of Unusual Items": NaN,
        "Tax Rate For Calcs": NaN,
        "Normalized EBITDA": NaN,
        "Net Income From Continuing Operation Net Minority Interest": NaN,
        "Reconciled Depreciation": NaN,
        "EBITDA": NaN,
        "EBIT": NaN,
        "Normalized Income": NaN,
        "Net Income From Continuing And Discontinued Operation": NaN,
        "Total Expenses": NaN,
        "Total Operating Income As Reported": NaN,
        "Diluted Average Shares": 75735954.0,
        "Basic Average Shares": 75735954.0,
        "Diluted EPS": -0.42,
        "Basic EPS": -0.42,
        "Diluted NI Availto Com Stockholders": NaN,
        "Net Income Common Stockholders": NaN,
        "Net Income": NaN,
        "Net Income Including Noncontrolling Interests": NaN,
        "Net Income Continuous Operations": NaN,
        "Pretax Income": NaN,
        "Other Income Expense": NaN,
        "Other Non Operating Income Expenses": NaN,
        "Operating Income": NaN,
        "Operating Expense": NaN,
        "Research And Development": NaN,
        "Selling General And Administration": NaN,
        "General And Administrative Expense": NaN,
        "Other Gand A": NaN,
        "Total Revenue": NaN,
        "Operating Revenue": NaN
    },
    "2024-06-30": {
        "Tax Effect Of Unusual Items": NaN,
        "Tax Rate For Calcs": NaN,
        "Normalized EBITDA": NaN,
        "Net Income From Continuing Operation Net Minority Interest": NaN,
        "Reconciled Depreciation": NaN,
        "EBITDA": NaN,
        "EBIT": NaN,
        "Normalized Income": NaN,
        "Net Income From Continuing And Discontinued Operation": NaN,
        "Total Expenses": NaN,
        "Total Operating Income As Reported": NaN,
        "Diluted Average Shares": 75762152.0,
        "Basic Average Shares": 75762152.0,
        "Diluted EPS": -0.46,
        "Basic EPS": -0.46,
        "Diluted NI Availto Com Stockholders": NaN,
        "Net Income Common Stockholders": NaN,
        "Net Income": NaN,
        "Net Income Including Noncontrolling Interests": NaN,
        "Net Income Continuous Operations": NaN,
        "Pretax Income": NaN,
        "Other Income Expense": NaN,
        "Other Non Operating Income Expenses": NaN,
        "Operating Income": NaN,
        "Operating Expense": NaN,
        "Research And Development": NaN,
        "Selling General And Administration": NaN,
        "General And Administrative Expense": NaN,
        "Other Gand A": NaN,
        "Total Revenue": NaN,
        "Operating Revenue": NaN
    },
    "2024-09-30": {
        "Tax Effect Of Unusual Items": 0.0,
        "Tax Rate For Calcs": 0.0,
        "Normalized EBITDA": -33971000.0,
        "Net Income From Continuing Operation Net Minority Interest": -32271000.0,
        "Reconciled Depreciation": 405000.0,
        "EBITDA": -33971000.0,
        "EBIT": -34376000.0,
        "Normalized Income": -32271000.0,
        "Net Income From Continuing And Discontinued Operation": -32271000.0,
        "Total Expenses": 37376000.0,
        "Total Operating Income As Reported": -34376000.0,
        "Diluted Average Shares": 75855949.0,
        "Basic Average Shares": 75855949.0,
        "Diluted EPS": -0.43,
        "Basic EPS": -0.43,
        "Diluted NI Availto Com Stockholders": -32271000.0,
        "Net Income Common Stockholders": -32271000.0,
        "Net Income": -32271000.0,
        "Net Income Including Noncontrolling Interests": -32271000.0,
        "Net Income Continuous Operations": -32271000.0,
        "Pretax Income": -32271000.0,
        "Other Income Expense": 2105000.0,
        "Other Non Operating Income Expenses": 2105000.0,
        "Operating Income": -34376000.0,
        "Operating Expense": 37376000.0,
        "Research And Development": 29457000.0,
        "Selling General And Administration": 7919000.0,
        "General And Administrative Expense": 7919000.0,
        "Other Gand A": 7919000.0,
        "Total Revenue": 3000000.0,
        "Operating Revenue": 3000000.0
    },
    "2024-12-31": {
        "Tax Effect Of Unusual Items": 0.0,
        "Tax Rate For Calcs": 0.0,
        "Normalized EBITDA": -33342000.0,
        "Net Income From Continuing Operation Net Minority Interest": -28731000.0,
        "Reconciled Depreciation": 489000.0,
        "EBITDA": -33342000.0,
        "EBIT": -33831000.0,
        "Normalized Income": -28731000.0,
        "Net Income From Continuing And Discontinued Operation": -28731000.0,
        "Total Expenses": 37831000.0,
        "Total Operating Income As Reported": -33831000.0,
        "Diluted Average Shares": NaN,
        "Basic Average Shares": NaN,
        "Diluted EPS": NaN,
        "Basic EPS": NaN,
        "Diluted NI Availto Com Stockholders": -28731000.0,
        "Net Income Common Stockholders": -28731000.0,
        "Net Income": -28731000.0,
        "Net Income Including Noncontrolling Interests": -28731000.0,
        "Net Income Continuous Operations": -28731000.0,
        "Pretax Income": -28731000.0,
        "Other Income Expense": 5100000.0,
        "Other Non Operating Income Expenses": 5100000.0,
        "Operating Income": -33831000.0,
        "Operating Expense": 37831000.0,
        "Research And Development": 31620000.0,
        "Selling General And Administration": 6211000.0,
        "General And Administrative Expense": 6211000.0,
        "Other Gand A": 6211000.0,
        "Total Revenue": 4000000.0,
        "Operating Revenue": 4000000.0
    },
    "2025-03-31": {
        "Tax Effect Of Unusual Items": 0.0,
        "Tax Rate For Calcs": 0.0,
        "Normalized EBITDA": -34171000.0,
        "Net Income From Continuing Operation Net Minority Interest": -32085000.0,
        "Reconciled Depreciation": 435000.0,
        "EBITDA": -34171000.0,
        "EBIT": -34606000.0,
        "Normalized Income": -32085000.0,
        "Net Income From Continuing And Discontinued Operation": -32085000.0,
        "Total Expenses": 34606000.0,
        "Total Operating Income As Reported": -34606000.0,
        "Diluted Average Shares": 75986281.0,
        "Basic Average Shares": 75986281.0,
        "Diluted EPS": -0.42,
        "Basic EPS": -0.42,
        "Diluted NI Availto Com Stockholders": -32085000.0,
        "Net Income Common Stockholders": -32085000.0,
        "Net Income": -32085000.0,
        "Net Income Including Noncontrolling Interests": -32085000.0,
        "Net Income Continuous Operations": -32085000.0,
        "Pretax Income": -32085000.0,
        "Other Income Expense": 2521000.0,
        "Other Non Operating Income Expenses": 2521000.0,
        "Operating Income": -34606000.0,
        "Operating Expense": 34606000.0,
        "Research And Development": 28816000.0,
        "Selling General And Administration": 5790000.0,
        "General And Administrative Expense": 5790000.0,
        "Other Gand A": 5790000.0,
        "Total Revenue": 0.0,
        "Operating Revenue": 0.0
    },
    "2025-06-30": {
        "Tax Effect Of Unusual Items": 0.0,
        "Tax Rate For Calcs": 0.0,
        "Normalized EBITDA": -31761000.0,
        "Net Income From Continuing Operation Net Minority Interest": -31231000.0,
        "Reconciled Depreciation": 433000.0,
        "EBITDA": -31761000.0,
        "EBIT": -32194000.0,
        "Normalized Income": -31231000.0,
        "Net Income From Continuing And Discontinued Operation": -31231000.0,
        "Total Expenses": 32194000.0,
        "Total Operating Income As Reported": -32194000.0,
        "Diluted Average Shares": 75993941.0,
        "Basic Average Shares": 75993941.0,
        "Diluted EPS": -0.41,
        "Basic EPS": -0.41,
        "Diluted NI Availto Com Stockholders": -31231000.0,
        "Net Income Common Stockholders": -31231000.0,
        "Net Income": -31231000.0,
        "Net Income Including Noncontrolling Interests": -31231000.0,
        "Net Income Continuous Operations": -31231000.0,
        "Pretax Income": -31231000.0,
        "Other Income Expense": 963000.0,
        "Other Non Operating Income Expenses": 963000.0,
        "Operating Income": -32194000.0,
        "Operating Expense": 32194000.0,
        "Research And Development": 25784000.0,
        "Selling General And Administration": 6410000.0,
        "General And Administrative Expense": 6410000.0,
        "Other Gand A": 6410000.0,
        "Total Revenue": 0.0,
        "Operating Revenue": 0.0
    },
    "2025-09-30": {
        "Tax Effect Of Unusual Items": 0.0,
        "Tax Rate For Calcs": 0.0,
        "Normalized EBITDA": -19993000.0,
        "Net Income From Continuing Operation Net Minority Interest": -19725000.0,
        "Reconciled Depreciation": 425000.0,
        "EBITDA": -19993000.0,
        "EBIT": -20418000.0,
        "Normalized Income": -19725000.0,
        "Net Income From Continuing And Discontinued Operation": -19725000.0,
        "Total Expenses": 26918000.0,
        "Total Operating Income As Reported": -20418000.0,
        "Diluted Average Shares": 76132337.0,
        "Basic Average Shares": 76132337.0,
        "Diluted EPS": -0.26,
        "Basic EPS": -0.26,
        "Diluted NI Availto Com Stockholders": -19725000.0,
        "Net Income Common Stockholders": -19725000.0,
        "Net Income": -19725000.0,
        "Net Income Including Noncontrolling Interests": -19725000.0,
        "Net Income Continuous Operations": -19725000.0,
        "Pretax Income": -19725000.0,
        "Other Income Expense": 693000.0,
        "Other Non Operating Income Expenses": 693000.0,
        "Operating Income": -20418000.0,
        "Operating Expense": 26918000.0,
        "Research And Development": 21708000.0,
        "Selling General And Administration": 5210000.0,
        "General And Administrative Expense": 5210000.0,
        "Other Gand A": 5210000.0,
        "Total Revenue": 6500000.0,
        "Operating Revenue": 6500000.0
    }
}