{
    "2023-03-31": {
        "Tax Effect Of Unusual Items": NaN,
        "Tax Rate For Calcs": NaN,
        "Normalized EBITDA": NaN,
        "Total Unusual Items": NaN,
        "Total Unusual Items Excluding Goodwill": NaN,
        "Net Income From Continuing Operation Net Minority Interest": NaN,
        "Reconciled Depreciation": NaN,
        "Reconciled Cost Of Revenue": NaN,
        "EBITDA": NaN,
        "EBIT": NaN,
        "Net Interest Income": NaN,
        "Interest Expense": NaN,
        "Normalized Income": NaN,
        "Net Income From Continuing And Discontinued Operation": NaN,
        "Total Expenses": NaN,
        "Total Operating Income As Reported": NaN,
        "Diluted Average Shares": NaN,
        "Basic Average Shares": NaN,
        "Diluted EPS": NaN,
        "Basic EPS": NaN,
        "Diluted NI Availto Com Stockholders": NaN,
        "Net Income Common Stockholders": NaN,
        "Net Income": NaN,
        "Net Income Including Noncontrolling Interests": NaN,
        "Net Income Continuous Operations": NaN,
        "Tax Provision": NaN,
        "Pretax Income": NaN,
        "Other Income Expense": NaN,
        "Other Non Operating Income Expenses": NaN,
        "Special Income Charges": NaN,
        "Impairment Of Capital Assets": NaN,
        "Restructuring And Mergern Acquisition": NaN,
        "Gain On Sale Of Security": NaN,
        "Net Non Operating Interest Income Expense": NaN,
        "Interest Expense Non Operating": NaN,
        "Operating Income": NaN,
        "Operating Expense": NaN,
        "Other Operating Expenses": NaN,
        "Depreciation Amortization Depletion Income Statement": NaN,
        "Depreciation And Amortization In Income Statement": NaN,
        "Amortization": NaN,
        "Amortization Of Intangibles Income Statement": NaN,
        "Selling General And Administration": NaN,
        "General And Administrative Expense": 10465000.0,
        "Other Gand A": 10465000.0,
        "Gross Profit": NaN,
        "Cost Of Revenue": NaN,
        "Total Revenue": NaN,
        "Operating Revenue": NaN
    },
    "2022-12-31": {
        "Tax Effect Of Unusual Items": 1793991.017726,
        "Tax Rate For Calcs": 0.362936,
        "Normalized EBITDA": -28891000.0,
        "Total Unusual Items": 4943000.0,
        "Total Unusual Items Excluding Goodwill": 4943000.0,
        "Net Income From Continuing Operation Net Minority Interest": -31987000.0,
        "Reconciled Depreciation": 16259000.0,
        "Reconciled Cost Of Revenue": 23547000.0,
        "EBITDA": -23948000.0,
        "EBIT": -40207000.0,
        "Net Interest Income": -10003000.0,
        "Interest Expense": 10003000.0,
        "Normalized Income": -35136008.982274,
        "Net Income From Continuing And Discontinued Operation": -31987000.0,
        "Total Expenses": 86106000.0,
        "Total Operating Income As Reported": -44833000.0,
        "Diluted Average Shares": 157945813.0,
        "Basic Average Shares": 157945813.0,
        "Diluted EPS": -0.38,
        "Basic EPS": -0.38,
        "Diluted NI Availto Com Stockholders": -31987000.0,
        "Net Income Common Stockholders": -31987000.0,
        "Net Income": -31987000.0,
        "Net Income Including Noncontrolling Interests": -31987000.0,
        "Net Income Continuous Operations": -31987000.0,
        "Tax Provision": -18223000.0,
        "Pretax Income": -50210000.0,
        "Other Income Expense": 4626000.0,
        "Other Non Operating Income Expenses": -317000.0,
        "Special Income Charges": -336000.0,
        "Impairment Of Capital Assets": NaN,
        "Restructuring And Mergern Acquisition": 336000.0,
        "Gain On Sale Of Security": 5279000.0,
        "Net Non Operating Interest Income Expense": -10003000.0,
        "Interest Expense Non Operating": 10003000.0,
        "Operating Income": -44833000.0,
        "Operating Expense": 60010000.0,
        "Other Operating Expenses": 36784000.0,
        "Depreciation Amortization Depletion Income Statement": 13710000.0,
        "Depreciation And Amortization In Income Statement": 13710000.0,
        "Amortization": 13710000.0,
        "Amortization Of Intangibles Income Statement": 13710000.0,
        "Selling General And Administration": 9516000.0,
        "General And Administrative Expense": NaN,
        "Other Gand A": NaN,
        "Gross Profit": 15177000.0,
        "Cost Of Revenue": 26096000.0,
        "Total Revenue": 41273000.0,
        "Operating Revenue": 40583000.0
    },
    "2022-09-30": {
        "Tax Effect Of Unusual Items": NaN,
        "Tax Rate For Calcs": NaN,
        "Normalized EBITDA": NaN,
        "Total Unusual Items": NaN,
        "Total Unusual Items Excluding Goodwill": NaN,
        "Net Income From Continuing Operation Net Minority Interest": NaN,
        "Reconciled Depreciation": NaN,
        "Reconciled Cost Of Revenue": NaN,
        "EBITDA": NaN,
        "EBIT": NaN,
        "Net Interest Income": NaN,
        "Interest Expense": NaN,
        "Normalized Income": NaN,
        "Net Income From Continuing And Discontinued Operation": NaN,
        "Total Expenses": NaN,
        "Total Operating Income As Reported": NaN,
        "Diluted Average Shares": NaN,
        "Basic Average Shares": NaN,
        "Diluted EPS": NaN,
        "Basic EPS": NaN,
        "Diluted NI Availto Com Stockholders": NaN,
        "Net Income Common Stockholders": NaN,
        "Net Income": NaN,
        "Net Income Including Noncontrolling Interests": NaN,
        "Net Income Continuous Operations": NaN,
        "Tax Provision": NaN,
        "Pretax Income": NaN,
        "Other Income Expense": NaN,
        "Other Non Operating Income Expenses": NaN,
        "Special Income Charges": NaN,
        "Impairment Of Capital Assets": 0.0,
        "Restructuring And Mergern Acquisition": NaN,
        "Gain On Sale Of Security": NaN,
        "Net Non Operating Interest Income Expense": NaN,
        "Interest Expense Non Operating": NaN,
        "Operating Income": NaN,
        "Operating Expense": NaN,
        "Other Operating Expenses": NaN,
        "Depreciation Amortization Depletion Income Statement": NaN,
        "Depreciation And Amortization In Income Statement": NaN,
        "Amortization": NaN,
        "Amortization Of Intangibles Income Statement": NaN,
        "Selling General And Administration": NaN,
        "General And Administrative Expense": -51332000.0,
        "Other Gand A": -51332000.0,
        "Gross Profit": NaN,
        "Cost Of Revenue": NaN,
        "Total Revenue": NaN,
        "Operating Revenue": NaN
    },
    "2022-06-30": {
        "Tax Effect Of Unusual Items": 2496800.0,
        "Tax Rate For Calcs": 0.4,
        "Normalized EBITDA": 29246000.0,
        "Total Unusual Items": 6242000.0,
        "Total Unusual Items Excluding Goodwill": 6242000.0,
        "Net Income From Continuing Operation Net Minority Interest": 7223000.0,
        "Reconciled Depreciation": 16715000.0,
        "Reconciled Cost Of Revenue": 69510000.0,
        "EBITDA": 35488000.0,
        "EBIT": 18773000.0,
        "Net Interest Income": -12142000.0,
        "Interest Expense": 12142000.0,
        "Normalized Income": 3477800.0,
        "Net Income From Continuing And Discontinued Operation": 7223000.0,
        "Total Expenses": 88634000.0,
        "Total Operating Income As Reported": 12331000.0,
        "Diluted Average Shares": 177059844.0,
        "Basic Average Shares": 162917478.0,
        "Diluted EPS": 0.05,
        "Basic EPS": 0.05,
        "Diluted NI Availto Com Stockholders": 7223000.0,
        "Net Income Common Stockholders": 7223000.0,
        "Net Income": 7223000.0,
        "Net Income Including Noncontrolling Interests": 7223000.0,
        "Net Income Continuous Operations": 7223000.0,
        "Tax Provision": -592000.0,
        "Pretax Income": 6631000.0,
        "Other Income Expense": 6442000.0,
        "Other Non Operating Income Expenses": 200000.0,
        "Special Income Charges": 9398000.0,
        "Restructuring And Mergern Acquisition": -9398000.0,
        "Gain On Sale Of Security": -3156000.0,
        "Net Non Operating Interest Income Expense": -12142000.0,
        "Interest Expense Non Operating": 12142000.0,
        "Operating Income": 12331000.0,
        "Operating Expense": 16211000.0,
        "Other Operating Expenses": 260000.0,
        "Depreciation Amortization Depletion Income Statement": 13802000.0,
        "Depreciation And Amortization In Income Statement": 13802000.0,
        "Amortization": 13802000.0,
        "Amortization Of Intangibles Income Statement": 13802000.0,
        "Selling General And Administration": 2149000.0,
        "General And Administrative Expense": 2149000.0,
        "Other Gand A": 2149000.0,
        "Gross Profit": 28542000.0,
        "Cost Of Revenue": 72423000.0,
        "Total Revenue": 100965000.0,
        "Operating Revenue": 100487000.0
    },
    "2023-06-30": {
        "Tax Effect Of Unusual Items": -3322.1,
        "Tax Rate For Calcs": 0.0139,
        "Normalized EBITDA": 79460000.0,
        "Total Unusual Items": -239000.0,
        "Total Unusual Items Excluding Goodwill": -239000.0,
        "Net Income From Continuing Operation Net Minority Interest": 52014000.0,
        "Reconciled Depreciation": 16130000.0,
        "Reconciled Cost Of Revenue": 41781000.0,
        "EBITDA": 79221000.0,
        "EBIT": 63091000.0,
        "Net Interest Income": -10344000.0,
        "Interest Expense": 10344000.0,
        "Normalized Income": 52249677.9,
        "Net Income From Continuing And Discontinued Operation": 52014000.0,
        "Total Expenses": 12790000.0,
        "Total Operating Income As Reported": 63347000.0,
        "Diluted Average Shares": 168310311.0,
        "Basic Average Shares": 156525006.0,
        "Diluted EPS": 0.31,
        "Basic EPS": 0.33,
        "Diluted NI Availto Com Stockholders": 52014000.0,
        "Net Income Common Stockholders": 52014000.0,
        "Net Income": 52014000.0,
        "Net Income Including Noncontrolling Interests": 52014000.0,
        "Net Income Continuous Operations": 52014000.0,
        "Tax Provision": 733000.0,
        "Pretax Income": 52747000.0,
        "Other Income Expense": -256000.0,
        "Other Non Operating Income Expenses": -17000.0,
        "Special Income Charges": -146000.0,
        "Impairment Of Capital Assets": NaN,
        "Restructuring And Mergern Acquisition": 146000.0,
        "Gain On Sale Of Security": -93000.0,
        "Net Non Operating Interest Income Expense": -10344000.0,
        "Interest Expense Non Operating": 10344000.0,
        "Operating Income": 63347000.0,
        "Operating Expense": -31350000.0,
        "Other Operating Expenses": -60018000.0,
        "Depreciation Amortization Depletion Income Statement": 13771000.0,
        "Depreciation And Amortization In Income Statement": 13771000.0,
        "Amortization": 13771000.0,
        "Amortization Of Intangibles Income Statement": 13771000.0,
        "Selling General And Administration": 14897000.0,
        "General And Administrative Expense": NaN,
        "Other Gand A": NaN,
        "Gross Profit": 31997000.0,
        "Cost Of Revenue": 44140000.0,
        "Total Revenue": 76137000.0,
        "Operating Revenue": 75649000.0
    },
    "2022-03-31": {
        "Diluted EPS": 0.21,
        "Total Revenue": 58,
        "Gross Profit": 16,
        "Operating Income": 43,
        "EBIT": 66,
        "Net Income": 37
    },
    "2021-12-31": {
        "Diluted EPS": -4.77,
        "Total Revenue": 46,
        "Gross Profit": 10,
        "Operating Income": -673,
        "EBIT": -642,
        "Net Income": -691
    },
    "2021-09-30": {
        "Diluted EPS": 0.98,
        "Total Revenue": 195,
        "Gross Profit": 109,
        "Operating Income": 80,
        "EBIT": 96,
        "Net Income": 52
    },
    "2021-06-30": {
        "Diluted EPS": -0.07,
        "Total Revenue": 87,
        "Gross Profit": 38,
        "Operating Income": 6,
        "EBIT": 22,
        "Net Income": -4
    },
    "2021-03-31": {
        "Diluted EPS": -0.35,
        "Total Revenue": 34,
        "Gross Profit": 9,
        "Operating Income": -14,
        "EBIT": 2,
        "Net Income": -19
    },
    "2020-12-31": {
        "Diluted EPS": 0.0,
        "Total Revenue": NaN,
        "Gross Profit": NaN,
        "Operating Income": NaN,
        "EBIT": NaN,
        "Net Income": NaN
    },
    "2019-12-31": {
        "Diluted EPS": 0.0,
        "Total Revenue": NaN,
        "Gross Profit": NaN,
        "Operating Income": NaN,
        "EBIT": NaN,
        "Net Income": NaN
    },
    "2023-09-30": {
        "Tax Effect Of Unusual Items": NaN,
        "Tax Rate For Calcs": NaN,
        "Normalized EBITDA": NaN,
        "Total Unusual Items": NaN,
        "Total Unusual Items Excluding Goodwill": NaN,
        "Net Income From Continuing Operation Net Minority Interest": NaN,
        "Reconciled Depreciation": NaN,
        "Reconciled Cost Of Revenue": NaN,
        "EBITDA": NaN,
        "EBIT": NaN,
        "Net Interest Income": NaN,
        "Interest Expense": NaN,
        "Normalized Income": NaN,
        "Net Income From Continuing And Discontinued Operation": NaN,
        "Total Expenses": NaN,
        "Total Operating Income As Reported": NaN,
        "Diluted Average Shares": NaN,
        "Basic Average Shares": NaN,
        "Diluted EPS": NaN,
        "Basic EPS": NaN,
        "Diluted NI Availto Com Stockholders": NaN,
        "Net Income Common Stockholders": NaN,
        "Net Income": NaN,
        "Net Income Including Noncontrolling Interests": NaN,
        "Net Income Continuous Operations": NaN,
        "Tax Provision": NaN,
        "Pretax Income": NaN,
        "Other Income Expense": NaN,
        "Other Non Operating Income Expenses": NaN,
        "Special Income Charges": NaN,
        "Impairment Of Capital Assets": 40738000.0,
        "Restructuring And Mergern Acquisition": NaN,
        "Gain On Sale Of Security": NaN,
        "Net Non Operating Interest Income Expense": NaN,
        "Interest Expense Non Operating": NaN,
        "Operating Income": NaN,
        "Operating Expense": NaN,
        "Other Operating Expenses": NaN,
        "Depreciation Amortization Depletion Income Statement": NaN,
        "Depreciation And Amortization In Income Statement": NaN,
        "Amortization": NaN,
        "Amortization Of Intangibles Income Statement": NaN,
        "Selling General And Administration": NaN,
        "Gross Profit": NaN,
        "Cost Of Revenue": NaN,
        "Total Revenue": NaN,
        "Operating Revenue": NaN
    },
    "2023-12-31": {
        "Tax Effect Of Unusual Items": NaN,
        "Tax Rate For Calcs": NaN,
        "Normalized EBITDA": NaN,
        "Total Unusual Items": NaN,
        "Total Unusual Items Excluding Goodwill": NaN,
        "Net Income From Continuing Operation Net Minority Interest": NaN,
        "Reconciled Depreciation": NaN,
        "Reconciled Cost Of Revenue": NaN,
        "EBITDA": NaN,
        "EBIT": NaN,
        "Net Interest Income": NaN,
        "Interest Expense": NaN,
        "Normalized Income": NaN,
        "Net Income From Continuing And Discontinued Operation": NaN,
        "Total Expenses": NaN,
        "Total Operating Income As Reported": NaN,
        "Diluted Average Shares": NaN,
        "Basic Average Shares": NaN,
        "Diluted EPS": NaN,
        "Basic EPS": NaN,
        "Diluted NI Availto Com Stockholders": NaN,
        "Net Income Common Stockholders": NaN,
        "Net Income": NaN,
        "Net Income Including Noncontrolling Interests": NaN,
        "Net Income Continuous Operations": NaN,
        "Tax Provision": NaN,
        "Pretax Income": NaN,
        "Other Income Expense": NaN,
        "Other Non Operating Income Expenses": NaN,
        "Special Income Charges": 0.0,
        "Impairment Of Capital Assets": 0.0,
        "Restructuring And Mergern Acquisition": 0.0,
        "Gain On Sale Of Security": NaN,
        "Net Non Operating Interest Income Expense": NaN,
        "Interest Expense Non Operating": NaN,
        "Operating Income": NaN,
        "Operating Expense": NaN,
        "Other Operating Expenses": NaN,
        "Depreciation Amortization Depletion Income Statement": NaN,
        "Depreciation And Amortization In Income Statement": NaN,
        "Amortization": NaN,
        "Amortization Of Intangibles Income Statement": NaN,
        "Selling General And Administration": NaN,
        "Gross Profit": NaN,
        "Cost Of Revenue": NaN,
        "Total Revenue": NaN,
        "Operating Revenue": NaN
    },
    "2024-03-31": {
        "Tax Effect Of Unusual Items": NaN,
        "Tax Rate For Calcs": NaN,
        "Normalized EBITDA": NaN,
        "Total Unusual Items": NaN,
        "Total Unusual Items Excluding Goodwill": NaN,
        "Net Income From Continuing Operation Net Minority Interest": NaN,
        "Reconciled Depreciation": NaN,
        "Reconciled Cost Of Revenue": NaN,
        "EBITDA": NaN,
        "EBIT": NaN,
        "Net Interest Income": NaN,
        "Interest Expense": NaN,
        "Normalized Income": NaN,
        "Net Income From Continuing And Discontinued Operation": NaN,
        "Total Expenses": NaN,
        "Total Operating Income As Reported": NaN,
        "Diluted Average Shares": NaN,
        "Basic Average Shares": NaN,
        "Diluted EPS": NaN,
        "Basic EPS": NaN,
        "Diluted NI Availto Com Stockholders": NaN,
        "Net Income Common Stockholders": NaN,
        "Net Income": NaN,
        "Net Income Including Noncontrolling Interests": NaN,
        "Net Income Continuous Operations": NaN,
        "Tax Provision": NaN,
        "Pretax Income": NaN,
        "Other Income Expense": NaN,
        "Other Non Operating Income Expenses": NaN,
        "Special Income Charges": 0.0,
        "Impairment Of Capital Assets": NaN,
        "Restructuring And Mergern Acquisition": 0.0,
        "Gain On Sale Of Security": NaN,
        "Net Non Operating Interest Income Expense": NaN,
        "Interest Expense Non Operating": NaN,
        "Operating Income": NaN,
        "Operating Expense": NaN,
        "Other Operating Expenses": NaN,
        "Depreciation Amortization Depletion Income Statement": NaN,
        "Depreciation And Amortization In Income Statement": NaN,
        "Amortization": NaN,
        "Amortization Of Intangibles Income Statement": NaN,
        "Selling General And Administration": NaN,
        "Gross Profit": NaN,
        "Cost Of Revenue": NaN,
        "Total Revenue": NaN,
        "Operating Revenue": NaN
    },
    "2024-06-30": {
        "Tax Effect Of Unusual Items": -81907.998828,
        "Tax Rate For Calcs": 0.365661,
        "Normalized EBITDA": 61303000.0,
        "Total Unusual Items": -224000.0,
        "Total Unusual Items Excluding Goodwill": -224000.0,
        "Net Income From Continuing Operation Net Minority Interest": 21650000.0,
        "Reconciled Depreciation": 16359000.0,
        "Reconciled Cost Of Revenue": 51405000.0,
        "EBITDA": 61079000.0,
        "EBIT": 44720000.0,
        "Net Interest Income": -10590000.0,
        "Interest Expense": 10590000.0,
        "Normalized Income": 21792092.001172,
        "Net Income From Continuing And Discontinued Operation": 21650000.0,
        "Total Expenses": 82258000.0,
        "Total Operating Income As Reported": 45018000.0,
        "Diluted Average Shares": 154664770.0,
        "Basic Average Shares": 145236526.0,
        "Diluted EPS": 0.14,
        "Basic EPS": 0.15,
        "Diluted NI Availto Com Stockholders": 21650000.0,
        "Net Income Common Stockholders": 21650000.0,
        "Net Income": 21650000.0,
        "Net Income Including Noncontrolling Interests": 21650000.0,
        "Net Income Continuous Operations": 21650000.0,
        "Tax Provision": 12480000.0,
        "Pretax Income": 34130000.0,
        "Other Income Expense": -298000.0,
        "Other Non Operating Income Expenses": -74000.0,
        "Special Income Charges": 0.0,
        "Impairment Of Capital Assets": NaN,
        "Restructuring And Mergern Acquisition": 0.0,
        "Gain On Sale Of Security": -224000.0,
        "Net Non Operating Interest Income Expense": -10590000.0,
        "Interest Expense Non Operating": 10590000.0,
        "Operating Income": 45018000.0,
        "Operating Expense": 28249000.0,
        "Other Operating Expenses": 588000.0,
        "Depreciation Amortization Depletion Income Statement": 13755000.0,
        "Depreciation And Amortization In Income Statement": 13755000.0,
        "Amortization": 13755000.0,
        "Amortization Of Intangibles Income Statement": 13755000.0,
        "Selling General And Administration": 13906000.0,
        "Gross Profit": 73267000.0,
        "Cost Of Revenue": 54009000.0,
        "Total Revenue": 127276000.0,
        "Operating Revenue": 127170000.0
    },
    "2024-09-30": {
        "Tax Effect Of Unusual Items": 284340.0,
        "Tax Rate For Calcs": 0.21,
        "Normalized EBITDA": -18946000.0,
        "Total Unusual Items": 1354000.0,
        "Total Unusual Items Excluding Goodwill": 1354000.0,
        "Net Income From Continuing Operation Net Minority Interest": -89167000.0,
        "Reconciled Depreciation": 16444000.0,
        "Reconciled Cost Of Revenue": 104516000.0,
        "EBITDA": -17592000.0,
        "EBIT": -34036000.0,
        "Net Interest Income": -10054000.0,
        "Interest Expense": 10054000.0,
        "Normalized Income": -90236660.0,
        "Net Income From Continuing And Discontinued Operation": -89167000.0,
        "Total Expenses": 323656000.0,
        "Total Operating Income As Reported": -35239000.0,
        "Diluted Average Shares": 145222189.0,
        "Basic Average Shares": 145222189.0,
        "Diluted EPS": -0.61,
        "Basic EPS": -0.61,
        "Diluted NI Availto Com Stockholders": -89167000.0,
        "Net Income Common Stockholders": -89167000.0,
        "Net Income": -89167000.0,
        "Net Income Including Noncontrolling Interests": -89167000.0,
        "Net Income Continuous Operations": -89167000.0,
        "Tax Provision": 45077000.0,
        "Pretax Income": -44090000.0,
        "Other Income Expense": 1203000.0,
        "Other Non Operating Income Expenses": -151000.0,
        "Special Income Charges": 0.0,
        "Impairment Of Capital Assets": 0.0,
        "Restructuring And Mergern Acquisition": 0.0,
        "Gain On Sale Of Security": 1354000.0,
        "Net Non Operating Interest Income Expense": -10054000.0,
        "Interest Expense Non Operating": 10054000.0,
        "Operating Income": -35239000.0,
        "Operating Expense": 216461000.0,
        "Other Operating Expenses": 184176000.0,
        "Depreciation Amortization Depletion Income Statement": 13765000.0,
        "Depreciation And Amortization In Income Statement": 13765000.0,
        "Amortization": 13765000.0,
        "Amortization Of Intangibles Income Statement": 13765000.0,
        "Selling General And Administration": 18520000.0,
        "Gross Profit": 181222000.0,
        "Cost Of Revenue": 107195000.0,
        "Total Revenue": 288417000.0,
        "Operating Revenue": 288377000.0
    },
    "2024-12-31": {
        "Tax Effect Of Unusual Items": -478800.0,
        "Tax Rate For Calcs": 0.21,
        "Normalized EBITDA": 77881000.0,
        "Total Unusual Items": -2280000.0,
        "Total Unusual Items Excluding Goodwill": -2280000.0,
        "Net Income From Continuing Operation Net Minority Interest": 144170000.0,
        "Reconciled Depreciation": 16503000.0,
        "Reconciled Cost Of Revenue": 41574000.0,
        "EBITDA": 75601000.0,
        "EBIT": 59098000.0,
        "Net Interest Income": -9169000.0,
        "Interest Expense": 9169000.0,
        "Normalized Income": 145971200.0,
        "Net Income From Continuing And Discontinued Operation": 144170000.0,
        "Total Expenses": 24913000.0,
        "Total Operating Income As Reported": 61318000.0,
        "Diluted Average Shares": 160931755.0,
        "Basic Average Shares": 147058719.0,
        "Diluted EPS": 0.9,
        "Basic EPS": 0.98,
        "Diluted NI Availto Com Stockholders": 144170000.0,
        "Net Income Common Stockholders": 144170000.0,
        "Net Income": 144170000.0,
        "Net Income Including Noncontrolling Interests": 144170000.0,
        "Net Income Continuous Operations": 144170000.0,
        "Tax Provision": -94241000.0,
        "Pretax Income": 49929000.0,
        "Other Income Expense": -2220000.0,
        "Other Non Operating Income Expenses": 60000.0,
        "Special Income Charges": 0.0,
        "Impairment Of Capital Assets": 0.0,
        "Restructuring And Mergern Acquisition": 0.0,
        "Gain On Sale Of Security": -2280000.0,
        "Net Non Operating Interest Income Expense": -9169000.0,
        "Interest Expense Non Operating": 9169000.0,
        "Operating Income": 61318000.0,
        "Operating Expense": -19423000.0,
        "Other Operating Expenses": -54177000.0,
        "Depreciation Amortization Depletion Income Statement": 13741000.0,
        "Depreciation And Amortization In Income Statement": 13741000.0,
        "Amortization": 13741000.0,
        "Amortization Of Intangibles Income Statement": 13741000.0,
        "Selling General And Administration": 21013000.0,
        "Gross Profit": 41895000.0,
        "Cost Of Revenue": 44336000.0,
        "Total Revenue": 86231000.0,
        "Operating Revenue": 86198000.0
    },
    "2025-03-31": {
        "Tax Effect Of Unusual Items": 209315.4,
        "Tax Rate For Calcs": 0.1806,
        "Normalized EBITDA": 94557000.0,
        "Total Unusual Items": 1159000.0,
        "Total Unusual Items Excluding Goodwill": 1159000.0,
        "Net Income From Continuing Operation Net Minority Interest": 56686000.0,
        "Reconciled Depreciation": 16893000.0,
        "Reconciled Cost Of Revenue": 41083000.0,
        "EBITDA": 95716000.0,
        "EBIT": 78823000.0,
        "Net Interest Income": -9644000.0,
        "Interest Expense": 9644000.0,
        "Normalized Income": 55736315.4,
        "Net Income From Continuing And Discontinued Operation": 56686000.0,
        "Total Expenses": -5777000.0,
        "Total Operating Income As Reported": -77807000.0,
        "Diluted Average Shares": 156727696.0,
        "Basic Average Shares": 148556284.0,
        "Diluted EPS": 0.36,
        "Basic EPS": 0.38,
        "Diluted NI Availto Com Stockholders": 56686000.0,
        "Net Income Common Stockholders": 56686000.0,
        "Net Income": 56686000.0,
        "Net Income Including Noncontrolling Interests": 56686000.0,
        "Net Income Continuous Operations": 56686000.0,
        "Tax Provision": 12493000.0,
        "Pretax Income": 69179000.0,
        "Other Income Expense": 1016000.0,
        "Other Non Operating Income Expenses": -143000.0,
        "Special Income Charges": NaN,
        "Impairment Of Capital Assets": NaN,
        "Restructuring And Mergern Acquisition": NaN,
        "Gain On Sale Of Security": 1159000.0,
        "Net Non Operating Interest Income Expense": -9644000.0,
        "Interest Expense Non Operating": 9644000.0,
        "Operating Income": 77807000.0,
        "Operating Expense": -49654000.0,
        "Other Operating Expenses": -80052000.0,
        "Depreciation Amortization Depletion Income Statement": 14099000.0,
        "Depreciation And Amortization In Income Statement": 14099000.0,
        "Amortization": 14099000.0,
        "Amortization Of Intangibles Income Statement": 14099000.0,
        "Selling General And Administration": 16299000.0,
        "Gross Profit": 28153000.0,
        "Cost Of Revenue": 43877000.0,
        "Total Revenue": 72030000.0,
        "Operating Revenue": 72014000.0
    },
    "2025-06-30": {
        "Tax Effect Of Unusual Items": 104465.610967,
        "Tax Rate For Calcs": 0.04984,
        "Normalized EBITDA": -8090000.0,
        "Total Unusual Items": 2096000.0,
        "Total Unusual Items Excluding Goodwill": 2096000.0,
        "Net Income From Continuing Operation Net Minority Interest": -32161000.0,
        "Reconciled Depreciation": 17924000.0,
        "Reconciled Cost Of Revenue": 57823000.0,
        "EBITDA": -5994000.0,
        "EBIT": -23918000.0,
        "Net Interest Income": -9930000.0,
        "Interest Expense": 9930000.0,
        "Normalized Income": -34152534.389033,
        "Net Income From Continuing And Discontinued Operation": -32161000.0,
        "Total Expenses": 188865000.0,
        "Total Operating Income As Reported": -26226000.0,
        "Diluted Average Shares": 147055804.0,
        "Basic Average Shares": 147055804.0,
        "Diluted EPS": -0.22,
        "Basic EPS": -0.22,
        "Diluted NI Availto Com Stockholders": -32161000.0,
        "Net Income Common Stockholders": -32161000.0,
        "Net Income": -32161000.0,
        "Net Income Including Noncontrolling Interests": -32161000.0,
        "Net Income Continuous Operations": -32161000.0,
        "Tax Provision": -1687000.0,
        "Pretax Income": -33848000.0,
        "Other Income Expense": 2308000.0,
        "Other Non Operating Income Expenses": 212000.0,
        "Special Income Charges": NaN,
        "Impairment Of Capital Assets": NaN,
        "Restructuring And Mergern Acquisition": NaN,
        "Gain On Sale Of Security": 2096000.0,
        "Net Non Operating Interest Income Expense": -9930000.0,
        "Interest Expense Non Operating": 9930000.0,
        "Operating Income": -26226000.0,
        "Operating Expense": 127722000.0,
        "Other Operating Expenses": 97151000.0,
        "Depreciation Amortization Depletion Income Statement": 14604000.0,
        "Depreciation And Amortization In Income Statement": 14604000.0,
        "Amortization": 14604000.0,
        "Amortization Of Intangibles Income Statement": 14604000.0,
        "Selling General And Administration": 15967000.0,
        "Gross Profit": 101496000.0,
        "Cost Of Revenue": 61143000.0,
        "Total Revenue": 162639000.0,
        "Operating Revenue": 162617000.0
    }
}