{
    "2023-06-30": {
        "Tax Effect Of Unusual Items": NaN,
        "Tax Rate For Calcs": NaN,
        "Normalized EBITDA": NaN,
        "Total Unusual Items": NaN,
        "Total Unusual Items Excluding Goodwill": NaN,
        "Net Income From Continuing Operation Net Minority Interest": NaN,
        "Reconciled Depreciation": NaN,
        "Reconciled Cost Of Revenue": NaN,
        "EBITDA": NaN,
        "EBIT": NaN,
        "Net Interest Income": NaN,
        "Interest Expense": NaN,
        "Interest Income": NaN,
        "Normalized Income": NaN,
        "Net Income From Continuing And Discontinued Operation": NaN,
        "Total Expenses": NaN,
        "Total Operating Income As Reported": NaN,
        "Diluted Average Shares": NaN,
        "Basic Average Shares": NaN,
        "Diluted EPS": NaN,
        "Basic EPS": NaN,
        "Diluted NI Availto Com Stockholders": NaN,
        "Net Income Common Stockholders": NaN,
        "Net Income": NaN,
        "Net Income Including Noncontrolling Interests": NaN,
        "Net Income Continuous Operations": NaN,
        "Tax Provision": NaN,
        "Pretax Income": NaN,
        "Other Income Expense": NaN,
        "Other Non Operating Income Expenses": NaN,
        "Special Income Charges": 0.0,
        "Other Special Charges": NaN,
        "Impairment Of Capital Assets": 0.0,
        "Gain On Sale Of Security": NaN,
        "Net Non Operating Interest Income Expense": NaN,
        "Total Other Finance Cost": NaN,
        "Interest Expense Non Operating": NaN,
        "Interest Income Non Operating": NaN,
        "Operating Income": NaN,
        "Operating Expense": NaN,
        "Research And Development": NaN,
        "Selling General And Administration": NaN,
        "Selling And Marketing Expense": NaN,
        "General And Administrative Expense": NaN,
        "Other Gand A": NaN,
        "Gross Profit": NaN,
        "Cost Of Revenue": NaN,
        "Total Revenue": NaN,
        "Operating Revenue": NaN
    },
    "2023-03-31": {
        "Tax Effect Of Unusual Items": NaN,
        "Tax Rate For Calcs": NaN,
        "Normalized EBITDA": NaN,
        "Total Unusual Items": NaN,
        "Total Unusual Items Excluding Goodwill": NaN,
        "Net Income From Continuing Operation Net Minority Interest": NaN,
        "Reconciled Depreciation": NaN,
        "Reconciled Cost Of Revenue": NaN,
        "EBITDA": NaN,
        "EBIT": NaN,
        "Net Interest Income": NaN,
        "Interest Expense": NaN,
        "Interest Income": NaN,
        "Normalized Income": NaN,
        "Net Income From Continuing And Discontinued Operation": NaN,
        "Total Expenses": NaN,
        "Total Operating Income As Reported": NaN,
        "Diluted Average Shares": NaN,
        "Basic Average Shares": NaN,
        "Diluted EPS": NaN,
        "Basic EPS": NaN,
        "Diluted NI Availto Com Stockholders": NaN,
        "Net Income Common Stockholders": NaN,
        "Net Income": NaN,
        "Net Income Including Noncontrolling Interests": NaN,
        "Net Income Continuous Operations": NaN,
        "Tax Provision": NaN,
        "Pretax Income": NaN,
        "Other Income Expense": NaN,
        "Other Non Operating Income Expenses": NaN,
        "Special Income Charges": 0.0,
        "Other Special Charges": NaN,
        "Impairment Of Capital Assets": 0.0,
        "Gain On Sale Of Security": NaN,
        "Net Non Operating Interest Income Expense": NaN,
        "Total Other Finance Cost": NaN,
        "Interest Expense Non Operating": NaN,
        "Interest Income Non Operating": NaN,
        "Operating Income": NaN,
        "Operating Expense": NaN,
        "Research And Development": NaN,
        "Selling General And Administration": NaN,
        "Selling And Marketing Expense": NaN,
        "General And Administrative Expense": NaN,
        "Other Gand A": NaN,
        "Gross Profit": NaN,
        "Cost Of Revenue": NaN,
        "Total Revenue": NaN,
        "Operating Revenue": NaN
    },
    "2022-12-31": {
        "Tax Effect Of Unusual Items": NaN,
        "Tax Rate For Calcs": NaN,
        "Normalized EBITDA": NaN,
        "Total Unusual Items": NaN,
        "Total Unusual Items Excluding Goodwill": NaN,
        "Net Income From Continuing Operation Net Minority Interest": NaN,
        "Reconciled Depreciation": NaN,
        "Reconciled Cost Of Revenue": NaN,
        "EBITDA": NaN,
        "EBIT": NaN,
        "Net Interest Income": NaN,
        "Interest Expense": NaN,
        "Interest Income": NaN,
        "Normalized Income": NaN,
        "Net Income From Continuing And Discontinued Operation": NaN,
        "Total Expenses": NaN,
        "Total Operating Income As Reported": NaN,
        "Diluted Average Shares": NaN,
        "Basic Average Shares": NaN,
        "Diluted EPS": NaN,
        "Basic EPS": NaN,
        "Diluted NI Availto Com Stockholders": NaN,
        "Net Income Common Stockholders": NaN,
        "Net Income": NaN,
        "Net Income Including Noncontrolling Interests": NaN,
        "Net Income Continuous Operations": NaN,
        "Tax Provision": NaN,
        "Pretax Income": NaN,
        "Other Income Expense": NaN,
        "Other Non Operating Income Expenses": NaN,
        "Special Income Charges": 0.0,
        "Other Special Charges": NaN,
        "Impairment Of Capital Assets": 0.0,
        "Gain On Sale Of Security": NaN,
        "Net Non Operating Interest Income Expense": NaN,
        "Total Other Finance Cost": NaN,
        "Interest Expense Non Operating": NaN,
        "Interest Income Non Operating": NaN,
        "Operating Income": NaN,
        "Operating Expense": NaN,
        "Research And Development": NaN,
        "Selling General And Administration": NaN,
        "Selling And Marketing Expense": NaN,
        "General And Administrative Expense": NaN,
        "Other Gand A": NaN,
        "Gross Profit": NaN,
        "Cost Of Revenue": NaN,
        "Total Revenue": NaN,
        "Operating Revenue": NaN
    },
    "2022-09-30": {
        "Tax Effect Of Unusual Items": NaN,
        "Tax Rate For Calcs": NaN,
        "Normalized EBITDA": NaN,
        "Total Unusual Items": NaN,
        "Total Unusual Items Excluding Goodwill": NaN,
        "Net Income From Continuing Operation Net Minority Interest": NaN,
        "Reconciled Depreciation": NaN,
        "Reconciled Cost Of Revenue": NaN,
        "EBITDA": NaN,
        "EBIT": NaN,
        "Net Interest Income": NaN,
        "Interest Expense": NaN,
        "Interest Income": 891000.0,
        "Normalized Income": NaN,
        "Net Income From Continuing And Discontinued Operation": NaN,
        "Total Expenses": NaN,
        "Total Operating Income As Reported": NaN,
        "Diluted Average Shares": NaN,
        "Basic Average Shares": NaN,
        "Diluted EPS": NaN,
        "Basic EPS": NaN,
        "Diluted NI Availto Com Stockholders": NaN,
        "Net Income Common Stockholders": NaN,
        "Net Income": NaN,
        "Net Income Including Noncontrolling Interests": NaN,
        "Net Income Continuous Operations": NaN,
        "Tax Provision": NaN,
        "Pretax Income": NaN,
        "Other Income Expense": NaN,
        "Other Non Operating Income Expenses": NaN,
        "Special Income Charges": NaN,
        "Other Special Charges": NaN,
        "Impairment Of Capital Assets": NaN,
        "Gain On Sale Of Security": 3301000.0,
        "Net Non Operating Interest Income Expense": NaN,
        "Total Other Finance Cost": NaN,
        "Interest Expense Non Operating": NaN,
        "Interest Income Non Operating": 891000.0,
        "Operating Income": NaN,
        "Operating Expense": NaN,
        "Research And Development": NaN,
        "Selling General And Administration": NaN,
        "Selling And Marketing Expense": NaN,
        "General And Administrative Expense": NaN,
        "Other Gand A": NaN,
        "Gross Profit": NaN,
        "Cost Of Revenue": NaN,
        "Total Revenue": NaN,
        "Operating Revenue": NaN
    },
    "2022-06-30": {
        "Tax Effect Of Unusual Items": 0.0,
        "Tax Rate For Calcs": 0.4,
        "Normalized EBITDA": -17111000.0,
        "Total Unusual Items": 0.0,
        "Total Unusual Items Excluding Goodwill": 0.0,
        "Net Income From Continuing Operation Net Minority Interest": -22406000.0,
        "Reconciled Depreciation": 3801000.0,
        "Reconciled Cost Of Revenue": 27641000.0,
        "EBITDA": -17111000.0,
        "EBIT": -20912000.0,
        "Net Interest Income": -1576000.0,
        "Interest Expense": 1203000.0,
        "Normalized Income": -22406000.0,
        "Net Income From Continuing And Discontinued Operation": -22406000.0,
        "Total Expenses": 88899000.0,
        "Total Operating Income As Reported": -20537000.0,
        "Diluted Average Shares": 45222000.0,
        "Basic Average Shares": 45222000.0,
        "Diluted EPS": -0.5,
        "Basic EPS": -0.5,
        "Diluted NI Availto Com Stockholders": -22406000.0,
        "Net Income Common Stockholders": -22406000.0,
        "Net Income": -22406000.0,
        "Net Income Including Noncontrolling Interests": -22406000.0,
        "Net Income Continuous Operations": -22406000.0,
        "Tax Provision": 291000.0,
        "Pretax Income": -22115000.0,
        "Other Income Expense": -2000.0,
        "Other Non Operating Income Expenses": -2000.0,
        "Special Income Charges": 0.0,
        "Impairment Of Capital Assets": 0.0,
        "Restructuring And Mergern Acquisition": NaN,
        "Net Non Operating Interest Income Expense": -1576000.0,
        "Total Other Finance Cost": 373000.0,
        "Interest Expense Non Operating": 1203000.0,
        "Operating Income": -20537000.0,
        "Operating Expense": 61258000.0,
        "Research And Development": 23401000.0,
        "Selling General And Administration": 37857000.0,
        "Selling And Marketing Expense": 24020000.0,
        "General And Administrative Expense": 13837000.0,
        "Other Gand A": 13837000.0,
        "Gross Profit": 40721000.0,
        "Cost Of Revenue": 27641000.0,
        "Total Revenue": 68362000.0,
        "Operating Revenue": 68362000.0
    },
    "2022-03-31": {
        "Diluted EPS": -0.64,
        "Total Revenue": 66,
        "Gross Profit": 39,
        "Operating Income": -27,
        "EBIT": -21,
        "Net Income": -29
    },
    "2021-12-31": {
        "Diluted EPS": -0.53,
        "Total Revenue": 65,
        "Gross Profit": 39,
        "Operating Income": -22,
        "EBIT": -18,
        "Net Income": -24
    },
    "2021-09-30": {
        "Diluted EPS": -0.39,
        "Total Revenue": 63,
        "Gross Profit": 37,
        "Operating Income": -16,
        "EBIT": -13,
        "Net Income": -18
    },
    "2021-06-30": {
        "Diluted EPS": -0.41,
        "Total Revenue": 62,
        "Gross Profit": 36,
        "Operating Income": -16,
        "EBIT": -13,
        "Net Income": -18
    },
    "2021-03-31": {
        "Diluted EPS": -0.5,
        "Total Revenue": 61,
        "Gross Profit": 35,
        "Operating Income": -21,
        "EBIT": -17,
        "Net Income": -22
    },
    "2020-12-31": {
        "Diluted EPS": -0.41,
        "Total Revenue": 61,
        "Gross Profit": 36,
        "Operating Income": -13,
        "EBIT": -6,
        "Net Income": -18
    },
    "2020-09-30": {
        "Diluted EPS": -0.44,
        "Total Revenue": 62,
        "Gross Profit": 37,
        "Operating Income": -16,
        "EBIT": -11,
        "Net Income": -19
    },
    "2020-06-30": {
        "Diluted EPS": -0.4,
        "Total Revenue": 64,
        "Gross Profit": 38,
        "Operating Income": -15,
        "EBIT": -10,
        "Net Income": -17
    },
    "2020-03-31": {
        "Diluted EPS": -0.53,
        "Total Revenue": 66,
        "Gross Profit": 38,
        "Operating Income": -21,
        "EBIT": -16,
        "Net Income": -23
    },
    "2019-12-31": {
        "Diluted EPS": -0.41,
        "Total Revenue": 66,
        "Gross Profit": 38,
        "Operating Income": -15,
        "EBIT": -10,
        "Net Income": -17
    },
    "2019-09-30": {
        "Diluted EPS": -0.42,
        "Total Revenue": 64,
        "Gross Profit": 38,
        "Operating Income": -13,
        "EBIT": -6,
        "Net Income": -17
    },
    "2019-06-30": {
        "Diluted EPS": -0.44,
        "Total Revenue": 64,
        "Gross Profit": 40,
        "Operating Income": -12,
        "EBIT": -5,
        "Net Income": -18
    },
    "2019-03-31": {
        "Diluted EPS": -0.45,
        "Total Revenue": 56,
        "Gross Profit": 35,
        "Operating Income": -14,
        "EBIT": -7,
        "Net Income": -17
    },
    "2018-12-31": {
        "Diluted EPS": -0.32,
        "Total Revenue": 53,
        "Gross Profit": 33,
        "Operating Income": -10,
        "EBIT": -3,
        "Net Income": -13
    },
    "2018-09-30": {
        "Diluted EPS": -0.44,
        "Total Revenue": 49,
        "Gross Profit": 30,
        "Operating Income": -12,
        "EBIT": -6,
        "Net Income": -16
    },
    "2018-06-30": {
        "Diluted EPS": -0.52,
        "Total Revenue": 47,
        "Gross Profit": 29,
        "Operating Income": -13,
        "EBIT": -7,
        "Net Income": -17
    },
    "2018-03-31": {
        "Diluted EPS": -0.58,
        "Total Revenue": 48,
        "Gross Profit": 28,
        "Operating Income": -15,
        "EBIT": -8,
        "Net Income": -19
    },
    "2017-12-31": {
        "Diluted EPS": -0.52,
        "Total Revenue": 46,
        "Gross Profit": 28,
        "Operating Income": -13,
        "EBIT": -6,
        "Net Income": -17
    },
    "2017-09-30": {
        "Diluted EPS": -0.67,
        "Total Revenue": 42,
        "Gross Profit": 24,
        "Operating Income": -18,
        "EBIT": -12,
        "Net Income": -21
    },
    "2017-06-30": {
        "Diluted EPS": -0.62,
        "Total Revenue": 40,
        "Gross Profit": 24,
        "Operating Income": -17,
        "EBIT": -13,
        "Net Income": -20
    },
    "2017-03-31": {
        "Diluted EPS": -0.65,
        "Total Revenue": 40,
        "Gross Profit": 24,
        "Operating Income": -18,
        "EBIT": -14,
        "Net Income": -20
    },
    "2016-12-31": {
        "Diluted EPS": -0.59,
        "Total Revenue": 40,
        "Gross Profit": 24,
        "Operating Income": -16,
        "EBIT": -12,
        "Net Income": -19
    },
    "2016-09-30": {
        "Diluted EPS": -0.52,
        "Total Revenue": 38,
        "Gross Profit": 23,
        "Operating Income": -13,
        "EBIT": -9,
        "Net Income": -16
    },
    "2016-06-30": {
        "Diluted EPS": -0.68,
        "Total Revenue": 37,
        "Gross Profit": 21,
        "Operating Income": -18,
        "EBIT": -14,
        "Net Income": -21
    },
    "2016-03-31": {
        "Diluted EPS": -0.68,
        "Total Revenue": 38,
        "Gross Profit": 22,
        "Operating Income": -18,
        "EBIT": -14,
        "Net Income": -20
    },
    "2015-12-31": {
        "Diluted EPS": -0.61,
        "Total Revenue": 42,
        "Gross Profit": 27,
        "Operating Income": -15,
        "EBIT": -11,
        "Net Income": -18
    },
    "2015-09-30": {
        "Diluted EPS": -0.61,
        "Total Revenue": 41,
        "Gross Profit": 26,
        "Operating Income": -16,
        "EBIT": -11,
        "Net Income": -18
    },
    "2015-06-30": {
        "Diluted EPS": -0.53,
        "Total Revenue": 42,
        "Gross Profit": 26,
        "Operating Income": -13,
        "EBIT": -9,
        "Net Income": -16
    },
    "2015-03-31": {
        "Diluted EPS": -0.48,
        "Total Revenue": 44,
        "Gross Profit": 29,
        "Operating Income": -12,
        "EBIT": -8,
        "Net Income": -14
    },
    "2014-12-31": {
        "Diluted EPS": -0.61,
        "Total Revenue": 54,
        "Gross Profit": 39,
        "Operating Income": -2,
        "EBIT": 0,
        "Net Income": -17
    },
    "2014-09-30": {
        "Diluted EPS": -0.13,
        "Total Revenue": 47,
        "Gross Profit": 32,
        "Operating Income": -4,
        "EBIT": -1,
        "Net Income": -4
    },
    "2014-06-30": {
        "Diluted EPS": -0.24,
        "Total Revenue": 44,
        "Gross Profit": 30,
        "Operating Income": -8,
        "EBIT": -5,
        "Net Income": -7
    },
    "2014-03-31": {
        "Diluted EPS": -0.29,
        "Total Revenue": 41,
        "Gross Profit": 26,
        "Operating Income": -9,
        "EBIT": -6,
        "Net Income": -8
    },
    "2013-12-31": {
        "Diluted EPS": 0.0,
        "Total Revenue": 39,
        "Gross Profit": 28,
        "Operating Income": 1,
        "EBIT": 2,
        "Net Income": 0
    },
    "2013-09-30": {
        "Diluted EPS": 0.03,
        "Total Revenue": 37,
        "Gross Profit": 26,
        "Operating Income": 1,
        "EBIT": 2,
        "Net Income": 1
    },
    "2013-06-30": {
        "Diluted EPS": 0.02,
        "Total Revenue": 36,
        "Gross Profit": 25,
        "Operating Income": 1,
        "EBIT": 2,
        "Net Income": 1
    },
    "2013-03-31": {
        "Diluted EPS": 0.06,
        "Total Revenue": 34,
        "Gross Profit": 23,
        "Operating Income": 1,
        "EBIT": 2,
        "Net Income": 2
    },
    "2012-12-31": {
        "Diluted EPS": 0.04,
        "Total Revenue": 33,
        "Gross Profit": 23,
        "Operating Income": 2,
        "EBIT": 3,
        "Net Income": 1
    },
    "2012-09-30": {
        "Diluted EPS": 0.05,
        "Total Revenue": 30,
        "Gross Profit": 21,
        "Operating Income": 2,
        "EBIT": 2,
        "Net Income": 1
    },
    "2012-06-30": {
        "Diluted EPS": 0.04,
        "Total Revenue": 28,
        "Gross Profit": 21,
        "Operating Income": 2,
        "EBIT": 2,
        "Net Income": 1
    },
    "2012-03-31": {
        "Diluted EPS": 0.04,
        "Total Revenue": 27,
        "Gross Profit": 19,
        "Operating Income": 2,
        "EBIT": 3,
        "Net Income": 1
    },
    "2011-12-31": {
        "Diluted EPS": 0.08,
        "Total Revenue": 26,
        "Gross Profit": 19,
        "Operating Income": 3,
        "EBIT": 3,
        "Net Income": 2
    },
    "2011-09-30": {
        "Diluted EPS": 0.07,
        "Total Revenue": 25,
        "Gross Profit": 19,
        "Operating Income": 3,
        "EBIT": 3,
        "Net Income": 2
    },
    "2011-06-30": {
        "Diluted EPS": 0.05,
        "Total Revenue": 24,
        "Gross Profit": 17,
        "Operating Income": 2,
        "EBIT": 3,
        "Net Income": 1
    },
    "2011-03-31": {
        "Diluted EPS": 0.03,
        "Total Revenue": 21,
        "Gross Profit": 15,
        "Operating Income": 1,
        "EBIT": 2,
        "Net Income": 1
    },
    "2010-12-31": {
        "Diluted EPS": 0.02,
        "Total Revenue": 20,
        "Gross Profit": 15,
        "Operating Income": 0,
        "EBIT": 0,
        "Net Income": 1
    },
    "2010-09-30": {
        "Diluted EPS": -0.09,
        "Total Revenue": 16,
        "Gross Profit": 10,
        "Operating Income": -4,
        "EBIT": -3,
        "Net Income": -2
    },
    "2010-06-30": {
        "Diluted EPS": -0.02,
        "Total Revenue": 18,
        "Gross Profit": 13,
        "Operating Income": -1,
        "EBIT": -1,
        "Net Income": -1
    },
    "2010-03-31": {
        "Diluted EPS": 0.02,
        "Total Revenue": 17,
        "Gross Profit": 13,
        "Operating Income": 1,
        "EBIT": 1,
        "Net Income": 0
    },
    "2009-12-31": {
        "Diluted EPS": 0.04,
        "Total Revenue": 17,
        "Gross Profit": 12,
        "Operating Income": 2,
        "EBIT": 2,
        "Net Income": 1
    },
    "2009-09-30": {
        "Diluted EPS": 0.03,
        "Total Revenue": 17,
        "Gross Profit": 12,
        "Operating Income": 1,
        "EBIT": 1,
        "Net Income": 1
    },
    "2009-06-30": {
        "Diluted EPS": 0.06,
        "Total Revenue": 17,
        "Gross Profit": 12,
        "Operating Income": 2,
        "EBIT": 2,
        "Net Income": 2
    },
    "2009-03-31": {
        "Diluted EPS": 0.08,
        "Total Revenue": 18,
        "Gross Profit": 13,
        "Operating Income": 3,
        "EBIT": 3,
        "Net Income": 2
    },
    "2023-09-30": {
        "Tax Effect Of Unusual Items": NaN,
        "Tax Rate For Calcs": NaN,
        "Normalized EBITDA": NaN,
        "Total Unusual Items": NaN,
        "Total Unusual Items Excluding Goodwill": NaN,
        "Net Income From Continuing Operation Net Minority Interest": NaN,
        "Reconciled Depreciation": NaN,
        "Reconciled Cost Of Revenue": NaN,
        "EBITDA": NaN,
        "EBIT": NaN,
        "Net Interest Income": NaN,
        "Interest Expense": NaN,
        "Interest Income": NaN,
        "Normalized Income": NaN,
        "Net Income From Continuing And Discontinued Operation": NaN,
        "Total Expenses": NaN,
        "Total Operating Income As Reported": NaN,
        "Diluted Average Shares": NaN,
        "Basic Average Shares": NaN,
        "Diluted EPS": NaN,
        "Basic EPS": NaN,
        "Diluted NI Availto Com Stockholders": NaN,
        "Net Income Common Stockholders": NaN,
        "Net Income": NaN,
        "Net Income Including Noncontrolling Interests": NaN,
        "Net Income Continuous Operations": NaN,
        "Tax Provision": NaN,
        "Pretax Income": NaN,
        "Other Income Expense": NaN,
        "Other Non Operating Income Expenses": NaN,
        "Special Income Charges": -1779000.0,
        "Other Special Charges": 1779000.0,
        "Impairment Of Capital Assets": 0.0,
        "Gain On Sale Of Security": NaN,
        "Net Non Operating Interest Income Expense": NaN,
        "Total Other Finance Cost": NaN,
        "Interest Expense Non Operating": NaN,
        "Interest Income Non Operating": NaN,
        "Operating Income": NaN,
        "Operating Expense": NaN,
        "Research And Development": NaN,
        "Selling General And Administration": NaN,
        "Selling And Marketing Expense": NaN,
        "General And Administrative Expense": NaN,
        "Other Gand A": NaN,
        "Gross Profit": NaN,
        "Cost Of Revenue": NaN,
        "Total Revenue": NaN,
        "Operating Revenue": NaN
    },
    "2023-12-31": {
        "Tax Effect Of Unusual Items": NaN,
        "Tax Rate For Calcs": NaN,
        "Normalized EBITDA": NaN,
        "Total Unusual Items": NaN,
        "Total Unusual Items Excluding Goodwill": NaN,
        "Net Income From Continuing Operation Net Minority Interest": NaN,
        "Reconciled Depreciation": NaN,
        "Reconciled Cost Of Revenue": NaN,
        "EBITDA": NaN,
        "EBIT": NaN,
        "Net Interest Income": NaN,
        "Interest Expense": NaN,
        "Interest Income": NaN,
        "Normalized Income": NaN,
        "Net Income From Continuing And Discontinued Operation": NaN,
        "Total Expenses": NaN,
        "Total Operating Income As Reported": NaN,
        "Diluted Average Shares": NaN,
        "Basic Average Shares": NaN,
        "Diluted EPS": NaN,
        "Basic EPS": NaN,
        "Diluted NI Availto Com Stockholders": NaN,
        "Average Dilution Earnings": NaN,
        "Net Income Common Stockholders": NaN,
        "Net Income": NaN,
        "Net Income Including Noncontrolling Interests": NaN,
        "Net Income Continuous Operations": NaN,
        "Tax Provision": NaN,
        "Pretax Income": NaN,
        "Other Income Expense": NaN,
        "Other Non Operating Income Expenses": NaN,
        "Special Income Charges": NaN,
        "Gain On Sale Of Ppe": NaN,
        "Other Special Charges": 0.0,
        "Impairment Of Capital Assets": 0.0,
        "Gain On Sale Of Security": NaN,
        "Net Non Operating Interest Income Expense": NaN,
        "Total Other Finance Cost": NaN,
        "Interest Expense Non Operating": NaN,
        "Interest Income Non Operating": NaN,
        "Operating Income": NaN,
        "Operating Expense": NaN,
        "Research And Development": NaN,
        "Selling General And Administration": NaN,
        "Selling And Marketing Expense": NaN,
        "General And Administrative Expense": NaN,
        "Other Gand A": NaN,
        "Gross Profit": NaN,
        "Cost Of Revenue": NaN,
        "Total Revenue": NaN,
        "Operating Revenue": NaN
    },
    "2024-03-31": {
        "Tax Effect Of Unusual Items": NaN,
        "Tax Rate For Calcs": NaN,
        "Normalized EBITDA": NaN,
        "Total Unusual Items": NaN,
        "Total Unusual Items Excluding Goodwill": NaN,
        "Net Income From Continuing Operation Net Minority Interest": NaN,
        "Reconciled Depreciation": NaN,
        "Reconciled Cost Of Revenue": NaN,
        "EBITDA": NaN,
        "EBIT": NaN,
        "Net Interest Income": NaN,
        "Interest Expense": NaN,
        "Interest Income": NaN,
        "Normalized Income": NaN,
        "Net Income From Continuing And Discontinued Operation": NaN,
        "Total Expenses": NaN,
        "Total Operating Income As Reported": NaN,
        "Diluted Average Shares": NaN,
        "Basic Average Shares": NaN,
        "Diluted EPS": NaN,
        "Basic EPS": NaN,
        "Diluted NI Availto Com Stockholders": NaN,
        "Average Dilution Earnings": NaN,
        "Net Income Common Stockholders": NaN,
        "Net Income": NaN,
        "Net Income Including Noncontrolling Interests": NaN,
        "Net Income Continuous Operations": NaN,
        "Tax Provision": NaN,
        "Pretax Income": NaN,
        "Other Income Expense": NaN,
        "Other Non Operating Income Expenses": 32000.0,
        "Special Income Charges": -800000.0,
        "Gain On Sale Of Ppe": -800000.0,
        "Other Special Charges": NaN,
        "Gain On Sale Of Security": NaN,
        "Net Non Operating Interest Income Expense": NaN,
        "Total Other Finance Cost": NaN,
        "Interest Expense Non Operating": NaN,
        "Interest Income Non Operating": NaN,
        "Operating Income": NaN,
        "Operating Expense": NaN,
        "Research And Development": NaN,
        "Selling General And Administration": NaN,
        "Selling And Marketing Expense": NaN,
        "General And Administrative Expense": NaN,
        "Other Gand A": NaN,
        "Gross Profit": NaN,
        "Cost Of Revenue": NaN,
        "Total Revenue": NaN,
        "Operating Revenue": NaN
    },
    "2024-06-30": {
        "Tax Effect Of Unusual Items": -47880.0,
        "Tax Rate For Calcs": 0.21,
        "Normalized EBITDA": -3070000.0,
        "Total Unusual Items": -228000.0,
        "Total Unusual Items Excluding Goodwill": -228000.0,
        "Net Income From Continuing Operation Net Minority Interest": -7386000.0,
        "Reconciled Depreciation": 2191000.0,
        "Reconciled Cost Of Revenue": 28819000.0,
        "EBITDA": -3298000.0,
        "EBIT": -5489000.0,
        "Net Interest Income": 408000.0,
        "Interest Expense": 1520000.0,
        "Interest Income": 2229000.0,
        "Normalized Income": -7205880.0,
        "Net Income From Continuing And Discontinued Operation": -7386000.0,
        "Total Expenses": 89197000.0,
        "Total Operating Income As Reported": -7184000.0,
        "Diluted Average Shares": 47068000.0,
        "Basic Average Shares": 47068000.0,
        "Diluted EPS": -0.16,
        "Basic EPS": -0.16,
        "Diluted NI Availto Com Stockholders": -7386000.0,
        "Average Dilution Earnings": 0.0,
        "Net Income Common Stockholders": -7386000.0,
        "Net Income": -7386000.0,
        "Net Income Including Noncontrolling Interests": -7386000.0,
        "Net Income Continuous Operations": -7386000.0,
        "Tax Provision": 377000.0,
        "Pretax Income": -7009000.0,
        "Other Income Expense": -233000.0,
        "Other Non Operating Income Expenses": -5000.0,
        "Special Income Charges": 0.0,
        "Gain On Sale Of Ppe": NaN,
        "Other Special Charges": NaN,
        "Gain On Sale Of Security": -228000.0,
        "Net Non Operating Interest Income Expense": 408000.0,
        "Total Other Finance Cost": 301000.0,
        "Interest Expense Non Operating": 1520000.0,
        "Interest Income Non Operating": 2229000.0,
        "Operating Income": -7184000.0,
        "Operating Expense": 60378000.0,
        "Research And Development": 21786000.0,
        "Selling General And Administration": 38592000.0,
        "Selling And Marketing Expense": 23537000.0,
        "General And Administrative Expense": 15055000.0,
        "Other Gand A": 15055000.0,
        "Gross Profit": 53194000.0,
        "Cost Of Revenue": 28819000.0,
        "Total Revenue": 82013000.0,
        "Operating Revenue": 82013000.0
    },
    "2024-09-30": {
        "Tax Effect Of Unusual Items": -35700.0,
        "Tax Rate For Calcs": 0.21,
        "Normalized EBITDA": 4088000.0,
        "Total Unusual Items": -170000.0,
        "Total Unusual Items Excluding Goodwill": -170000.0,
        "Net Income From Continuing Operation Net Minority Interest": 235000.0,
        "Reconciled Depreciation": 1976000.0,
        "Reconciled Cost Of Revenue": 28298000.0,
        "EBITDA": 3918000.0,
        "EBIT": 1942000.0,
        "Net Interest Income": 386000.0,
        "Interest Expense": 1501000.0,
        "Interest Income": 2176000.0,
        "Normalized Income": 369300.0,
        "Net Income From Continuing And Discontinued Operation": 235000.0,
        "Total Expenses": 82671000.0,
        "Total Operating Income As Reported": 31000.0,
        "Diluted Average Shares": 47338000.0,
        "Basic Average Shares": 47231000.0,
        "Diluted EPS": 0.004964,
        "Basic EPS": 0.004976,
        "Diluted NI Availto Com Stockholders": 235000.0,
        "Average Dilution Earnings": NaN,
        "Net Income Common Stockholders": 235000.0,
        "Net Income": 235000.0,
        "Net Income Including Noncontrolling Interests": 235000.0,
        "Net Income Continuous Operations": 235000.0,
        "Tax Provision": 206000.0,
        "Pretax Income": 441000.0,
        "Other Income Expense": 24000.0,
        "Other Non Operating Income Expenses": 194000.0,
        "Special Income Charges": 0.0,
        "Gain On Sale Of Ppe": NaN,
        "Other Special Charges": NaN,
        "Gain On Sale Of Security": -170000.0,
        "Net Non Operating Interest Income Expense": 386000.0,
        "Total Other Finance Cost": 289000.0,
        "Interest Expense Non Operating": 1501000.0,
        "Interest Income Non Operating": 2176000.0,
        "Operating Income": 31000.0,
        "Operating Expense": 54373000.0,
        "Research And Development": 21081000.0,
        "Selling General And Administration": 33292000.0,
        "Selling And Marketing Expense": 20074000.0,
        "General And Administrative Expense": 13218000.0,
        "Other Gand A": 13218000.0,
        "Gross Profit": 54404000.0,
        "Cost Of Revenue": 28298000.0,
        "Total Revenue": 82702000.0,
        "Operating Revenue": 82702000.0
    },
    "2024-12-31": {
        "Tax Effect Of Unusual Items": -82950.0,
        "Tax Rate For Calcs": 0.21,
        "Normalized EBITDA": 2282000.0,
        "Total Unusual Items": -395000.0,
        "Total Unusual Items Excluding Goodwill": -395000.0,
        "Net Income From Continuing Operation Net Minority Interest": -1967000.0,
        "Reconciled Depreciation": 1932000.0,
        "Reconciled Cost Of Revenue": 27379000.0,
        "EBITDA": 1887000.0,
        "EBIT": -45000.0,
        "Net Interest Income": 270000.0,
        "Interest Expense": 1502000.0,
        "Interest Income": 2061000.0,
        "Normalized Income": -1654950.0,
        "Net Income From Continuing And Discontinued Operation": -1967000.0,
        "Total Expenses": 86536000.0,
        "Total Operating Income As Reported": -1567000.0,
        "Diluted Average Shares": 47349000.0,
        "Basic Average Shares": 47349000.0,
        "Diluted EPS": -0.04,
        "Basic EPS": -0.04,
        "Diluted NI Availto Com Stockholders": -1967000.0,
        "Average Dilution Earnings": NaN,
        "Net Income Common Stockholders": -1967000.0,
        "Net Income": -1967000.0,
        "Net Income Including Noncontrolling Interests": -1967000.0,
        "Net Income Continuous Operations": -1967000.0,
        "Tax Provision": 420000.0,
        "Pretax Income": -1547000.0,
        "Other Income Expense": -250000.0,
        "Other Non Operating Income Expenses": 145000.0,
        "Special Income Charges": 0.0,
        "Gain On Sale Of Ppe": NaN,
        "Other Special Charges": NaN,
        "Gain On Sale Of Security": -395000.0,
        "Net Non Operating Interest Income Expense": 270000.0,
        "Total Other Finance Cost": 289000.0,
        "Interest Expense Non Operating": 1502000.0,
        "Interest Income Non Operating": 2061000.0,
        "Operating Income": -1567000.0,
        "Operating Expense": 59157000.0,
        "Research And Development": 22445000.0,
        "Selling General And Administration": 36712000.0,
        "Selling And Marketing Expense": 21755000.0,
        "General And Administrative Expense": 14957000.0,
        "Other Gand A": 14957000.0,
        "Gross Profit": 57590000.0,
        "Cost Of Revenue": 27379000.0,
        "Total Revenue": 84969000.0,
        "Operating Revenue": 84969000.0
    },
    "2025-03-31": {
        "Tax Effect Of Unusual Items": 124110.0,
        "Tax Rate For Calcs": 0.21,
        "Normalized EBITDA": -273000.0,
        "Total Unusual Items": 591000.0,
        "Total Unusual Items Excluding Goodwill": 591000.0,
        "Net Income From Continuing Operation Net Minority Interest": -3689000.0,
        "Reconciled Depreciation": 1858000.0,
        "Reconciled Cost Of Revenue": 27932000.0,
        "EBITDA": 318000.0,
        "EBIT": -1540000.0,
        "Net Interest Income": 193000.0,
        "Interest Expense": 1501000.0,
        "Interest Income": 1983000.0,
        "Normalized Income": -4155890.0,
        "Net Income From Continuing And Discontinued Operation": -3689000.0,
        "Total Expenses": 90147000.0,
        "Total Operating Income As Reported": -3825000.0,
        "Diluted Average Shares": 47650000.0,
        "Basic Average Shares": 47650000.0,
        "Diluted EPS": -0.08,
        "Basic EPS": -0.08,
        "Diluted NI Availto Com Stockholders": -3689000.0,
        "Average Dilution Earnings": NaN,
        "Net Income Common Stockholders": -3689000.0,
        "Net Income": -3689000.0,
        "Net Income Including Noncontrolling Interests": -3689000.0,
        "Net Income Continuous Operations": -3689000.0,
        "Tax Provision": 648000.0,
        "Pretax Income": -3041000.0,
        "Other Income Expense": 591000.0,
        "Other Non Operating Income Expenses": NaN,
        "Special Income Charges": NaN,
        "Gain On Sale Of Ppe": NaN,
        "Other Special Charges": NaN,
        "Gain On Sale Of Security": 591000.0,
        "Net Non Operating Interest Income Expense": 193000.0,
        "Total Other Finance Cost": 289000.0,
        "Interest Expense Non Operating": 1501000.0,
        "Interest Income Non Operating": 1983000.0,
        "Operating Income": -3825000.0,
        "Operating Expense": 62215000.0,
        "Research And Development": 22607000.0,
        "Selling General And Administration": 39608000.0,
        "Selling And Marketing Expense": 24008000.0,
        "General And Administrative Expense": 15600000.0,
        "Other Gand A": 15600000.0,
        "Gross Profit": 58390000.0,
        "Cost Of Revenue": 27932000.0,
        "Total Revenue": 86322000.0,
        "Operating Revenue": 86322000.0
    },
    "2025-06-30": {
        "Tax Effect Of Unusual Items": 1258110.0,
        "Tax Rate For Calcs": 0.21,
        "Normalized EBITDA": -4092000.0,
        "Total Unusual Items": 5991000.0,
        "Total Unusual Items Excluding Goodwill": 5991000.0,
        "Net Income From Continuing Operation Net Minority Interest": -1756000.0,
        "Reconciled Depreciation": 1871000.0,
        "Reconciled Cost Of Revenue": 29195000.0,
        "EBITDA": 1899000.0,
        "EBIT": 28000.0,
        "Net Interest Income": 109000.0,
        "Interest Expense": 1529000.0,
        "Interest Income": 1897000.0,
        "Normalized Income": -6488890.0,
        "Net Income From Continuing And Discontinued Operation": -1756000.0,
        "Total Expenses": 96314000.0,
        "Total Operating Income As Reported": -7599000.0,
        "Diluted Average Shares": 51501000.0,
        "Basic Average Shares": 47916000.0,
        "Diluted EPS": -0.1,
        "Basic EPS": -0.04,
        "Diluted NI Availto Com Stockholders": -5171000.0,
        "Average Dilution Earnings": -3415000.0,
        "Net Income Common Stockholders": -1756000.0,
        "Net Income": -1756000.0,
        "Net Income Including Noncontrolling Interests": -1756000.0,
        "Net Income Continuous Operations": -1756000.0,
        "Tax Provision": 255000.0,
        "Pretax Income": -1501000.0,
        "Other Income Expense": 5989000.0,
        "Other Non Operating Income Expenses": -2000.0,
        "Special Income Charges": 4189000.0,
        "Gain On Sale Of Ppe": NaN,
        "Other Special Charges": -4189000.0,
        "Gain On Sale Of Security": 1802000.0,
        "Net Non Operating Interest Income Expense": 109000.0,
        "Total Other Finance Cost": 259000.0,
        "Interest Expense Non Operating": 1529000.0,
        "Interest Income Non Operating": 1897000.0,
        "Operating Income": -7599000.0,
        "Operating Expense": 67119000.0,
        "Research And Development": 23019000.0,
        "Selling General And Administration": 44100000.0,
        "Selling And Marketing Expense": 26791000.0,
        "General And Administrative Expense": 17309000.0,
        "Other Gand A": 17309000.0,
        "Gross Profit": 59520000.0,
        "Cost Of Revenue": 29195000.0,
        "Total Revenue": 88715000.0,
        "Operating Revenue": 88715000.0
    }
}