{
    "2023-03-31": {
        "Tax Effect Of Unusual Items": 3755841.891892,
        "Tax Rate For Calcs": 0.254392,
        "Normalized EBITDA": 6598000.0,
        "Total Unusual Items": 14764000.0,
        "Total Unusual Items Excluding Goodwill": 14764000.0,
        "Net Income From Continuing Operation Net Minority Interest": 6621000.0,
        "Reconciled Depreciation": 3706000.0,
        "Reconciled Cost Of Revenue": 38100000.0,
        "EBITDA": 21362000.0,
        "EBIT": 17656000.0,
        "Net Interest Income": -9501000.0,
        "Interest Expense": 8776000.0,
        "Normalized Income": -4387158.108108,
        "Net Income From Continuing And Discontinued Operation": 6621000.0,
        "Total Expenses": 80969000.0,
        "Diluted Average Shares": 101109572.0,
        "Basic Average Shares": 101109572.0,
        "Diluted EPS": 0.07,
        "Basic EPS": 0.07,
        "Diluted NI Availto Com Stockholders": 6621000.0,
        "Net Income Common Stockholders": 6621000.0,
        "Net Income": 6621000.0,
        "Minority Interests": 0.0,
        "Net Income Including Noncontrolling Interests": 6621000.0,
        "Net Income Continuous Operations": 6621000.0,
        "Tax Provision": 2259000.0,
        "Pretax Income": 8880000.0,
        "Other Income Expense": 15188000.0,
        "Other Non Operating Income Expenses": 424000.0,
        "Special Income Charges": -316000.0,
        "Other Special Charges": 316000.0,
        "Gain On Sale Of Security": 15080000.0,
        "Net Non Operating Interest Income Expense": -9501000.0,
        "Total Other Finance Cost": 725000.0,
        "Interest Expense Non Operating": 8776000.0,
        "Operating Income": 3193000.0,
        "Operating Expense": 42869000.0,
        "Other Taxes": 80000.0,
        "Selling General And Administration": 42789000.0,
        "Selling And Marketing Expense": 20670000.0,
        "General And Administrative Expense": 22119000.0,
        "Other Gand A": 22119000.0,
        "Gross Profit": 46062000.0,
        "Cost Of Revenue": 38100000.0,
        "Total Revenue": 84162000.0,
        "Operating Revenue": 84162000.0
    },
    "2022-12-31": {
        "Tax Effect Of Unusual Items": 0.0,
        "Tax Rate For Calcs": 0.21,
        "Normalized EBITDA": 45051000.0,
        "Total Unusual Items": NaN,
        "Total Unusual Items Excluding Goodwill": NaN,
        "Net Income From Continuing Operation Net Minority Interest": 10434000.0,
        "Reconciled Depreciation": 4459000.0,
        "Reconciled Cost Of Revenue": 49212000.0,
        "EBITDA": 45051000.0,
        "EBIT": 40592000.0,
        "Net Interest Income": -54613000.0,
        "Interest Expense": NaN,
        "Normalized Income": 10434000.0,
        "Net Income From Continuing And Discontinued Operation": 10434000.0,
        "Total Expenses": 100374000.0,
        "Diluted Average Shares": NaN,
        "Basic Average Shares": NaN,
        "Diluted EPS": NaN,
        "Basic EPS": NaN,
        "Diluted NI Availto Com Stockholders": 10434000.0,
        "Net Income Common Stockholders": 10434000.0,
        "Net Income": 10434000.0,
        "Minority Interests": 0.0,
        "Net Income Including Noncontrolling Interests": 10434000.0,
        "Net Income Continuous Operations": 10434000.0,
        "Tax Provision": -934000.0,
        "Pretax Income": 9500000.0,
        "Other Income Expense": 63020000.0,
        "Other Non Operating Income Expenses": 12332000.0,
        "Special Income Charges": NaN,
        "Other Special Charges": NaN,
        "Gain On Sale Of Security": NaN,
        "Net Non Operating Interest Income Expense": -54613000.0,
        "Total Other Finance Cost": 28851000.0,
        "Interest Expense Non Operating": NaN,
        "Operating Income": 1093000.0,
        "Operating Expense": 51162000.0,
        "Other Taxes": NaN,
        "Selling General And Administration": 50043000.0,
        "Selling And Marketing Expense": 21869000.0,
        "General And Administrative Expense": 28174000.0,
        "Other Gand A": 28174000.0,
        "Gross Profit": 52255000.0,
        "Cost Of Revenue": 49212000.0,
        "Total Revenue": 101467000.0,
        "Operating Revenue": 101467000.0
    },
    "2022-09-30": {
        "Tax Effect Of Unusual Items": 5244731.341319,
        "Tax Rate For Calcs": 0.256944,
        "Normalized EBITDA": 20273000.0,
        "Total Unusual Items": 20412000.0,
        "Total Unusual Items Excluding Goodwill": 20412000.0,
        "Net Income From Continuing Operation Net Minority Interest": 22580000.0,
        "Reconciled Depreciation": 4012000.0,
        "Reconciled Cost Of Revenue": 42845000.0,
        "EBITDA": 40685000.0,
        "EBIT": 36673000.0,
        "Net Interest Income": -6986000.0,
        "Interest Expense": 6285000.0,
        "Normalized Income": 7412731.341319,
        "Net Income From Continuing And Discontinued Operation": 22580000.0,
        "Total Expenses": 93188000.0,
        "Diluted Average Shares": 102636364.0,
        "Basic Average Shares": 102636364.0,
        "Diluted EPS": 0.22,
        "Basic EPS": 0.22,
        "Diluted NI Availto Com Stockholders": 22580000.0,
        "Net Income Common Stockholders": 22580000.0,
        "Net Income": 22580000.0,
        "Minority Interests": 0.0,
        "Net Income Including Noncontrolling Interests": 22580000.0,
        "Net Income Continuous Operations": 22580000.0,
        "Tax Provision": 7808000.0,
        "Pretax Income": 30388000.0,
        "Other Income Expense": 20159000.0,
        "Other Non Operating Income Expenses": -253000.0,
        "Special Income Charges": -322000.0,
        "Other Special Charges": 322000.0,
        "Gain On Sale Of Security": 20734000.0,
        "Net Non Operating Interest Income Expense": -6986000.0,
        "Total Other Finance Cost": 701000.0,
        "Interest Expense Non Operating": 6285000.0,
        "Operating Income": 17215000.0,
        "Operating Expense": 50343000.0,
        "Other Taxes": 131000.0,
        "Selling General And Administration": 50212000.0,
        "Selling And Marketing Expense": 25875000.0,
        "General And Administrative Expense": 24337000.0,
        "Other Gand A": 24337000.0,
        "Gross Profit": 67558000.0,
        "Cost Of Revenue": 42845000.0,
        "Total Revenue": 110403000.0,
        "Operating Revenue": 110403000.0
    },
    "2022-06-30": {
        "Tax Effect Of Unusual Items": 0.0,
        "Tax Rate For Calcs": 0.255461,
        "Normalized EBITDA": 14371000.0,
        "Total Unusual Items": NaN,
        "Total Unusual Items Excluding Goodwill": NaN,
        "Net Income From Continuing Operation Net Minority Interest": -6919000.0,
        "Reconciled Depreciation": 4873000.0,
        "Reconciled Cost Of Revenue": 39786000.0,
        "EBITDA": 14371000.0,
        "EBIT": 9498000.0,
        "Net Interest Income": -18791000.0,
        "Interest Expense": 18791000.0,
        "Normalized Income": -6919000.0,
        "Net Income From Continuing And Discontinued Operation": -6919000.0,
        "Total Expenses": 94296000.0,
        "Diluted Average Shares": 98842857.0,
        "Basic Average Shares": 98842857.0,
        "Diluted EPS": -0.07,
        "Basic EPS": -0.07,
        "Diluted NI Availto Com Stockholders": -6919000.0,
        "Net Income Common Stockholders": -6919000.0,
        "Net Income": -6919000.0,
        "Minority Interests": 0.0,
        "Net Income Including Noncontrolling Interests": -6919000.0,
        "Net Income Continuous Operations": -6919000.0,
        "Tax Provision": -2374000.0,
        "Pretax Income": -9293000.0,
        "Other Income Expense": -8626000.0,
        "Other Non Operating Income Expenses": -8626000.0,
        "Special Income Charges": NaN,
        "Other Special Charges": NaN,
        "Gain On Sale Of Security": NaN,
        "Net Non Operating Interest Income Expense": -18791000.0,
        "Total Other Finance Cost": NaN,
        "Interest Expense Non Operating": 18791000.0,
        "Operating Income": 18124000.0,
        "Operating Expense": 54510000.0,
        "Other Taxes": NaN,
        "Selling General And Administration": 54510000.0,
        "Selling And Marketing Expense": 25665000.0,
        "General And Administrative Expense": 28845000.0,
        "Other Gand A": 28845000.0,
        "Gross Profit": 72634000.0,
        "Cost Of Revenue": 39786000.0,
        "Total Revenue": 112420000.0,
        "Operating Revenue": 112420000.0
    },
    "2022-03-31": {
        "Diluted EPS": 0.16,
        "Total Revenue": 86,
        "Gross Profit": 47,
        "Operating Income": 2,
        "EBIT": 6,
        "Net Income": 16
    },
    "2021-12-31": {
        "Diluted EPS": 0.3,
        "Total Revenue": 127,
        "Gross Profit": 76,
        "Operating Income": 36,
        "EBIT": 38,
        "Net Income": 28
    },
    "2021-09-30": {
        "Diluted EPS": -1.14,
        "Total Revenue": 107,
        "Gross Profit": 62,
        "Operating Income": 18,
        "EBIT": 23,
        "Net Income": -111
    },
    "2021-06-30": {
        "Diluted EPS": -0.01,
        "Total Revenue": 99,
        "Gross Profit": 58,
        "Operating Income": 16,
        "EBIT": 21,
        "Net Income": -1
    },
    "2021-03-31": {
        "Diluted EPS": -0.18,
        "Total Revenue": 77,
        "Gross Profit": 40,
        "Operating Income": 0,
        "EBIT": 4,
        "Net Income": -17
    },
    "2020-12-31": {
        "Diluted EPS": -1.22,
        "Total Revenue": 252,
        "Gross Profit": 144,
        "Operating Income": 252,
        "EBIT": 257,
        "Net Income": -6
    },
    "2020-09-30": {
        "Diluted EPS": 0.0,
        "Total Revenue": 79,
        "Gross Profit": 48,
        "Operating Income": 14,
        "EBIT": 14,
        "Net Income": -1
    },
    "2020-06-30": {
        "Diluted EPS": -0.76,
        "Total Revenue": NaN,
        "Gross Profit": NaN,
        "Operating Income": 0,
        "EBIT": 0,
        "Net Income": -4
    },
    "2020-03-31": {
        "Diluted EPS": 0.36,
        "Total Revenue": NaN,
        "Gross Profit": NaN,
        "Operating Income": 0,
        "EBIT": 0,
        "Net Income": 2
    },
    "2019-12-31": {
        "Diluted EPS": -0.47,
        "Total Revenue": NaN,
        "Gross Profit": NaN,
        "Operating Income": 0,
        "EBIT": NaN,
        "Net Income": -2
    },
    "2019-09-30": {
        "Diluted EPS": 0.0,
        "Total Revenue": NaN,
        "Gross Profit": NaN,
        "Operating Income": NaN,
        "EBIT": NaN,
        "Net Income": NaN
    },
    "2019-06-30": {
        "Diluted EPS": 0.0,
        "Total Revenue": NaN,
        "Gross Profit": NaN,
        "Operating Income": NaN,
        "EBIT": NaN,
        "Net Income": NaN
    },
    "2019-03-31": {
        "Diluted EPS": -5.5,
        "Total Revenue": NaN,
        "Gross Profit": NaN,
        "Operating Income": 0,
        "EBIT": 0,
        "Net Income": 0
    },
    "2023-06-30": {
        "Tax Effect Of Unusual Items": 4374916.543652,
        "Tax Rate For Calcs": 0.289461,
        "Normalized EBITDA": 37715000.0,
        "Total Unusual Items": 15114000.0,
        "Total Unusual Items Excluding Goodwill": 15114000.0,
        "Net Income From Continuing Operation Net Minority Interest": 26955000.0,
        "Reconciled Depreciation": 4317000.0,
        "Reconciled Cost Of Revenue": 48869000.0,
        "EBITDA": 52829000.0,
        "EBIT": 48512000.0,
        "Net Interest Income": -11750000.0,
        "Interest Expense": 10576000.0,
        "Normalized Income": 16215916.543652,
        "Net Income From Continuing And Discontinued Operation": 26955000.0,
        "Total Expenses": 95008000.0,
        "Diluted Average Shares": 99833333.0,
        "Basic Average Shares": 99833333.0,
        "Diluted EPS": 0.27,
        "Basic EPS": 0.27,
        "Diluted NI Availto Com Stockholders": 26955000.0,
        "Net Income Common Stockholders": 26955000.0,
        "Net Income": 26955000.0,
        "Minority Interests": 0.0,
        "Net Income Including Noncontrolling Interests": 26955000.0,
        "Net Income Continuous Operations": 26955000.0,
        "Tax Provision": 10981000.0,
        "Pretax Income": 37936000.0,
        "Other Income Expense": 34637000.0,
        "Other Non Operating Income Expenses": 19523000.0,
        "Special Income Charges": -320000.0,
        "Other Special Charges": 320000.0,
        "Gain On Sale Of Security": 15434000.0,
        "Net Non Operating Interest Income Expense": -11750000.0,
        "Total Other Finance Cost": 1174000.0,
        "Interest Expense Non Operating": 10576000.0,
        "Operating Income": 15049000.0,
        "Operating Expense": 46139000.0,
        "Other Taxes": 40000.0,
        "Selling General And Administration": 46099000.0,
        "Selling And Marketing Expense": 21497000.0,
        "General And Administrative Expense": 24602000.0,
        "Other Gand A": 24602000.0,
        "Gross Profit": 61188000.0,
        "Cost Of Revenue": 48869000.0,
        "Total Revenue": 110057000.0,
        "Operating Revenue": 110057000.0
    },
    "2023-09-30": {
        "Tax Effect Of Unusual Items": 3064960.206402,
        "Tax Rate For Calcs": 0.282928,
        "Normalized EBITDA": 16350000.0,
        "Total Unusual Items": 10833000.0,
        "Total Unusual Items Excluding Goodwill": 10833000.0,
        "Net Income From Continuing Operation Net Minority Interest": 8194000.0,
        "Reconciled Depreciation": 4980000.0,
        "Reconciled Cost Of Revenue": 50007000.0,
        "EBITDA": 27183000.0,
        "EBIT": 22203000.0,
        "Net Interest Income": -11655000.0,
        "Interest Expense": 10769000.0,
        "Normalized Income": 425960.206402,
        "Net Income From Continuing And Discontinued Operation": 8194000.0,
        "Total Expenses": 105361000.0,
        "Diluted Average Shares": 102425000.0,
        "Basic Average Shares": 102425000.0,
        "Diluted EPS": 0.08,
        "Basic EPS": 0.08,
        "Diluted NI Availto Com Stockholders": 8194000.0,
        "Net Income Common Stockholders": 8194000.0,
        "Net Income": 8194000.0,
        "Minority Interests": -5000.0,
        "Net Income Including Noncontrolling Interests": 8199000.0,
        "Net Income Continuous Operations": 8199000.0,
        "Tax Provision": 3235000.0,
        "Pretax Income": 11434000.0,
        "Other Income Expense": 10040000.0,
        "Other Non Operating Income Expenses": -793000.0,
        "Special Income Charges": -334000.0,
        "Other Special Charges": 334000.0,
        "Gain On Sale Of Security": 11167000.0,
        "Net Non Operating Interest Income Expense": -11655000.0,
        "Total Other Finance Cost": 886000.0,
        "Interest Expense Non Operating": 10769000.0,
        "Operating Income": 13049000.0,
        "Operating Expense": 55354000.0,
        "Other Taxes": 135000.0,
        "Selling General And Administration": 55219000.0,
        "Selling And Marketing Expense": 29440000.0,
        "General And Administrative Expense": 25779000.0,
        "Other Gand A": 25779000.0,
        "Gross Profit": 68403000.0,
        "Cost Of Revenue": 50007000.0,
        "Total Revenue": 118410000.0,
        "Operating Revenue": 118410000.0
    }
}