{
    "2023-03-31": {
        "Tax Effect Of Unusual Items": NaN,
        "Tax Rate For Calcs": NaN,
        "Normalized EBITDA": NaN,
        "Net Income From Continuing Operation Net Minority Interest": NaN,
        "Reconciled Depreciation": NaN,
        "EBITDA": NaN,
        "EBIT": NaN,
        "Net Interest Income": NaN,
        "Interest Expense": NaN,
        "Interest Income": NaN,
        "Normalized Income": NaN,
        "Net Income From Continuing And Discontinued Operation": NaN,
        "Total Expenses": NaN,
        "Total Operating Income As Reported": NaN,
        "Diluted Average Shares": 61540231.0,
        "Basic Average Shares": 61540231.0,
        "Diluted EPS": -0.16,
        "Basic EPS": -0.16,
        "Diluted NI Availto Com Stockholders": NaN,
        "Net Income Common Stockholders": NaN,
        "Net Income": NaN,
        "Minority Interests": NaN,
        "Net Income Including Noncontrolling Interests": NaN,
        "Net Income Continuous Operations": NaN,
        "Tax Provision": NaN,
        "Pretax Income": NaN,
        "Net Non Operating Interest Income Expense": NaN,
        "Interest Expense Non Operating": NaN,
        "Interest Income Non Operating": NaN,
        "Operating Income": NaN,
        "Operating Expense": NaN,
        "Research And Development": NaN,
        "Selling General And Administration": NaN,
        "General And Administrative Expense": NaN,
        "Other Gand A": NaN,
        "Total Revenue": NaN,
        "Operating Revenue": NaN
    },
    "2022-12-31": {
        "Tax Effect Of Unusual Items": 0.0,
        "Tax Rate For Calcs": 0.048848,
        "Normalized EBITDA": -25042000.0,
        "Net Income From Continuing Operation Net Minority Interest": -6487000.0,
        "Reconciled Depreciation": 791000.0,
        "EBITDA": -25042000.0,
        "EBIT": -25833000.0,
        "Net Interest Income": 4400000.0,
        "Interest Expense": 2000.0,
        "Interest Income": 4402000.0,
        "Normalized Income": -6487000.0,
        "Net Income From Continuing And Discontinued Operation": -6487000.0,
        "Total Expenses": 30235000.0,
        "Total Operating Income As Reported": -30235000.0,
        "Diluted Average Shares": NaN,
        "Basic Average Shares": NaN,
        "Diluted EPS": NaN,
        "Basic EPS": NaN,
        "Diluted NI Availto Com Stockholders": -6487000.0,
        "Net Income Common Stockholders": -6487000.0,
        "Net Income": -6487000.0,
        "Minority Interests": 18086000.0,
        "Net Income Including Noncontrolling Interests": -24573000.0,
        "Net Income Continuous Operations": -24573000.0,
        "Tax Provision": -1262000.0,
        "Pretax Income": -25835000.0,
        "Net Non Operating Interest Income Expense": 4400000.0,
        "Interest Expense Non Operating": 2000.0,
        "Interest Income Non Operating": 4402000.0,
        "Operating Income": -30235000.0,
        "Operating Expense": 30235000.0,
        "Research And Development": 20890000.0,
        "Selling General And Administration": 9345000.0,
        "General And Administrative Expense": 9345000.0,
        "Other Gand A": 9345000.0,
        "Total Revenue": 0.0,
        "Operating Revenue": 0.0
    },
    "2022-09-30": {
        "Tax Effect Of Unusual Items": NaN,
        "Tax Rate For Calcs": NaN,
        "Normalized EBITDA": NaN,
        "Net Income From Continuing Operation Net Minority Interest": NaN,
        "Reconciled Depreciation": NaN,
        "EBITDA": NaN,
        "EBIT": NaN,
        "Net Interest Income": NaN,
        "Interest Expense": NaN,
        "Interest Income": NaN,
        "Normalized Income": NaN,
        "Net Income From Continuing And Discontinued Operation": NaN,
        "Total Expenses": NaN,
        "Total Operating Income As Reported": NaN,
        "Diluted Average Shares": 61540231.0,
        "Basic Average Shares": 61540231.0,
        "Diluted EPS": -0.13,
        "Basic EPS": -0.13,
        "Diluted NI Availto Com Stockholders": NaN,
        "Net Income Common Stockholders": NaN,
        "Net Income": NaN,
        "Minority Interests": NaN,
        "Net Income Including Noncontrolling Interests": NaN,
        "Net Income Continuous Operations": NaN,
        "Tax Provision": NaN,
        "Pretax Income": NaN,
        "Net Non Operating Interest Income Expense": NaN,
        "Interest Expense Non Operating": NaN,
        "Interest Income Non Operating": NaN,
        "Operating Income": NaN,
        "Operating Expense": NaN,
        "Research And Development": NaN,
        "Selling General And Administration": NaN,
        "General And Administrative Expense": NaN,
        "Other Gand A": NaN,
        "Total Revenue": NaN,
        "Operating Revenue": NaN
    },
    "2022-06-30": {
        "Tax Effect Of Unusual Items": 0.0,
        "Tax Rate For Calcs": 0.4,
        "Normalized EBITDA": -20738000.0,
        "Net Income From Continuing Operation Net Minority Interest": -22131000.0,
        "Reconciled Depreciation": 752000.0,
        "EBITDA": -20738000.0,
        "EBIT": -20738000.0,
        "Net Interest Income": -170000.0,
        "Interest Expense": 170000.0,
        "Interest Income": 0.0,
        "Normalized Income": -22131000.0,
        "Net Income From Continuing And Discontinued Operation": -22131000.0,
        "Total Expenses": 20738000.0,
        "Total Operating Income As Reported": -20738000.0,
        "Diluted Average Shares": 61540231.0,
        "Basic Average Shares": 61540231.0,
        "Diluted EPS": -0.359618,
        "Basic EPS": -0.359618,
        "Diluted NI Availto Com Stockholders": -22131000.0,
        "Net Income Common Stockholders": -22131000.0,
        "Net Income": -22131000.0,
        "Minority Interests": NaN,
        "Net Income Including Noncontrolling Interests": -22131000.0,
        "Net Income Continuous Operations": -22131000.0,
        "Tax Provision": 1223000.0,
        "Pretax Income": -20908000.0,
        "Net Non Operating Interest Income Expense": -170000.0,
        "Interest Expense Non Operating": 170000.0,
        "Interest Income Non Operating": 0.0,
        "Operating Income": -20738000.0,
        "Operating Expense": 20738000.0,
        "Research And Development": 11558000.0,
        "Selling General And Administration": 9180000.0,
        "General And Administrative Expense": 9180000.0,
        "Other Gand A": 9180000.0,
        "Total Revenue": 0.0,
        "Operating Revenue": 0.0
    },
    "2022-03-31": {
        "Diluted EPS": 0.0,
        "Total Revenue": NaN,
        "Gross Profit": NaN,
        "Operating Income": -66,
        "EBIT": -66,
        "Net Income": -67
    },
    "2021-12-31": {
        "Diluted EPS": 0.0,
        "Total Revenue": NaN,
        "Gross Profit": NaN,
        "Operating Income": NaN,
        "EBIT": NaN,
        "Net Income": NaN
    },
    "2021-09-30": {
        "Diluted EPS": 0.0,
        "Total Revenue": NaN,
        "Gross Profit": NaN,
        "Operating Income": -17,
        "EBIT": -17,
        "Net Income": -17
    },
    "2021-06-30": {
        "Diluted EPS": 0.0,
        "Total Revenue": NaN,
        "Gross Profit": NaN,
        "Operating Income": 0,
        "EBIT": 0,
        "Net Income": 0
    },
    "2021-03-31": {
        "Diluted EPS": 0.0,
        "Total Revenue": NaN,
        "Gross Profit": NaN,
        "Operating Income": NaN,
        "EBIT": NaN,
        "Net Income": NaN
    },
    "2020-12-31": {
        "Diluted EPS": 0.0,
        "Total Revenue": NaN,
        "Gross Profit": NaN,
        "Operating Income": NaN,
        "EBIT": NaN,
        "Net Income": NaN
    },
    "2023-06-30": {
        "Tax Effect Of Unusual Items": NaN,
        "Tax Rate For Calcs": NaN,
        "Normalized EBITDA": NaN,
        "Net Income From Continuing Operation Net Minority Interest": NaN,
        "Reconciled Depreciation": NaN,
        "EBITDA": NaN,
        "EBIT": NaN,
        "Net Interest Income": NaN,
        "Interest Expense": NaN,
        "Interest Income": NaN,
        "Normalized Income": NaN,
        "Net Income From Continuing And Discontinued Operation": NaN,
        "Total Expenses": NaN,
        "Total Operating Income As Reported": NaN,
        "Diluted Average Shares": 64562209.0,
        "Basic Average Shares": 64562209.0,
        "Diluted EPS": -0.14,
        "Basic EPS": -0.14,
        "Diluted NI Availto Com Stockholders": NaN,
        "Net Income Common Stockholders": NaN,
        "Net Income": NaN,
        "Minority Interests": NaN,
        "Net Income Including Noncontrolling Interests": NaN,
        "Net Income Continuous Operations": NaN,
        "Tax Provision": NaN,
        "Pretax Income": NaN,
        "Net Non Operating Interest Income Expense": NaN,
        "Interest Expense Non Operating": NaN,
        "Interest Income Non Operating": NaN,
        "Operating Income": NaN,
        "Operating Expense": NaN,
        "Research And Development": NaN,
        "Selling General And Administration": NaN,
        "General And Administrative Expense": NaN,
        "Other Gand A": NaN,
        "Total Revenue": NaN,
        "Operating Revenue": NaN
    },
    "2023-09-30": {
        "Tax Effect Of Unusual Items": NaN,
        "Tax Rate For Calcs": NaN,
        "Normalized EBITDA": NaN,
        "Net Income From Continuing Operation Net Minority Interest": NaN,
        "Reconciled Depreciation": NaN,
        "EBITDA": NaN,
        "EBIT": NaN,
        "Net Interest Income": NaN,
        "Interest Expense": NaN,
        "Interest Income": NaN,
        "Normalized Income": NaN,
        "Net Income From Continuing And Discontinued Operation": NaN,
        "Total Expenses": NaN,
        "Total Operating Income As Reported": NaN,
        "Diluted Average Shares": 61592876.0,
        "Basic Average Shares": 61592876.0,
        "Diluted EPS": -0.18,
        "Basic EPS": -0.18,
        "Diluted NI Availto Com Stockholders": NaN,
        "Net Income Common Stockholders": NaN,
        "Net Income": NaN,
        "Minority Interests": NaN,
        "Net Income Including Noncontrolling Interests": NaN,
        "Net Income Continuous Operations": NaN,
        "Tax Provision": NaN,
        "Pretax Income": NaN,
        "Net Non Operating Interest Income Expense": NaN,
        "Interest Expense Non Operating": NaN,
        "Interest Income Non Operating": NaN,
        "Operating Income": NaN,
        "Operating Expense": NaN,
        "Research And Development": NaN,
        "Selling General And Administration": NaN,
        "General And Administrative Expense": NaN,
        "Other Gand A": NaN,
        "Total Revenue": NaN,
        "Operating Revenue": NaN
    },
    "2023-12-31": {
        "Tax Effect Of Unusual Items": 0.0,
        "Tax Rate For Calcs": 0.21,
        "Normalized EBITDA": -17784000.0,
        "Net Income From Continuing Operation Net Minority Interest": -5701000.0,
        "Reconciled Depreciation": 1146000.0,
        "EBITDA": -17784000.0,
        "EBIT": -18930000.0,
        "Net Interest Income": 5277000.0,
        "Interest Expense": 3000.0,
        "Interest Income": 5280000.0,
        "Normalized Income": -5701000.0,
        "Net Income From Continuing And Discontinued Operation": -5701000.0,
        "Total Expenses": 24210000.0,
        "Total Operating Income As Reported": -24210000.0,
        "Diluted Average Shares": NaN,
        "Basic Average Shares": NaN,
        "Diluted EPS": NaN,
        "Basic EPS": NaN,
        "Diluted NI Availto Com Stockholders": -5701000.0,
        "Net Income Common Stockholders": -5701000.0,
        "Net Income": -5701000.0,
        "Minority Interests": 16023000.0,
        "Net Income Including Noncontrolling Interests": -21724000.0,
        "Net Income Continuous Operations": -21724000.0,
        "Tax Provision": 2791000.0,
        "Pretax Income": -18933000.0,
        "Net Non Operating Interest Income Expense": 5277000.0,
        "Interest Expense Non Operating": 3000.0,
        "Interest Income Non Operating": 5280000.0,
        "Operating Income": -24210000.0,
        "Operating Expense": 24210000.0,
        "Research And Development": 22528000.0,
        "Selling General And Administration": 1682000.0,
        "General And Administrative Expense": 1682000.0,
        "Other Gand A": 1682000.0,
        "Total Revenue": 0.0,
        "Operating Revenue": 0.0
    },
    "2024-03-31": {
        "Tax Effect Of Unusual Items": NaN,
        "Tax Rate For Calcs": NaN,
        "Normalized EBITDA": NaN,
        "Net Income From Continuing Operation Net Minority Interest": NaN,
        "Reconciled Depreciation": NaN,
        "EBITDA": NaN,
        "EBIT": NaN,
        "Net Interest Income": NaN,
        "Interest Expense": NaN,
        "Interest Income": NaN,
        "Normalized Income": NaN,
        "Net Income From Continuing And Discontinued Operation": NaN,
        "Total Expenses": NaN,
        "Total Operating Income As Reported": NaN,
        "Diluted Average Shares": 60951721.0,
        "Basic Average Shares": 60951721.0,
        "Diluted EPS": -0.16,
        "Basic EPS": -0.16,
        "Diluted NI Availto Com Stockholders": NaN,
        "Net Income Common Stockholders": NaN,
        "Net Income": NaN,
        "Minority Interests": NaN,
        "Net Income Including Noncontrolling Interests": NaN,
        "Net Income Continuous Operations": NaN,
        "Tax Provision": NaN,
        "Pretax Income": NaN,
        "Net Non Operating Interest Income Expense": NaN,
        "Interest Expense Non Operating": NaN,
        "Interest Income Non Operating": NaN,
        "Operating Income": NaN,
        "Operating Expense": NaN,
        "Research And Development": NaN,
        "Selling General And Administration": NaN,
        "General And Administrative Expense": NaN,
        "Other Gand A": NaN,
        "Total Revenue": NaN,
        "Operating Revenue": NaN
    },
    "2024-06-30": {
        "Tax Effect Of Unusual Items": 0.0,
        "Tax Rate For Calcs": 0.001454,
        "Normalized EBITDA": -37249000.0,
        "Net Income From Continuing Operation Net Minority Interest": -12506000.0,
        "Reconciled Depreciation": 1270000.0,
        "EBITDA": -37249000.0,
        "EBIT": -38519000.0,
        "Net Interest Income": 4534000.0,
        "Interest Expense": 3000.0,
        "Interest Income": 4537000.0,
        "Normalized Income": -12506000.0,
        "Net Income From Continuing And Discontinued Operation": -12506000.0,
        "Total Expenses": 43056000.0,
        "Total Operating Income As Reported": -43056000.0,
        "Diluted Average Shares": 75908017.0,
        "Basic Average Shares": 75908017.0,
        "Diluted EPS": -0.16,
        "Basic EPS": -0.16,
        "Diluted NI Availto Com Stockholders": -12506000.0,
        "Net Income Common Stockholders": -12506000.0,
        "Net Income": -12506000.0,
        "Minority Interests": 25960000.0,
        "Net Income Including Noncontrolling Interests": -38466000.0,
        "Net Income Continuous Operations": -38466000.0,
        "Tax Provision": -56000.0,
        "Pretax Income": -38522000.0,
        "Net Non Operating Interest Income Expense": 4534000.0,
        "Interest Expense Non Operating": 3000.0,
        "Interest Income Non Operating": 4537000.0,
        "Operating Income": -43056000.0,
        "Operating Expense": 43056000.0,
        "Research And Development": 29404000.0,
        "Selling General And Administration": 13652000.0,
        "General And Administrative Expense": 13652000.0,
        "Other Gand A": 13652000.0,
        "Total Revenue": 0.0,
        "Operating Revenue": 0.0
    },
    "2024-09-30": {
        "Tax Effect Of Unusual Items": 0.0,
        "Tax Rate For Calcs": 0.053969,
        "Normalized EBITDA": -41907000.0,
        "Net Income From Continuing Operation Net Minority Interest": -17910000.0,
        "Reconciled Depreciation": 1486000.0,
        "EBITDA": -41907000.0,
        "EBIT": -43393000.0,
        "Net Interest Income": 5578000.0,
        "Interest Expense": 2000.0,
        "Interest Income": 5580000.0,
        "Normalized Income": -17910000.0,
        "Net Income From Continuing And Discontinued Operation": -17910000.0,
        "Total Expenses": 48973000.0,
        "Total Operating Income As Reported": -48973000.0,
        "Diluted Average Shares": 126173463.0,
        "Basic Average Shares": 126173463.0,
        "Diluted EPS": -0.14,
        "Basic EPS": -0.14,
        "Diluted NI Availto Com Stockholders": -17910000.0,
        "Net Income Common Stockholders": -17910000.0,
        "Net Income": -17910000.0,
        "Minority Interests": 23143000.0,
        "Net Income Including Noncontrolling Interests": -41053000.0,
        "Net Income Continuous Operations": -41053000.0,
        "Tax Provision": -2342000.0,
        "Pretax Income": -43395000.0,
        "Net Non Operating Interest Income Expense": 5578000.0,
        "Interest Expense Non Operating": 2000.0,
        "Interest Income Non Operating": 5580000.0,
        "Operating Income": -48973000.0,
        "Operating Expense": 48973000.0,
        "Research And Development": 31250000.0,
        "Selling General And Administration": 17723000.0,
        "General And Administrative Expense": 17723000.0,
        "Other Gand A": 17723000.0,
        "Total Revenue": 0.0,
        "Operating Revenue": 0.0
    },
    "2024-12-31": {
        "Tax Effect Of Unusual Items": 0.0,
        "Tax Rate For Calcs": 0.21,
        "Normalized EBITDA": -45205000.0,
        "Net Income From Continuing Operation Net Minority Interest": -21278000.0,
        "Reconciled Depreciation": 1574000.0,
        "EBITDA": -45205000.0,
        "EBIT": -46779000.0,
        "Net Interest Income": 4790000.0,
        "Interest Expense": 2000.0,
        "Interest Income": 4792000.0,
        "Normalized Income": -21278000.0,
        "Net Income From Continuing And Discontinued Operation": -21278000.0,
        "Total Expenses": 51647000.0,
        "Total Operating Income As Reported": -51571000.0,
        "Diluted Average Shares": NaN,
        "Basic Average Shares": NaN,
        "Diluted EPS": NaN,
        "Basic EPS": NaN,
        "Diluted NI Availto Com Stockholders": -21278000.0,
        "Net Income Common Stockholders": -21278000.0,
        "Net Income": -21278000.0,
        "Minority Interests": 27205000.0,
        "Net Income Including Noncontrolling Interests": -48483000.0,
        "Net Income Continuous Operations": -48483000.0,
        "Tax Provision": 1702000.0,
        "Pretax Income": -46781000.0,
        "Net Non Operating Interest Income Expense": 4790000.0,
        "Interest Expense Non Operating": 2000.0,
        "Interest Income Non Operating": 4792000.0,
        "Operating Income": -51571000.0,
        "Operating Expense": 51647000.0,
        "Research And Development": 39781000.0,
        "Selling General And Administration": 11866000.0,
        "General And Administrative Expense": 11866000.0,
        "Other Gand A": 11866000.0,
        "Total Revenue": 76000.0,
        "Operating Revenue": 76000.0
    },
    "2025-03-31": {
        "Tax Effect Of Unusual Items": 0.0,
        "Tax Rate For Calcs": 0.21,
        "Normalized EBITDA": -35761000.0,
        "Net Income From Continuing Operation Net Minority Interest": -16734000.0,
        "Reconciled Depreciation": 1600000.0,
        "EBITDA": -35761000.0,
        "EBIT": -37361000.0,
        "Net Interest Income": 4027000.0,
        "Interest Expense": 0.0,
        "Interest Income": 4027000.0,
        "Normalized Income": -16734000.0,
        "Net Income From Continuing And Discontinued Operation": -16734000.0,
        "Total Expenses": 41618000.0,
        "Total Operating Income As Reported": -41388000.0,
        "Diluted Average Shares": 128976366.0,
        "Basic Average Shares": 128976366.0,
        "Diluted EPS": -0.13,
        "Basic EPS": -0.13,
        "Diluted NI Availto Com Stockholders": -16734000.0,
        "Net Income Common Stockholders": -16734000.0,
        "Net Income": -16734000.0,
        "Minority Interests": 21218000.0,
        "Net Income Including Noncontrolling Interests": -37952000.0,
        "Net Income Continuous Operations": -37952000.0,
        "Tax Provision": 591000.0,
        "Pretax Income": -37361000.0,
        "Net Non Operating Interest Income Expense": 4027000.0,
        "Interest Expense Non Operating": 0.0,
        "Interest Income Non Operating": 4027000.0,
        "Operating Income": -41388000.0,
        "Operating Expense": 41618000.0,
        "Research And Development": 27263000.0,
        "Selling General And Administration": 14355000.0,
        "General And Administrative Expense": 14355000.0,
        "Other Gand A": 14355000.0,
        "Total Revenue": 230000.0,
        "Operating Revenue": 230000.0
    },
    "2025-06-30": {
        "Tax Effect Of Unusual Items": 0.0,
        "Tax Rate For Calcs": 0.21,
        "Normalized EBITDA": -34651000.0,
        "Net Income From Continuing Operation Net Minority Interest": -16552000.0,
        "Reconciled Depreciation": 1465000.0,
        "EBITDA": -34651000.0,
        "EBIT": -36116000.0,
        "Net Interest Income": 3592000.0,
        "Interest Expense": 1000.0,
        "Interest Income": 3593000.0,
        "Normalized Income": -16552000.0,
        "Net Income From Continuing And Discontinued Operation": -16552000.0,
        "Total Expenses": 39930000.0,
        "Total Operating Income As Reported": -39709000.0,
        "Diluted Average Shares": 130730840.0,
        "Basic Average Shares": 130730840.0,
        "Diluted EPS": -0.13,
        "Basic EPS": -0.13,
        "Diluted NI Availto Com Stockholders": -16552000.0,
        "Net Income Common Stockholders": -16552000.0,
        "Net Income": -16552000.0,
        "Minority Interests": 20413000.0,
        "Net Income Including Noncontrolling Interests": -36965000.0,
        "Net Income Continuous Operations": -36965000.0,
        "Tax Provision": 848000.0,
        "Pretax Income": -36117000.0,
        "Net Non Operating Interest Income Expense": 3592000.0,
        "Interest Expense Non Operating": 1000.0,
        "Interest Income Non Operating": 3593000.0,
        "Operating Income": -39709000.0,
        "Operating Expense": 39930000.0,
        "Research And Development": 25882000.0,
        "Selling General And Administration": 14048000.0,
        "General And Administrative Expense": 14048000.0,
        "Other Gand A": 14048000.0,
        "Total Revenue": 221000.0,
        "Operating Revenue": 221000.0
    }
}