{
    "2023-03-31": {
        "Tax Effect Of Unusual Items": NaN,
        "Tax Rate For Calcs": NaN,
        "Normalized EBITDA": NaN,
        "Total Unusual Items": NaN,
        "Total Unusual Items Excluding Goodwill": NaN,
        "Net Income From Continuing Operation Net Minority Interest": NaN,
        "Reconciled Depreciation": NaN,
        "Reconciled Cost Of Revenue": NaN,
        "EBITDA": NaN,
        "EBIT": NaN,
        "Net Interest Income": NaN,
        "Interest Expense": NaN,
        "Normalized Income": NaN,
        "Net Income From Continuing And Discontinued Operation": NaN,
        "Total Expenses": NaN,
        "Total Operating Income As Reported": NaN,
        "Diluted Average Shares": NaN,
        "Basic Average Shares": NaN,
        "Diluted EPS": NaN,
        "Basic EPS": NaN,
        "Diluted NI Availto Com Stockholders": NaN,
        "Average Dilution Earnings": NaN,
        "Net Income Common Stockholders": NaN,
        "Net Income": NaN,
        "Minority Interests": NaN,
        "Net Income Including Noncontrolling Interests": NaN,
        "Net Income Continuous Operations": NaN,
        "Tax Provision": NaN,
        "Pretax Income": NaN,
        "Other Income Expense": NaN,
        "Other Non Operating Income Expenses": NaN,
        "Special Income Charges": NaN,
        "Other Special Charges": 1217000.0,
        "Impairment Of Capital Assets": NaN,
        "Restructuring And Mergern Acquisition": NaN,
        "Gain On Sale Of Security": NaN,
        "Net Non Operating Interest Income Expense": NaN,
        "Interest Expense Non Operating": NaN,
        "Operating Income": NaN,
        "Operating Expense": NaN,
        "Research And Development": NaN,
        "Selling General And Administration": NaN,
        "Selling And Marketing Expense": NaN,
        "General And Administrative Expense": NaN,
        "Other Gand A": NaN,
        "Gross Profit": NaN,
        "Cost Of Revenue": NaN,
        "Total Revenue": NaN,
        "Operating Revenue": NaN
    },
    "2022-12-31": {
        "Tax Effect Of Unusual Items": NaN,
        "Tax Rate For Calcs": NaN,
        "Normalized EBITDA": NaN,
        "Total Unusual Items": NaN,
        "Total Unusual Items Excluding Goodwill": NaN,
        "Net Income From Continuing Operation Net Minority Interest": NaN,
        "Reconciled Depreciation": NaN,
        "Reconciled Cost Of Revenue": NaN,
        "EBITDA": NaN,
        "EBIT": NaN,
        "Net Interest Income": NaN,
        "Interest Expense": NaN,
        "Normalized Income": NaN,
        "Net Income From Continuing And Discontinued Operation": NaN,
        "Total Expenses": NaN,
        "Total Operating Income As Reported": NaN,
        "Diluted Average Shares": NaN,
        "Basic Average Shares": NaN,
        "Diluted EPS": NaN,
        "Basic EPS": NaN,
        "Diluted NI Availto Com Stockholders": NaN,
        "Average Dilution Earnings": NaN,
        "Net Income Common Stockholders": NaN,
        "Net Income": NaN,
        "Minority Interests": NaN,
        "Net Income Including Noncontrolling Interests": NaN,
        "Net Income Continuous Operations": NaN,
        "Tax Provision": NaN,
        "Pretax Income": NaN,
        "Other Income Expense": NaN,
        "Other Non Operating Income Expenses": NaN,
        "Special Income Charges": NaN,
        "Other Special Charges": NaN,
        "Impairment Of Capital Assets": NaN,
        "Gain On Sale Of Security": 122000.0,
        "Net Non Operating Interest Income Expense": NaN,
        "Interest Expense Non Operating": NaN,
        "Operating Income": NaN,
        "Operating Expense": NaN,
        "Other Taxes": -161970000.0,
        "Research And Development": NaN,
        "Selling General And Administration": NaN,
        "Selling And Marketing Expense": NaN,
        "General And Administrative Expense": NaN,
        "Other Gand A": NaN,
        "Gross Profit": NaN,
        "Cost Of Revenue": NaN,
        "Total Revenue": NaN,
        "Operating Revenue": NaN
    },
    "2022-09-30": {
        "Tax Effect Of Unusual Items": NaN,
        "Tax Rate For Calcs": NaN,
        "Normalized EBITDA": NaN,
        "Total Unusual Items": NaN,
        "Total Unusual Items Excluding Goodwill": NaN,
        "Net Income From Continuing Operation Net Minority Interest": NaN,
        "Reconciled Depreciation": NaN,
        "Reconciled Cost Of Revenue": NaN,
        "EBITDA": NaN,
        "EBIT": NaN,
        "Net Interest Income": NaN,
        "Interest Expense": NaN,
        "Normalized Income": NaN,
        "Net Income From Continuing And Discontinued Operation": NaN,
        "Total Expenses": NaN,
        "Total Operating Income As Reported": NaN,
        "Diluted Average Shares": NaN,
        "Basic Average Shares": NaN,
        "Diluted EPS": NaN,
        "Basic EPS": NaN,
        "Diluted NI Availto Com Stockholders": NaN,
        "Average Dilution Earnings": NaN,
        "Net Income Common Stockholders": NaN,
        "Net Income": NaN,
        "Minority Interests": NaN,
        "Net Income Including Noncontrolling Interests": NaN,
        "Net Income Continuous Operations": NaN,
        "Tax Provision": NaN,
        "Pretax Income": NaN,
        "Other Income Expense": NaN,
        "Other Non Operating Income Expenses": NaN,
        "Special Income Charges": NaN,
        "Other Special Charges": NaN,
        "Impairment Of Capital Assets": 0.0,
        "Gain On Sale Of Security": -53000.0,
        "Net Non Operating Interest Income Expense": NaN,
        "Total Other Finance Cost": 717000.0,
        "Interest Expense Non Operating": NaN,
        "Operating Income": NaN,
        "Operating Expense": NaN,
        "Other Taxes": 0.0,
        "Research And Development": NaN,
        "Selling General And Administration": NaN,
        "Selling And Marketing Expense": NaN,
        "General And Administrative Expense": NaN,
        "Other Gand A": NaN,
        "Gross Profit": NaN,
        "Cost Of Revenue": NaN,
        "Total Revenue": NaN,
        "Operating Revenue": NaN
    },
    "2022-06-30": {
        "Tax Effect Of Unusual Items": 114783.472388,
        "Tax Rate For Calcs": 0.331744,
        "Normalized EBITDA": -8483000.0,
        "Total Unusual Items": 346000.0,
        "Total Unusual Items Excluding Goodwill": 346000.0,
        "Net Income From Continuing Operation Net Minority Interest": -8340000.0,
        "Reconciled Depreciation": 3741000.0,
        "Reconciled Cost Of Revenue": 95297000.0,
        "EBITDA": -8137000.0,
        "EBIT": -11878000.0,
        "Net Interest Income": -707000.0,
        "Interest Expense": 707000.0,
        "Normalized Income": -8571216.527612,
        "Net Income From Continuing And Discontinued Operation": -8340000.0,
        "Total Expenses": 156197000.0,
        "Total Operating Income As Reported": -12088000.0,
        "Diluted Average Shares": 83151000.0,
        "Basic Average Shares": 82703000.0,
        "Diluted EPS": -0.1,
        "Basic EPS": -0.1,
        "Diluted NI Availto Com Stockholders": -8410000.0,
        "Average Dilution Earnings": -70000.0,
        "Net Income Common Stockholders": -8340000.0,
        "Net Income": -8340000.0,
        "Minority Interests": 70000.0,
        "Net Income Including Noncontrolling Interests": -8410000.0,
        "Net Income Continuous Operations": -8410000.0,
        "Tax Provision": -4175000.0,
        "Pretax Income": -12585000.0,
        "Other Income Expense": 210000.0,
        "Other Non Operating Income Expenses": -136000.0,
        "Special Income Charges": NaN,
        "Other Special Charges": NaN,
        "Gain On Sale Of Security": 346000.0,
        "Net Non Operating Interest Income Expense": -707000.0,
        "Total Other Finance Cost": NaN,
        "Interest Expense Non Operating": 707000.0,
        "Operating Income": -12088000.0,
        "Operating Expense": 60900000.0,
        "Other Taxes": 0.0,
        "Research And Development": 1748000.0,
        "Selling General And Administration": 59152000.0,
        "Selling And Marketing Expense": 40373000.0,
        "General And Administrative Expense": 18779000.0,
        "Other Gand A": 18779000.0,
        "Gross Profit": 48812000.0,
        "Cost Of Revenue": 95297000.0,
        "Total Revenue": 144109000.0,
        "Operating Revenue": 144109000.0
    },
    "2022-03-31": {
        "Diluted EPS": -0.2,
        "Total Revenue": 143,
        "Gross Profit": 52,
        "Operating Income": -18,
        "EBIT": -15,
        "Net Income": -14
    },
    "2021-12-31": {
        "Diluted EPS": -0.39,
        "Total Revenue": 186,
        "Gross Profit": 65,
        "Operating Income": -31,
        "EBIT": -28,
        "Net Income": -22
    },
    "2021-09-30": {
        "Diluted EPS": -0.05,
        "Total Revenue": 171,
        "Gross Profit": 61,
        "Operating Income": -7,
        "EBIT": -4,
        "Net Income": 2
    },
    "2021-06-30": {
        "Diluted EPS": -0.03,
        "Total Revenue": 183,
        "Gross Profit": 82,
        "Operating Income": -3,
        "EBIT": -1,
        "Net Income": 3
    },
    "2021-03-31": {
        "Diluted EPS": 0.17,
        "Total Revenue": 186,
        "Gross Profit": 88,
        "Operating Income": 17,
        "EBIT": 18,
        "Net Income": 21
    },
    "2020-12-31": {
        "Diluted EPS": -1.31,
        "Total Revenue": 174,
        "Gross Profit": 82,
        "Operating Income": 7,
        "EBIT": 9,
        "Net Income": -73
    },
    "2020-09-30": {
        "Diluted EPS": -1.97,
        "Total Revenue": 187,
        "Gross Profit": 88,
        "Operating Income": 24,
        "EBIT": 27,
        "Net Income": -87
    },
    "2020-06-30": {
        "Diluted EPS": -3.19,
        "Total Revenue": 165,
        "Gross Profit": 82,
        "Operating Income": 32,
        "EBIT": 34,
        "Net Income": -93
    },
    "2020-03-31": {
        "Diluted EPS": 0.43,
        "Total Revenue": 122,
        "Gross Profit": 53,
        "Operating Income": 8,
        "EBIT": 9,
        "Net Income": 17
    },
    "2019-12-31": {
        "Diluted EPS": -2.24,
        "Total Revenue": 124,
        "Gross Profit": 59,
        "Operating Income": 3,
        "EBIT": 5,
        "Net Income": -23
    },
    "2019-09-30": {
        "Diluted EPS": 0.16,
        "Total Revenue": 117,
        "Gross Profit": 53,
        "Operating Income": 11,
        "EBIT": 12,
        "Net Income": 2
    },
    "2019-06-30": {
        "Diluted EPS": -0.16,
        "Total Revenue": 103,
        "Gross Profit": 43,
        "Operating Income": -2,
        "EBIT": -2,
        "Net Income": -1
    },
    "2019-03-31": {
        "Diluted EPS": -0.02,
        "Total Revenue": 84,
        "Gross Profit": 34,
        "Operating Income": 5,
        "EBIT": 6,
        "Net Income": 0
    },
    "2018-12-31": {
        "Diluted EPS": -0.12,
        "Total Revenue": 78,
        "Gross Profit": 27,
        "Operating Income": -5,
        "EBIT": -5,
        "Net Income": -1
    },
    "2018-09-30": {
        "Diluted EPS": -0.09,
        "Total Revenue": 71,
        "Gross Profit": 28,
        "Operating Income": -3,
        "EBIT": -3,
        "Net Income": -1
    },
    "2018-06-30": {
        "Diluted EPS": -0.12,
        "Total Revenue": 76,
        "Gross Profit": 32,
        "Operating Income": -5,
        "EBIT": -4,
        "Net Income": -1
    },
    "2018-03-31": {
        "Diluted EPS": -0.18,
        "Total Revenue": 61,
        "Gross Profit": 26,
        "Operating Income": -4,
        "EBIT": -3,
        "Net Income": -2
    },
    "2017-12-31": {
        "Diluted EPS": -0.59,
        "Total Revenue": 63,
        "Gross Profit": 25,
        "Operating Income": -5,
        "EBIT": -5,
        "Net Income": -5
    },
    "2017-09-30": {
        "Diluted EPS": -0.65,
        "Total Revenue": 56,
        "Gross Profit": 24,
        "Operating Income": -5,
        "EBIT": -5,
        "Net Income": -5
    },
    "2017-06-30": {
        "Diluted EPS": 0.43,
        "Total Revenue": 48,
        "Gross Profit": 21,
        "Operating Income": 4,
        "EBIT": 4,
        "Net Income": 4
    },
    "2017-03-31": {
        "Diluted EPS": -0.24,
        "Total Revenue": 30,
        "Gross Profit": 14,
        "Operating Income": -2,
        "EBIT": -2,
        "Net Income": -2
    },
    "2016-12-31": {
        "Diluted EPS": -0.44,
        "Total Revenue": NaN,
        "Gross Profit": NaN,
        "Operating Income": -2,
        "EBIT": -2,
        "Net Income": -2
    },
    "2016-09-30": {
        "Diluted EPS": -0.03,
        "Total Revenue": NaN,
        "Gross Profit": NaN,
        "Operating Income": 0,
        "EBIT": 0,
        "Net Income": 0
    },
    "2016-06-30": {
        "Diluted EPS": -0.01,
        "Total Revenue": NaN,
        "Gross Profit": NaN,
        "Operating Income": 0,
        "EBIT": 0,
        "Net Income": 0
    },
    "2016-03-31": {
        "Diluted EPS": -0.01,
        "Total Revenue": NaN,
        "Gross Profit": NaN,
        "Operating Income": 0,
        "EBIT": 0,
        "Net Income": 0
    },
    "2015-12-31": {
        "Diluted EPS": 0.0,
        "Total Revenue": NaN,
        "Gross Profit": NaN,
        "Operating Income": NaN,
        "EBIT": NaN,
        "Net Income": NaN
    },
    "2015-09-30": {
        "Diluted EPS": -0.03,
        "Total Revenue": NaN,
        "Gross Profit": NaN,
        "Operating Income": 0,
        "EBIT": 0,
        "Net Income": 0
    },
    "2023-06-30": {
        "Tax Effect Of Unusual Items": NaN,
        "Tax Rate For Calcs": NaN,
        "Normalized EBITDA": NaN,
        "Total Unusual Items": NaN,
        "Total Unusual Items Excluding Goodwill": NaN,
        "Net Income From Continuing Operation Net Minority Interest": NaN,
        "Reconciled Depreciation": NaN,
        "Reconciled Cost Of Revenue": NaN,
        "EBITDA": NaN,
        "EBIT": NaN,
        "Net Interest Income": NaN,
        "Interest Expense": NaN,
        "Normalized Income": NaN,
        "Net Income From Continuing And Discontinued Operation": NaN,
        "Total Expenses": NaN,
        "Total Operating Income As Reported": NaN,
        "Diluted Average Shares": 105079000.0,
        "Basic Average Shares": 105079000.0,
        "Diluted EPS": -0.39,
        "Basic EPS": -0.39,
        "Diluted NI Availto Com Stockholders": NaN,
        "Average Dilution Earnings": NaN,
        "Net Income Common Stockholders": NaN,
        "Net Income": NaN,
        "Minority Interests": NaN,
        "Net Income Including Noncontrolling Interests": NaN,
        "Net Income Continuous Operations": NaN,
        "Tax Provision": NaN,
        "Pretax Income": NaN,
        "Other Income Expense": NaN,
        "Other Non Operating Income Expenses": NaN,
        "Special Income Charges": NaN,
        "Other Special Charges": NaN,
        "Impairment Of Capital Assets": NaN,
        "Restructuring And Mergern Acquisition": NaN,
        "Gain On Sale Of Security": NaN,
        "Net Non Operating Interest Income Expense": NaN,
        "Interest Expense Non Operating": NaN,
        "Operating Income": NaN,
        "Operating Expense": NaN,
        "Research And Development": NaN,
        "Selling General And Administration": NaN,
        "Selling And Marketing Expense": NaN,
        "General And Administrative Expense": NaN,
        "Other Gand A": NaN,
        "Gross Profit": NaN,
        "Cost Of Revenue": NaN,
        "Total Revenue": NaN,
        "Operating Revenue": NaN
    },
    "2023-09-30": {
        "Tax Effect Of Unusual Items": NaN,
        "Tax Rate For Calcs": NaN,
        "Normalized EBITDA": NaN,
        "Total Unusual Items": NaN,
        "Total Unusual Items Excluding Goodwill": NaN,
        "Net Income From Continuing Operation Net Minority Interest": NaN,
        "Reconciled Depreciation": NaN,
        "Reconciled Cost Of Revenue": NaN,
        "EBITDA": NaN,
        "EBIT": NaN,
        "Net Interest Income": NaN,
        "Interest Expense": NaN,
        "Normalized Income": NaN,
        "Net Income From Continuing And Discontinued Operation": NaN,
        "Total Expenses": NaN,
        "Total Operating Income As Reported": NaN,
        "Diluted Average Shares": NaN,
        "Basic Average Shares": NaN,
        "Diluted EPS": NaN,
        "Basic EPS": NaN,
        "Diluted NI Availto Com Stockholders": NaN,
        "Average Dilution Earnings": NaN,
        "Net Income Common Stockholders": NaN,
        "Net Income": NaN,
        "Minority Interests": NaN,
        "Net Income Including Noncontrolling Interests": NaN,
        "Net Income Continuous Operations": NaN,
        "Tax Provision": NaN,
        "Pretax Income": NaN,
        "Other Income Expense": NaN,
        "Other Non Operating Income Expenses": NaN,
        "Special Income Charges": NaN,
        "Other Special Charges": 3114000.0,
        "Impairment Of Capital Assets": 6879000.0,
        "Restructuring And Mergern Acquisition": 0.0,
        "Gain On Sale Of Security": NaN,
        "Net Non Operating Interest Income Expense": NaN,
        "Interest Expense Non Operating": NaN,
        "Operating Income": NaN,
        "Operating Expense": NaN,
        "Research And Development": NaN,
        "Selling General And Administration": NaN,
        "Selling And Marketing Expense": NaN,
        "General And Administrative Expense": NaN,
        "Other Gand A": NaN,
        "Gross Profit": NaN,
        "Cost Of Revenue": NaN,
        "Total Revenue": NaN,
        "Operating Revenue": NaN
    },
    "2023-12-31": {
        "Tax Effect Of Unusual Items": NaN,
        "Tax Rate For Calcs": NaN,
        "Normalized EBITDA": NaN,
        "Total Unusual Items": NaN,
        "Total Unusual Items Excluding Goodwill": NaN,
        "Net Income From Continuing Operation Net Minority Interest": NaN,
        "Reconciled Depreciation": NaN,
        "Reconciled Cost Of Revenue": NaN,
        "EBITDA": NaN,
        "EBIT": NaN,
        "Net Interest Income": NaN,
        "Interest Expense": NaN,
        "Normalized Income": NaN,
        "Net Income From Continuing And Discontinued Operation": NaN,
        "Total Expenses": NaN,
        "Total Operating Income As Reported": NaN,
        "Diluted Average Shares": NaN,
        "Basic Average Shares": NaN,
        "Diluted EPS": NaN,
        "Basic EPS": NaN,
        "Diluted NI Availto Com Stockholders": NaN,
        "Average Dilution Earnings": NaN,
        "Net Income Common Stockholders": NaN,
        "Net Income": NaN,
        "Minority Interests": NaN,
        "Net Income Including Noncontrolling Interests": NaN,
        "Net Income Continuous Operations": NaN,
        "Tax Provision": NaN,
        "Pretax Income": NaN,
        "Other Income Expense": NaN,
        "Other Non Operating Income Expenses": NaN,
        "Special Income Charges": NaN,
        "Other Special Charges": 0.0,
        "Impairment Of Capital Assets": 0.0,
        "Restructuring And Mergern Acquisition": NaN,
        "Gain On Sale Of Security": NaN,
        "Net Non Operating Interest Income Expense": NaN,
        "Interest Expense Non Operating": NaN,
        "Operating Income": NaN,
        "Operating Expense": NaN,
        "Research And Development": NaN,
        "Selling General And Administration": NaN,
        "Selling And Marketing Expense": NaN,
        "General And Administrative Expense": NaN,
        "Other Gand A": NaN,
        "Gross Profit": NaN,
        "Cost Of Revenue": NaN,
        "Total Revenue": NaN,
        "Operating Revenue": NaN
    },
    "2024-03-31": {
        "Tax Effect Of Unusual Items": NaN,
        "Tax Rate For Calcs": NaN,
        "Normalized EBITDA": NaN,
        "Total Unusual Items": NaN,
        "Total Unusual Items Excluding Goodwill": NaN,
        "Net Income From Continuing Operation Net Minority Interest": NaN,
        "Reconciled Depreciation": NaN,
        "Reconciled Cost Of Revenue": NaN,
        "EBITDA": NaN,
        "EBIT": NaN,
        "Net Interest Income": NaN,
        "Interest Expense": NaN,
        "Normalized Income": NaN,
        "Net Income From Continuing And Discontinued Operation": NaN,
        "Total Expenses": NaN,
        "Total Operating Income As Reported": NaN,
        "Diluted Average Shares": NaN,
        "Basic Average Shares": NaN,
        "Diluted EPS": NaN,
        "Basic EPS": NaN,
        "Diluted NI Availto Com Stockholders": NaN,
        "Average Dilution Earnings": 0.0,
        "Net Income Common Stockholders": NaN,
        "Net Income": NaN,
        "Minority Interests": NaN,
        "Net Income Including Noncontrolling Interests": NaN,
        "Net Income Continuous Operations": NaN,
        "Tax Provision": NaN,
        "Pretax Income": NaN,
        "Other Income Expense": NaN,
        "Other Non Operating Income Expenses": NaN,
        "Special Income Charges": NaN,
        "Other Special Charges": 3394000.0,
        "Impairment Of Capital Assets": NaN,
        "Restructuring And Mergern Acquisition": NaN,
        "Gain On Sale Of Security": NaN,
        "Net Non Operating Interest Income Expense": NaN,
        "Interest Expense Non Operating": NaN,
        "Operating Income": NaN,
        "Operating Expense": NaN,
        "Research And Development": NaN,
        "Selling General And Administration": NaN,
        "Selling And Marketing Expense": NaN,
        "General And Administrative Expense": NaN,
        "Other Gand A": NaN,
        "Gross Profit": NaN,
        "Cost Of Revenue": NaN,
        "Total Revenue": NaN,
        "Operating Revenue": NaN
    },
    "2024-06-30": {
        "Tax Effect Of Unusual Items": NaN,
        "Tax Rate For Calcs": NaN,
        "Normalized EBITDA": NaN,
        "Total Unusual Items": NaN,
        "Total Unusual Items Excluding Goodwill": NaN,
        "Net Income From Continuing Operation Net Minority Interest": NaN,
        "Reconciled Depreciation": NaN,
        "Reconciled Cost Of Revenue": NaN,
        "EBITDA": NaN,
        "EBIT": NaN,
        "Net Interest Income": NaN,
        "Interest Expense": NaN,
        "Normalized Income": NaN,
        "Net Income From Continuing And Discontinued Operation": NaN,
        "Total Expenses": NaN,
        "Total Operating Income As Reported": NaN,
        "Diluted Average Shares": NaN,
        "Basic Average Shares": NaN,
        "Diluted EPS": NaN,
        "Basic EPS": NaN,
        "Diluted NI Availto Com Stockholders": NaN,
        "Average Dilution Earnings": -36000.0,
        "Net Income Common Stockholders": NaN,
        "Net Income": NaN,
        "Minority Interests": NaN,
        "Net Income Including Noncontrolling Interests": NaN,
        "Net Income Continuous Operations": NaN,
        "Tax Provision": NaN,
        "Pretax Income": NaN,
        "Other Income Expense": NaN,
        "Other Non Operating Income Expenses": NaN,
        "Special Income Charges": NaN,
        "Other Special Charges": NaN,
        "Impairment Of Capital Assets": NaN,
        "Restructuring And Mergern Acquisition": NaN,
        "Gain On Sale Of Security": NaN,
        "Net Non Operating Interest Income Expense": NaN,
        "Interest Expense Non Operating": NaN,
        "Operating Income": NaN,
        "Operating Expense": NaN,
        "Research And Development": NaN,
        "Selling General And Administration": NaN,
        "Selling And Marketing Expense": NaN,
        "General And Administrative Expense": NaN,
        "Other Gand A": NaN,
        "Gross Profit": NaN,
        "Cost Of Revenue": NaN,
        "Total Revenue": NaN,
        "Operating Revenue": NaN
    },
    "2024-09-30": {
        "Tax Effect Of Unusual Items": -2958060.0,
        "Tax Rate For Calcs": 0.21,
        "Normalized EBITDA": -6140000.0,
        "Total Unusual Items": -14086000.0,
        "Total Unusual Items Excluding Goodwill": -14086000.0,
        "Net Income From Continuing Operation Net Minority Interest": -39228000.0,
        "Reconciled Depreciation": 14627000.0,
        "Reconciled Cost Of Revenue": 83405000.0,
        "EBITDA": -20226000.0,
        "EBIT": -34853000.0,
        "Net Interest Income": -4394000.0,
        "Interest Expense": 4394000.0,
        "Normalized Income": -28100060.0,
        "Net Income From Continuing And Discontinued Operation": -39228000.0,
        "Total Expenses": 146530000.0,
        "Total Operating Income As Reported": -46813000.0,
        "Diluted Average Shares": 107508000.0,
        "Basic Average Shares": 107508000.0,
        "Diluted EPS": -0.36,
        "Basic EPS": -0.36,
        "Diluted NI Availto Com Stockholders": -39228000.0,
        "Average Dilution Earnings": 0.0,
        "Net Income Common Stockholders": -39228000.0,
        "Net Income": -39228000.0,
        "Minority Interests": 82000.0,
        "Net Income Including Noncontrolling Interests": -39310000.0,
        "Net Income Continuous Operations": -39310000.0,
        "Tax Provision": 63000.0,
        "Pretax Income": -39247000.0,
        "Other Income Expense": -6921000.0,
        "Other Non Operating Income Expenses": 7165000.0,
        "Special Income Charges": -18881000.0,
        "Other Special Charges": NaN,
        "Impairment Of Capital Assets": 0.0,
        "Restructuring And Mergern Acquisition": 18881000.0,
        "Gain On Sale Of Security": 4795000.0,
        "Net Non Operating Interest Income Expense": -4394000.0,
        "Interest Expense Non Operating": 4394000.0,
        "Operating Income": -27932000.0,
        "Operating Expense": 63125000.0,
        "Research And Development": 2920000.0,
        "Selling General And Administration": 60205000.0,
        "Selling And Marketing Expense": 42939000.0,
        "General And Administrative Expense": 17266000.0,
        "Other Gand A": 17266000.0,
        "Gross Profit": 35193000.0,
        "Cost Of Revenue": 83405000.0,
        "Total Revenue": 118598000.0,
        "Operating Revenue": 118598000.0
    },
    "2024-12-31": {
        "Tax Effect Of Unusual Items": 33058.789425,
        "Tax Rate For Calcs": 0.013103,
        "Normalized EBITDA": 1241000.0,
        "Total Unusual Items": 2523000.0,
        "Total Unusual Items Excluding Goodwill": 2523000.0,
        "Net Income From Continuing Operation Net Minority Interest": -8479000.0,
        "Reconciled Depreciation": 7907000.0,
        "Reconciled Cost Of Revenue": 73696000.0,
        "EBITDA": 3764000.0,
        "EBIT": -4143000.0,
        "Net Interest Income": -4481000.0,
        "Interest Expense": 4481000.0,
        "Normalized Income": -10968941.210575,
        "Net Income From Continuing And Discontinued Operation": -8479000.0,
        "Total Expenses": 135577000.0,
        "Total Operating Income As Reported": -7694000.0,
        "Diluted Average Shares": 107710000.0,
        "Basic Average Shares": 107528000.0,
        "Diluted EPS": -0.08,
        "Basic EPS": -0.08,
        "Diluted NI Availto Com Stockholders": -8680000.0,
        "Average Dilution Earnings": -201000.0,
        "Net Income Common Stockholders": -8479000.0,
        "Net Income": -8479000.0,
        "Minority Interests": 32000.0,
        "Net Income Including Noncontrolling Interests": -8511000.0,
        "Net Income Continuous Operations": -8511000.0,
        "Tax Provision": -113000.0,
        "Pretax Income": -8624000.0,
        "Other Income Expense": 2459000.0,
        "Other Non Operating Income Expenses": -64000.0,
        "Special Income Charges": -1092000.0,
        "Other Special Charges": 0.0,
        "Impairment Of Capital Assets": 0.0,
        "Restructuring And Mergern Acquisition": 1092000.0,
        "Gain On Sale Of Security": 3615000.0,
        "Net Non Operating Interest Income Expense": -4481000.0,
        "Interest Expense Non Operating": 4481000.0,
        "Operating Income": -6602000.0,
        "Operating Expense": 61881000.0,
        "Research And Development": 2390000.0,
        "Selling General And Administration": 59491000.0,
        "Selling And Marketing Expense": 45485000.0,
        "General And Administrative Expense": 14006000.0,
        "Other Gand A": 14006000.0,
        "Gross Profit": 55279000.0,
        "Cost Of Revenue": 73696000.0,
        "Total Revenue": 128975000.0,
        "Operating Revenue": 128975000.0
    },
    "2025-03-31": {
        "Tax Effect Of Unusual Items": -401310.0,
        "Tax Rate For Calcs": 0.21,
        "Normalized EBITDA": -7400000.0,
        "Total Unusual Items": -1911000.0,
        "Total Unusual Items Excluding Goodwill": -1911000.0,
        "Net Income From Continuing Operation Net Minority Interest": -19137000.0,
        "Reconciled Depreciation": 5050000.0,
        "Reconciled Cost Of Revenue": 63125000.0,
        "EBITDA": -9311000.0,
        "EBIT": -14361000.0,
        "Net Interest Income": -4764000.0,
        "Interest Expense": 4764000.0,
        "Normalized Income": -17627310.0,
        "Net Income From Continuing And Discontinued Operation": -19137000.0,
        "Total Expenses": 116690000.0,
        "Total Operating Income As Reported": -14479000.0,
        "Diluted Average Shares": 107596000.0,
        "Basic Average Shares": 107596000.0,
        "Diluted EPS": -0.18,
        "Basic EPS": -0.18,
        "Diluted NI Availto Com Stockholders": -19137000.0,
        "Average Dilution Earnings": NaN,
        "Net Income Common Stockholders": -19137000.0,
        "Net Income": -19137000.0,
        "Minority Interests": 29000.0,
        "Net Income Including Noncontrolling Interests": -19166000.0,
        "Net Income Continuous Operations": -19166000.0,
        "Tax Provision": 41000.0,
        "Pretax Income": -19125000.0,
        "Other Income Expense": -1842000.0,
        "Other Non Operating Income Expenses": 69000.0,
        "Special Income Charges": -1960000.0,
        "Other Special Charges": NaN,
        "Impairment Of Capital Assets": NaN,
        "Restructuring And Mergern Acquisition": 1960000.0,
        "Gain On Sale Of Security": 49000.0,
        "Net Non Operating Interest Income Expense": -4764000.0,
        "Interest Expense Non Operating": 4764000.0,
        "Operating Income": -12519000.0,
        "Operating Expense": 53565000.0,
        "Research And Development": 2452000.0,
        "Selling General And Administration": 51113000.0,
        "Selling And Marketing Expense": 36626000.0,
        "General And Administrative Expense": 14487000.0,
        "Other Gand A": 14487000.0,
        "Gross Profit": 41046000.0,
        "Cost Of Revenue": 63125000.0,
        "Total Revenue": 104171000.0,
        "Operating Revenue": 104171000.0
    },
    "2025-06-30": {
        "Tax Effect Of Unusual Items": 50610.0,
        "Tax Rate For Calcs": 0.21,
        "Normalized EBITDA": -5270000.0,
        "Total Unusual Items": 241000.0,
        "Total Unusual Items Excluding Goodwill": 241000.0,
        "Net Income From Continuing Operation Net Minority Interest": -17345000.0,
        "Reconciled Depreciation": 4831000.0,
        "Reconciled Cost Of Revenue": 67417000.0,
        "EBITDA": -5029000.0,
        "EBIT": -9860000.0,
        "Net Interest Income": -7457000.0,
        "Interest Expense": 7457000.0,
        "Normalized Income": -17535390.0,
        "Net Income From Continuing And Discontinued Operation": -17345000.0,
        "Total Expenses": 115202000.0,
        "Total Operating Income As Reported": -14239000.0,
        "Diluted Average Shares": 108230000.0,
        "Basic Average Shares": 108230000.0,
        "Diluted EPS": -0.16,
        "Basic EPS": -0.16,
        "Diluted NI Availto Com Stockholders": -17345000.0,
        "Average Dilution Earnings": 0.0,
        "Net Income Common Stockholders": -17345000.0,
        "Net Income": -17345000.0,
        "Minority Interests": 26000.0,
        "Net Income Including Noncontrolling Interests": -17371000.0,
        "Net Income Continuous Operations": -17371000.0,
        "Tax Provision": 54000.0,
        "Pretax Income": -17317000.0,
        "Other Income Expense": 242000.0,
        "Other Non Operating Income Expenses": 1000.0,
        "Special Income Charges": -4137000.0,
        "Other Special Charges": NaN,
        "Impairment Of Capital Assets": NaN,
        "Restructuring And Mergern Acquisition": 4137000.0,
        "Gain On Sale Of Security": 4378000.0,
        "Net Non Operating Interest Income Expense": -7457000.0,
        "Interest Expense Non Operating": 7457000.0,
        "Operating Income": -10102000.0,
        "Operating Expense": 47785000.0,
        "Research And Development": 2178000.0,
        "Selling General And Administration": 45607000.0,
        "Selling And Marketing Expense": 30616000.0,
        "General And Administrative Expense": 14991000.0,
        "Other Gand A": 14991000.0,
        "Gross Profit": 37683000.0,
        "Cost Of Revenue": 67417000.0,
        "Total Revenue": 105100000.0,
        "Operating Revenue": 105100000.0
    },
    "2025-09-30": {
        "Tax Effect Of Unusual Items": 336420.0,
        "Tax Rate For Calcs": 0.21,
        "Normalized EBITDA": 4684000.0,
        "Total Unusual Items": 1602000.0,
        "Total Unusual Items Excluding Goodwill": 1602000.0,
        "Net Income From Continuing Operation Net Minority Interest": -11720000.0,
        "Reconciled Depreciation": 9778000.0,
        "Reconciled Cost Of Revenue": 67915000.0,
        "EBITDA": 6286000.0,
        "EBIT": -3492000.0,
        "Net Interest Income": -8203000.0,
        "Interest Expense": 8203000.0,
        "Normalized Income": -12985580.0,
        "Net Income From Continuing And Discontinued Operation": -11720000.0,
        "Total Expenses": 125602000.0,
        "Total Operating Income As Reported": -12126000.0,
        "Diluted Average Shares": 108409000.0,
        "Basic Average Shares": 108245000.0,
        "Diluted EPS": -0.11,
        "Basic EPS": -0.11,
        "Diluted NI Availto Com Stockholders": -11720000.0,
        "Average Dilution Earnings": NaN,
        "Net Income Common Stockholders": -11720000.0,
        "Net Income": -11720000.0,
        "Minority Interests": 28000.0,
        "Net Income Including Noncontrolling Interests": -11748000.0,
        "Net Income Continuous Operations": -11748000.0,
        "Tax Provision": 53000.0,
        "Pretax Income": -11695000.0,
        "Other Income Expense": 3344000.0,
        "Other Non Operating Income Expenses": 1742000.0,
        "Special Income Charges": -5290000.0,
        "Other Special Charges": NaN,
        "Impairment Of Capital Assets": NaN,
        "Restructuring And Mergern Acquisition": 5290000.0,
        "Gain On Sale Of Security": 6892000.0,
        "Net Non Operating Interest Income Expense": -8203000.0,
        "Interest Expense Non Operating": 8203000.0,
        "Operating Income": -6836000.0,
        "Operating Expense": 57687000.0,
        "Research And Development": 2367000.0,
        "Selling General And Administration": 55320000.0,
        "Selling And Marketing Expense": 40120000.0,
        "General And Administrative Expense": 15200000.0,
        "Other Gand A": 15200000.0,
        "Gross Profit": 50851000.0,
        "Cost Of Revenue": 67915000.0,
        "Total Revenue": 118766000.0,
        "Operating Revenue": 118766000.0
    }
}