{
    "2023-03-31": {
        "Tax Effect Of Unusual Items": NaN,
        "Tax Rate For Calcs": NaN,
        "Normalized EBITDA": NaN,
        "Total Unusual Items": NaN,
        "Total Unusual Items Excluding Goodwill": NaN,
        "Net Income From Continuing Operation Net Minority Interest": NaN,
        "Reconciled Depreciation": NaN,
        "Reconciled Cost Of Revenue": NaN,
        "EBITDA": NaN,
        "EBIT": NaN,
        "Net Interest Income": NaN,
        "Interest Expense": NaN,
        "Normalized Income": NaN,
        "Net Income From Continuing And Discontinued Operation": NaN,
        "Total Expenses": NaN,
        "Total Operating Income As Reported": NaN,
        "Diluted Average Shares": NaN,
        "Basic Average Shares": NaN,
        "Diluted EPS": NaN,
        "Basic EPS": NaN,
        "Diluted NI Availto Com Stockholders": NaN,
        "Net Income Common Stockholders": NaN,
        "Preferred Stock Dividends": NaN,
        "Net Income": NaN,
        "Minority Interests": NaN,
        "Net Income Including Noncontrolling Interests": NaN,
        "Net Income Continuous Operations": NaN,
        "Tax Provision": NaN,
        "Pretax Income": NaN,
        "Other Income Expense": NaN,
        "Other Non Operating Income Expenses": NaN,
        "Special Income Charges": NaN,
        "Other Special Charges": NaN,
        "Restructuring And Mergern Acquisition": 100000.0,
        "Net Non Operating Interest Income Expense": NaN,
        "Total Other Finance Cost": 900000.0,
        "Interest Expense Non Operating": NaN,
        "Operating Income": NaN,
        "Operating Expense": NaN,
        "Depreciation Amortization Depletion Income Statement": NaN,
        "Depreciation And Amortization In Income Statement": NaN,
        "Selling General And Administration": NaN,
        "General And Administrative Expense": NaN,
        "Other Gand A": NaN,
        "Salaries And Wages": NaN,
        "Gross Profit": NaN,
        "Cost Of Revenue": NaN,
        "Total Revenue": NaN,
        "Operating Revenue": NaN
    },
    "2022-12-31": {
        "Tax Effect Of Unusual Items": NaN,
        "Tax Rate For Calcs": NaN,
        "Normalized EBITDA": NaN,
        "Total Unusual Items": NaN,
        "Total Unusual Items Excluding Goodwill": NaN,
        "Net Income From Continuing Operation Net Minority Interest": NaN,
        "Reconciled Depreciation": NaN,
        "Reconciled Cost Of Revenue": NaN,
        "EBITDA": NaN,
        "EBIT": NaN,
        "Net Interest Income": NaN,
        "Interest Expense": NaN,
        "Normalized Income": NaN,
        "Net Income From Continuing And Discontinued Operation": NaN,
        "Total Expenses": NaN,
        "Total Operating Income As Reported": NaN,
        "Diluted Average Shares": NaN,
        "Basic Average Shares": NaN,
        "Diluted EPS": NaN,
        "Basic EPS": NaN,
        "Diluted NI Availto Com Stockholders": NaN,
        "Net Income Common Stockholders": NaN,
        "Preferred Stock Dividends": NaN,
        "Net Income": NaN,
        "Minority Interests": 0.0,
        "Net Income Including Noncontrolling Interests": NaN,
        "Net Income Continuous Operations": NaN,
        "Tax Provision": NaN,
        "Pretax Income": NaN,
        "Other Income Expense": NaN,
        "Other Non Operating Income Expenses": NaN,
        "Special Income Charges": NaN,
        "Other Special Charges": NaN,
        "Restructuring And Mergern Acquisition": NaN,
        "Net Non Operating Interest Income Expense": NaN,
        "Total Other Finance Cost": NaN,
        "Interest Expense Non Operating": NaN,
        "Operating Income": NaN,
        "Operating Expense": NaN,
        "Depreciation Amortization Depletion Income Statement": NaN,
        "Depreciation And Amortization In Income Statement": NaN,
        "Selling General And Administration": NaN,
        "General And Administrative Expense": NaN,
        "Other Gand A": NaN,
        "Salaries And Wages": NaN,
        "Gross Profit": NaN,
        "Cost Of Revenue": NaN,
        "Total Revenue": NaN,
        "Operating Revenue": NaN
    },
    "2022-09-30": {
        "Tax Effect Of Unusual Items": NaN,
        "Tax Rate For Calcs": NaN,
        "Normalized EBITDA": NaN,
        "Total Unusual Items": NaN,
        "Total Unusual Items Excluding Goodwill": NaN,
        "Net Income From Continuing Operation Net Minority Interest": NaN,
        "Reconciled Depreciation": NaN,
        "Reconciled Cost Of Revenue": NaN,
        "EBITDA": NaN,
        "EBIT": NaN,
        "Net Interest Income": NaN,
        "Interest Expense": NaN,
        "Normalized Income": NaN,
        "Net Income From Continuing And Discontinued Operation": NaN,
        "Total Expenses": NaN,
        "Total Operating Income As Reported": NaN,
        "Diluted Average Shares": NaN,
        "Basic Average Shares": NaN,
        "Diluted EPS": NaN,
        "Basic EPS": NaN,
        "Diluted NI Availto Com Stockholders": NaN,
        "Net Income Common Stockholders": NaN,
        "Preferred Stock Dividends": NaN,
        "Net Income": NaN,
        "Minority Interests": 0.0,
        "Net Income Including Noncontrolling Interests": NaN,
        "Net Income Continuous Operations": NaN,
        "Tax Provision": NaN,
        "Pretax Income": NaN,
        "Other Income Expense": NaN,
        "Other Non Operating Income Expenses": NaN,
        "Special Income Charges": NaN,
        "Restructuring And Mergern Acquisition": 100000.0,
        "Net Non Operating Interest Income Expense": NaN,
        "Total Other Finance Cost": 900000.0,
        "Interest Expense Non Operating": NaN,
        "Operating Income": NaN,
        "Operating Expense": NaN,
        "Depreciation Amortization Depletion Income Statement": NaN,
        "Depreciation And Amortization In Income Statement": NaN,
        "Selling General And Administration": NaN,
        "General And Administrative Expense": NaN,
        "Other Gand A": NaN,
        "Salaries And Wages": NaN,
        "Gross Profit": NaN,
        "Cost Of Revenue": NaN,
        "Total Revenue": NaN,
        "Operating Revenue": NaN
    },
    "2022-06-30": {
        "Tax Effect Of Unusual Items": 0.0,
        "Tax Rate For Calcs": 0.4,
        "Normalized EBITDA": 30594000.0,
        "Total Unusual Items": 0.0,
        "Total Unusual Items Excluding Goodwill": 0.0,
        "Net Income From Continuing Operation Net Minority Interest": 287000.0,
        "Reconciled Depreciation": 17505000.0,
        "Reconciled Cost Of Revenue": 110749000.0,
        "EBITDA": 30594000.0,
        "EBIT": 13089000.0,
        "Net Interest Income": -12335000.0,
        "Interest Expense": 12335000.0,
        "Normalized Income": 287000.0,
        "Net Income From Continuing And Discontinued Operation": 287000.0,
        "Total Expenses": 153370000.0,
        "Total Operating Income As Reported": 13060000.0,
        "Diluted Average Shares": 78603000.0,
        "Basic Average Shares": 78603000.0,
        "Diluted EPS": -0.11,
        "Basic EPS": -0.11,
        "Diluted NI Availto Com Stockholders": -8262000.0,
        "Net Income Common Stockholders": -8262000.0,
        "Preferred Stock Dividends": 8549000.0,
        "Net Income": 287000.0,
        "Minority Interests": 0.0,
        "Net Income Including Noncontrolling Interests": 287000.0,
        "Net Income Continuous Operations": 287000.0,
        "Tax Provision": 467000.0,
        "Pretax Income": 754000.0,
        "Other Income Expense": 29000.0,
        "Other Non Operating Income Expenses": 29000.0,
        "Special Income Charges": 0.0,
        "Gain On Sale Of Business": NaN,
        "Net Non Operating Interest Income Expense": -12335000.0,
        "Interest Expense Non Operating": 12335000.0,
        "Operating Income": 13060000.0,
        "Operating Expense": 42621000.0,
        "Depreciation Amortization Depletion Income Statement": 17505000.0,
        "Depreciation And Amortization In Income Statement": 17505000.0,
        "Selling General And Administration": 25116000.0,
        "General And Administrative Expense": 25116000.0,
        "Other Gand A": 9346000.0,
        "Salaries And Wages": 15770000.0,
        "Gross Profit": 55681000.0,
        "Cost Of Revenue": 110749000.0,
        "Total Revenue": 166430000.0,
        "Operating Revenue": 166430000.0
    },
    "2022-03-31": {
        "Diluted EPS": -0.11,
        "Total Revenue": 153,
        "Gross Profit": 52,
        "Operating Income": 11,
        "EBIT": 29,
        "Net Income": -9
    },
    "2021-12-31": {
        "Diluted EPS": 0.14,
        "Total Revenue": 144,
        "Gross Profit": 49,
        "Operating Income": 13,
        "EBIT": 31,
        "Net Income": 9
    },
    "2021-09-30": {
        "Diluted EPS": -0.09,
        "Total Revenue": 133,
        "Gross Profit": 40,
        "Operating Income": 8,
        "EBIT": 21,
        "Net Income": -6
    },
    "2021-06-30": {
        "Diluted EPS": -0.35,
        "Total Revenue": 125,
        "Gross Profit": 35,
        "Operating Income": 7,
        "EBIT": 19,
        "Net Income": -24
    },
    "2021-03-31": {
        "Diluted EPS": -0.04,
        "Total Revenue": 113,
        "Gross Profit": 31,
        "Operating Income": 5,
        "EBIT": 14,
        "Net Income": -3
    },
    "2020-12-31": {
        "Diluted EPS": -0.01,
        "Total Revenue": 106,
        "Gross Profit": 32,
        "Operating Income": 6,
        "EBIT": 17,
        "Net Income": -1
    },
    "2020-09-30": {
        "Diluted EPS": 0.6,
        "Total Revenue": 109,
        "Gross Profit": 34,
        "Operating Income": 7,
        "EBIT": 19,
        "Net Income": 40
    },
    "2020-06-30": {
        "Diluted EPS": -0.12,
        "Total Revenue": 92,
        "Gross Profit": 30,
        "Operating Income": 4,
        "EBIT": 15,
        "Net Income": -8
    },
    "2020-03-31": {
        "Diluted EPS": -0.09,
        "Total Revenue": 97,
        "Gross Profit": 31,
        "Operating Income": 4,
        "EBIT": 14,
        "Net Income": -6
    },
    "2019-12-31": {
        "Diluted EPS": -0.1,
        "Total Revenue": 98,
        "Gross Profit": 31,
        "Operating Income": 1,
        "EBIT": 12,
        "Net Income": -7
    },
    "2019-09-30": {
        "Diluted EPS": -0.09,
        "Total Revenue": 94,
        "Gross Profit": 30,
        "Operating Income": 3,
        "EBIT": 13,
        "Net Income": -6
    },
    "2019-06-30": {
        "Diluted EPS": -0.21,
        "Total Revenue": 92,
        "Gross Profit": 30,
        "Operating Income": 2,
        "EBIT": 13,
        "Net Income": -14
    },
    "2019-03-31": {
        "Diluted EPS": -0.1,
        "Total Revenue": 88,
        "Gross Profit": 28,
        "Operating Income": 1,
        "EBIT": 10,
        "Net Income": -6
    },
    "2018-12-31": {
        "Diluted EPS": -0.09,
        "Total Revenue": 52,
        "Gross Profit": 26,
        "Operating Income": 2,
        "EBIT": 9,
        "Net Income": -6
    },
    "2018-09-30": {
        "Diluted EPS": -0.04,
        "Total Revenue": 104,
        "Gross Profit": 27,
        "Operating Income": 4,
        "EBIT": 9,
        "Net Income": -3
    },
    "2018-06-30": {
        "Diluted EPS": -0.1,
        "Total Revenue": 105,
        "Gross Profit": 25,
        "Operating Income": 3,
        "EBIT": 8,
        "Net Income": -6
    },
    "2018-03-31": {
        "Diluted EPS": -0.06,
        "Total Revenue": 116,
        "Gross Profit": 28,
        "Operating Income": 8,
        "EBIT": 12,
        "Net Income": -3
    },
    "2017-12-31": {
        "Diluted EPS": 0.15,
        "Total Revenue": 271,
        "Gross Profit": 77,
        "Operating Income": 25,
        "EBIT": 29,
        "Net Income": 2
    },
    "2017-09-30": {
        "Diluted EPS": 0.03,
        "Total Revenue": 111,
        "Gross Profit": 27,
        "Operating Income": 9,
        "EBIT": 9,
        "Net Income": 2
    },
    "2017-06-30": {
        "Diluted EPS": -0.04,
        "Total Revenue": NaN,
        "Gross Profit": NaN,
        "Operating Income": 0,
        "EBIT": 0,
        "Net Income": 0
    },
    "2017-03-31": {
        "Diluted EPS": -0.09,
        "Total Revenue": NaN,
        "Gross Profit": NaN,
        "Operating Income": 0,
        "EBIT": 0,
        "Net Income": 0
    },
    "2016-12-31": {
        "Diluted EPS": 0.0,
        "Total Revenue": NaN,
        "Gross Profit": NaN,
        "Operating Income": NaN,
        "EBIT": NaN,
        "Net Income": NaN
    },
    "2023-06-30": {
        "Tax Effect Of Unusual Items": NaN,
        "Tax Rate For Calcs": NaN,
        "Normalized EBITDA": NaN,
        "Total Unusual Items": NaN,
        "Total Unusual Items Excluding Goodwill": NaN,
        "Net Income From Continuing Operation Net Minority Interest": NaN,
        "Reconciled Depreciation": NaN,
        "Reconciled Cost Of Revenue": NaN,
        "EBITDA": NaN,
        "EBIT": NaN,
        "Net Interest Income": NaN,
        "Interest Expense": NaN,
        "Normalized Income": NaN,
        "Net Income From Continuing And Discontinued Operation": NaN,
        "Total Expenses": NaN,
        "Total Operating Income As Reported": NaN,
        "Diluted Average Shares": NaN,
        "Basic Average Shares": NaN,
        "Diluted EPS": NaN,
        "Basic EPS": NaN,
        "Diluted NI Availto Com Stockholders": NaN,
        "Net Income Common Stockholders": NaN,
        "Preferred Stock Dividends": NaN,
        "Net Income": NaN,
        "Minority Interests": 0.0,
        "Net Income Including Noncontrolling Interests": NaN,
        "Net Income Continuous Operations": NaN,
        "Tax Provision": NaN,
        "Pretax Income": NaN,
        "Other Income Expense": NaN,
        "Other Non Operating Income Expenses": NaN,
        "Special Income Charges": NaN,
        "Other Special Charges": NaN,
        "Restructuring And Mergern Acquisition": NaN,
        "Net Non Operating Interest Income Expense": NaN,
        "Total Other Finance Cost": NaN,
        "Interest Expense Non Operating": NaN,
        "Operating Income": NaN,
        "Operating Expense": NaN,
        "Depreciation Amortization Depletion Income Statement": NaN,
        "Depreciation And Amortization In Income Statement": NaN,
        "Selling General And Administration": NaN,
        "General And Administrative Expense": NaN,
        "Other Gand A": NaN,
        "Salaries And Wages": NaN,
        "Gross Profit": NaN,
        "Cost Of Revenue": NaN,
        "Total Revenue": NaN,
        "Operating Revenue": NaN
    },
    "2023-09-30": {
        "Tax Effect Of Unusual Items": NaN,
        "Tax Rate For Calcs": NaN,
        "Normalized EBITDA": NaN,
        "Total Unusual Items": NaN,
        "Total Unusual Items Excluding Goodwill": NaN,
        "Net Income From Continuing Operation Net Minority Interest": NaN,
        "Reconciled Depreciation": NaN,
        "Reconciled Cost Of Revenue": NaN,
        "EBITDA": NaN,
        "EBIT": NaN,
        "Net Interest Income": NaN,
        "Interest Expense": NaN,
        "Normalized Income": NaN,
        "Net Income From Continuing And Discontinued Operation": NaN,
        "Total Expenses": NaN,
        "Total Operating Income As Reported": NaN,
        "Diluted Average Shares": NaN,
        "Basic Average Shares": NaN,
        "Diluted EPS": NaN,
        "Basic EPS": NaN,
        "Diluted NI Availto Com Stockholders": NaN,
        "Net Income Common Stockholders": NaN,
        "Preferred Stock Dividends": NaN,
        "Net Income": NaN,
        "Minority Interests": 0.0,
        "Net Income Including Noncontrolling Interests": NaN,
        "Net Income Continuous Operations": NaN,
        "Tax Provision": NaN,
        "Pretax Income": NaN,
        "Other Income Expense": NaN,
        "Other Non Operating Income Expenses": NaN,
        "Special Income Charges": NaN,
        "Other Special Charges": NaN,
        "Restructuring And Mergern Acquisition": 600000.0,
        "Net Non Operating Interest Income Expense": NaN,
        "Total Other Finance Cost": 1000000.0,
        "Interest Expense Non Operating": NaN,
        "Operating Income": NaN,
        "Operating Expense": NaN,
        "Depreciation Amortization Depletion Income Statement": NaN,
        "Depreciation And Amortization In Income Statement": NaN,
        "Selling General And Administration": NaN,
        "General And Administrative Expense": NaN,
        "Other Gand A": NaN,
        "Salaries And Wages": NaN,
        "Gross Profit": NaN,
        "Cost Of Revenue": NaN,
        "Total Revenue": NaN,
        "Operating Revenue": NaN
    },
    "2023-12-31": {
        "Tax Effect Of Unusual Items": NaN,
        "Tax Rate For Calcs": NaN,
        "Normalized EBITDA": NaN,
        "Total Unusual Items": NaN,
        "Total Unusual Items Excluding Goodwill": NaN,
        "Net Income From Continuing Operation Net Minority Interest": NaN,
        "Reconciled Depreciation": NaN,
        "Reconciled Cost Of Revenue": NaN,
        "EBITDA": NaN,
        "EBIT": NaN,
        "Net Interest Income": NaN,
        "Interest Expense": NaN,
        "Normalized Income": NaN,
        "Net Income From Continuing And Discontinued Operation": NaN,
        "Total Expenses": NaN,
        "Total Operating Income As Reported": NaN,
        "Diluted Average Shares": NaN,
        "Basic Average Shares": NaN,
        "Diluted EPS": NaN,
        "Basic EPS": NaN,
        "Diluted NI Availto Com Stockholders": NaN,
        "Net Income Common Stockholders": NaN,
        "Preferred Stock Dividends": 12492000.0,
        "Net Income": NaN,
        "Minority Interests": NaN,
        "Net Income Including Noncontrolling Interests": NaN,
        "Net Income Continuous Operations": NaN,
        "Tax Provision": NaN,
        "Pretax Income": NaN,
        "Other Income Expense": NaN,
        "Other Non Operating Income Expenses": NaN,
        "Special Income Charges": NaN,
        "Other Special Charges": NaN,
        "Restructuring And Mergern Acquisition": NaN,
        "Net Non Operating Interest Income Expense": NaN,
        "Total Other Finance Cost": NaN,
        "Interest Expense Non Operating": NaN,
        "Operating Income": NaN,
        "Operating Expense": NaN,
        "Depreciation Amortization Depletion Income Statement": NaN,
        "Depreciation And Amortization In Income Statement": NaN,
        "Selling General And Administration": NaN,
        "General And Administrative Expense": NaN,
        "Other Gand A": NaN,
        "Salaries And Wages": NaN,
        "Gross Profit": NaN,
        "Cost Of Revenue": NaN,
        "Total Revenue": NaN,
        "Operating Revenue": NaN
    },
    "2024-03-31": {
        "Tax Effect Of Unusual Items": NaN,
        "Tax Rate For Calcs": NaN,
        "Normalized EBITDA": NaN,
        "Total Unusual Items": NaN,
        "Total Unusual Items Excluding Goodwill": NaN,
        "Net Income From Continuing Operation Net Minority Interest": NaN,
        "Reconciled Depreciation": NaN,
        "Reconciled Cost Of Revenue": NaN,
        "EBITDA": NaN,
        "EBIT": NaN,
        "Net Interest Income": NaN,
        "Interest Expense": NaN,
        "Normalized Income": NaN,
        "Net Income From Continuing And Discontinued Operation": NaN,
        "Total Expenses": NaN,
        "Total Operating Income As Reported": NaN,
        "Diluted Average Shares": NaN,
        "Basic Average Shares": NaN,
        "Diluted EPS": NaN,
        "Basic EPS": NaN,
        "Diluted NI Availto Com Stockholders": NaN,
        "Net Income Common Stockholders": NaN,
        "Preferred Stock Dividends": 12662000.0,
        "Net Income": NaN,
        "Minority Interests": NaN,
        "Net Income Including Noncontrolling Interests": NaN,
        "Net Income Continuous Operations": NaN,
        "Tax Provision": NaN,
        "Pretax Income": NaN,
        "Other Income Expense": NaN,
        "Other Non Operating Income Expenses": NaN,
        "Special Income Charges": NaN,
        "Other Special Charges": NaN,
        "Restructuring And Mergern Acquisition": 1000000.0,
        "Net Non Operating Interest Income Expense": NaN,
        "Total Other Finance Cost": 1100000.0,
        "Interest Expense Non Operating": NaN,
        "Operating Income": NaN,
        "Operating Expense": NaN,
        "Depreciation Amortization Depletion Income Statement": NaN,
        "Depreciation And Amortization In Income Statement": NaN,
        "Selling General And Administration": NaN,
        "General And Administrative Expense": NaN,
        "Other Gand A": NaN,
        "Salaries And Wages": NaN,
        "Gross Profit": NaN,
        "Cost Of Revenue": NaN,
        "Total Revenue": NaN,
        "Operating Revenue": NaN
    },
    "2024-06-30": {
        "Tax Effect Of Unusual Items": NaN,
        "Tax Rate For Calcs": NaN,
        "Normalized EBITDA": NaN,
        "Total Unusual Items": NaN,
        "Total Unusual Items Excluding Goodwill": NaN,
        "Net Income From Continuing Operation Net Minority Interest": NaN,
        "Reconciled Depreciation": NaN,
        "Reconciled Cost Of Revenue": NaN,
        "EBITDA": NaN,
        "EBIT": NaN,
        "Net Interest Income": NaN,
        "Interest Expense": NaN,
        "Normalized Income": NaN,
        "Net Income From Continuing And Discontinued Operation": NaN,
        "Total Expenses": NaN,
        "Total Operating Income As Reported": NaN,
        "Diluted Average Shares": NaN,
        "Basic Average Shares": NaN,
        "Diluted EPS": NaN,
        "Basic EPS": NaN,
        "Diluted NI Availto Com Stockholders": NaN,
        "Net Income Common Stockholders": NaN,
        "Preferred Stock Dividends": 18565000.0,
        "Net Income": NaN,
        "Minority Interests": -58000.0,
        "Net Income Including Noncontrolling Interests": NaN,
        "Net Income Continuous Operations": NaN,
        "Tax Provision": NaN,
        "Pretax Income": NaN,
        "Other Income Expense": NaN,
        "Other Non Operating Income Expenses": NaN,
        "Special Income Charges": NaN,
        "Other Special Charges": 8623000.0,
        "Restructuring And Mergern Acquisition": NaN,
        "Net Non Operating Interest Income Expense": NaN,
        "Total Other Finance Cost": NaN,
        "Interest Expense Non Operating": NaN,
        "Operating Income": NaN,
        "Operating Expense": NaN,
        "Depreciation Amortization Depletion Income Statement": NaN,
        "Depreciation And Amortization In Income Statement": NaN,
        "Selling General And Administration": NaN,
        "General And Administrative Expense": NaN,
        "Other Gand A": NaN,
        "Salaries And Wages": NaN,
        "Gross Profit": NaN,
        "Cost Of Revenue": NaN,
        "Total Revenue": NaN,
        "Operating Revenue": NaN
    },
    "2024-09-30": {
        "Tax Effect Of Unusual Items": -361188.0,
        "Tax Rate For Calcs": 0.316,
        "Normalized EBITDA": 52129000.0,
        "Total Unusual Items": -1143000.0,
        "Total Unusual Items Excluding Goodwill": -1143000.0,
        "Net Income From Continuing Operation Net Minority Interest": 10608000.0,
        "Reconciled Depreciation": 13733000.0,
        "Reconciled Cost Of Revenue": 141070000.0,
        "EBITDA": 50986000.0,
        "EBIT": 37253000.0,
        "Net Interest Income": -22146000.0,
        "Interest Expense": 21746000.0,
        "Normalized Income": 11389812.0,
        "Net Income From Continuing And Discontinued Operation": 10608000.0,
        "Total Expenses": 188964000.0,
        "Total Operating Income As Reported": 38085000.0,
        "Diluted Average Shares": 80095000.0,
        "Basic Average Shares": 77973000.0,
        "Diluted EPS": 0.07,
        "Basic EPS": 0.07,
        "Diluted NI Availto Com Stockholders": 5487000.0,
        "Net Income Common Stockholders": 5487000.0,
        "Preferred Stock Dividends": 5121000.0,
        "Net Income": 10608000.0,
        "Minority Interests": 0.0,
        "Net Income Including Noncontrolling Interests": 10608000.0,
        "Net Income Continuous Operations": 10608000.0,
        "Tax Provision": 4899000.0,
        "Pretax Income": 15507000.0,
        "Other Income Expense": -432000.0,
        "Other Non Operating Income Expenses": 711000.0,
        "Special Income Charges": -1143000.0,
        "Other Special Charges": 43000.0,
        "Restructuring And Mergern Acquisition": 1100000.0,
        "Net Non Operating Interest Income Expense": -22146000.0,
        "Total Other Finance Cost": 400000.0,
        "Interest Expense Non Operating": 21746000.0,
        "Operating Income": 38085000.0,
        "Operating Expense": 47894000.0,
        "Depreciation Amortization Depletion Income Statement": 13733000.0,
        "Depreciation And Amortization In Income Statement": 13733000.0,
        "Selling General And Administration": 34161000.0,
        "General And Administrative Expense": 34161000.0,
        "Other Gand A": 12413000.0,
        "Salaries And Wages": 21748000.0,
        "Gross Profit": 85979000.0,
        "Cost Of Revenue": 141070000.0,
        "Total Revenue": 227049000.0,
        "Operating Revenue": 227049000.0
    },
    "2024-12-31": {
        "Tax Effect Of Unusual Items": 497825.548141,
        "Tax Rate For Calcs": 0.311725,
        "Normalized EBITDA": 51416000.0,
        "Total Unusual Items": 1597000.0,
        "Total Unusual Items Excluding Goodwill": 1597000.0,
        "Net Income From Continuing Operation Net Minority Interest": 7859000.0,
        "Reconciled Depreciation": 13811000.0,
        "Reconciled Cost Of Revenue": 143135000.0,
        "EBITDA": 53013000.0,
        "EBIT": 39202000.0,
        "Net Interest Income": -26412000.0,
        "Interest Expense": 28712000.0,
        "Normalized Income": 6759825.548141,
        "Net Income From Continuing And Discontinued Operation": 7859000.0,
        "Total Expenses": 192928000.0,
        "Total Operating Income As Reported": 34139000.0,
        "Diluted Average Shares": 78241000.0,
        "Basic Average Shares": 78241000.0,
        "Diluted EPS": -0.05,
        "Basic EPS": -0.05,
        "Diluted NI Availto Com Stockholders": -3768000.0,
        "Net Income Common Stockholders": -3768000.0,
        "Preferred Stock Dividends": 10988000.0,
        "Net Income": 7859000.0,
        "Minority Interests": NaN,
        "Net Income Including Noncontrolling Interests": 7220000.0,
        "Net Income Continuous Operations": 7220000.0,
        "Tax Provision": 3270000.0,
        "Pretax Income": 10490000.0,
        "Other Income Expense": 2763000.0,
        "Other Non Operating Income Expenses": 1166000.0,
        "Special Income Charges": 1597000.0,
        "Other Special Charges": 1703000.0,
        "Restructuring And Mergern Acquisition": NaN,
        "Net Non Operating Interest Income Expense": -26412000.0,
        "Total Other Finance Cost": NaN,
        "Interest Expense Non Operating": 28712000.0,
        "Operating Income": 34139000.0,
        "Operating Expense": 49793000.0,
        "Depreciation Amortization Depletion Income Statement": 13811000.0,
        "Depreciation And Amortization In Income Statement": 13811000.0,
        "Selling General And Administration": 35982000.0,
        "General And Administrative Expense": 35982000.0,
        "Other Gand A": 12783000.0,
        "Salaries And Wages": 23199000.0,
        "Gross Profit": 83932000.0,
        "Cost Of Revenue": 143135000.0,
        "Total Revenue": 227067000.0,
        "Operating Revenue": 227067000.0
    },
    "2025-03-31": {
        "Tax Effect Of Unusual Items": -222132.0,
        "Tax Rate For Calcs": 0.214,
        "Normalized EBITDA": 47109000.0,
        "Total Unusual Items": -1038000.0,
        "Total Unusual Items Excluding Goodwill": -1038000.0,
        "Net Income From Continuing Operation Net Minority Interest": 8268000.0,
        "Reconciled Depreciation": 13777000.0,
        "Reconciled Cost Of Revenue": 137353000.0,
        "EBITDA": 46071000.0,
        "EBIT": 32294000.0,
        "Net Interest Income": -22176000.0,
        "Interest Expense": 21776000.0,
        "Normalized Income": 9083868.0,
        "Net Income From Continuing And Discontinued Operation": 8268000.0,
        "Total Expenses": 192005000.0,
        "Total Operating Income As Reported": 32625000.0,
        "Diluted Average Shares": 79857000.0,
        "Basic Average Shares": 78774000.0,
        "Diluted EPS": 0.1,
        "Basic EPS": 0.1,
        "Diluted NI Availto Com Stockholders": 8268000.0,
        "Net Income Common Stockholders": 8268000.0,
        "Preferred Stock Dividends": NaN,
        "Net Income": 8268000.0,
        "Minority Interests": 0.0,
        "Net Income Including Noncontrolling Interests": 8268000.0,
        "Net Income Continuous Operations": 8268000.0,
        "Tax Provision": 2250000.0,
        "Pretax Income": 10518000.0,
        "Other Income Expense": 69000.0,
        "Other Non Operating Income Expenses": 1107000.0,
        "Special Income Charges": -1038000.0,
        "Other Special Charges": 38000.0,
        "Restructuring And Mergern Acquisition": 1000000.0,
        "Net Non Operating Interest Income Expense": -22176000.0,
        "Total Other Finance Cost": 400000.0,
        "Interest Expense Non Operating": 21776000.0,
        "Operating Income": 32625000.0,
        "Operating Expense": 54652000.0,
        "Depreciation Amortization Depletion Income Statement": 13777000.0,
        "Depreciation And Amortization In Income Statement": 13777000.0,
        "Selling General And Administration": 40875000.0,
        "General And Administrative Expense": 40875000.0,
        "Other Gand A": 15100000.0,
        "Salaries And Wages": 25775000.0,
        "Gross Profit": 87277000.0,
        "Cost Of Revenue": 137353000.0,
        "Total Revenue": 224630000.0,
        "Operating Revenue": 224630000.0
    },
    "2025-06-30": {
        "Tax Effect Of Unusual Items": 0.0,
        "Tax Rate For Calcs": 0.289,
        "Normalized EBITDA": 52449000.0,
        "Total Unusual Items": 0.0,
        "Total Unusual Items Excluding Goodwill": 0.0,
        "Net Income From Continuing Operation Net Minority Interest": 10879000.0,
        "Reconciled Depreciation": 14093000.0,
        "Reconciled Cost Of Revenue": 147399000.0,
        "EBITDA": 52449000.0,
        "EBIT": 38356000.0,
        "Net Interest Income": -23054000.0,
        "Interest Expense": 23054000.0,
        "Normalized Income": 10879000.0,
        "Net Income From Continuing And Discontinued Operation": 10879000.0,
        "Total Expenses": 202462000.0,
        "Total Operating Income As Reported": 37350000.0,
        "Diluted Average Shares": 79837000.0,
        "Basic Average Shares": 78981000.0,
        "Diluted EPS": 0.14,
        "Basic EPS": 0.14,
        "Diluted NI Availto Com Stockholders": 10879000.0,
        "Net Income Common Stockholders": 10879000.0,
        "Preferred Stock Dividends": NaN,
        "Net Income": 10879000.0,
        "Minority Interests": 0.0,
        "Net Income Including Noncontrolling Interests": 10879000.0,
        "Net Income Continuous Operations": 10879000.0,
        "Tax Provision": 4423000.0,
        "Pretax Income": 15302000.0,
        "Other Income Expense": 1006000.0,
        "Other Non Operating Income Expenses": 1006000.0,
        "Special Income Charges": 0.0,
        "Other Special Charges": NaN,
        "Restructuring And Mergern Acquisition": NaN,
        "Net Non Operating Interest Income Expense": -23054000.0,
        "Total Other Finance Cost": NaN,
        "Interest Expense Non Operating": 23054000.0,
        "Operating Income": 37350000.0,
        "Operating Expense": 55063000.0,
        "Depreciation Amortization Depletion Income Statement": 14093000.0,
        "Depreciation And Amortization In Income Statement": 14093000.0,
        "Selling General And Administration": 40970000.0,
        "General And Administrative Expense": 40970000.0,
        "Other Gand A": 13910000.0,
        "Salaries And Wages": 27060000.0,
        "Gross Profit": 92413000.0,
        "Cost Of Revenue": 147399000.0,
        "Total Revenue": 239812000.0,
        "Operating Revenue": 239812000.0
    },
    "2025-09-30": {
        "Tax Effect Of Unusual Items": -2703960.0,
        "Tax Rate For Calcs": 0.21,
        "Normalized EBITDA": 57048000.0,
        "Total Unusual Items": -12876000.0,
        "Total Unusual Items Excluding Goodwill": -12876000.0,
        "Net Income From Continuing Operation Net Minority Interest": 27588000.0,
        "Reconciled Depreciation": 15122000.0,
        "Reconciled Cost Of Revenue": 146681000.0,
        "EBITDA": 44172000.0,
        "EBIT": 29050000.0,
        "Net Interest Income": -22063000.0,
        "Interest Expense": 21663000.0,
        "Normalized Income": 37760040.0,
        "Net Income From Continuing And Discontinued Operation": 27588000.0,
        "Total Expenses": 203667000.0,
        "Total Operating Income As Reported": 37772000.0,
        "Diluted Average Shares": 81116000.0,
        "Basic Average Shares": 80325000.0,
        "Diluted EPS": 0.34,
        "Basic EPS": 0.34,
        "Diluted NI Availto Com Stockholders": 27588000.0,
        "Net Income Common Stockholders": 27588000.0,
        "Preferred Stock Dividends": NaN,
        "Net Income": 27588000.0,
        "Minority Interests": 0.0,
        "Net Income Including Noncontrolling Interests": 27588000.0,
        "Net Income Continuous Operations": 27588000.0,
        "Tax Provision": -20201000.0,
        "Pretax Income": 7387000.0,
        "Other Income Expense": -8322000.0,
        "Other Non Operating Income Expenses": 4554000.0,
        "Special Income Charges": -12876000.0,
        "Other Special Charges": 12476000.0,
        "Restructuring And Mergern Acquisition": 400000.0,
        "Net Non Operating Interest Income Expense": -22063000.0,
        "Total Other Finance Cost": 400000.0,
        "Interest Expense Non Operating": 21663000.0,
        "Operating Income": 37772000.0,
        "Operating Expense": 56986000.0,
        "Depreciation Amortization Depletion Income Statement": 15122000.0,
        "Depreciation And Amortization In Income Statement": 15122000.0,
        "Selling General And Administration": 41864000.0,
        "General And Administrative Expense": 41864000.0,
        "Other Gand A": 15724000.0,
        "Salaries And Wages": 26140000.0,
        "Gross Profit": 94758000.0,
        "Cost Of Revenue": 146681000.0,
        "Total Revenue": 241439000.0,
        "Operating Revenue": 241439000.0
    }
}