{
    "2023-03-31": {
        "Tax Effect Of Unusual Items": NaN,
        "Tax Rate For Calcs": NaN,
        "Normalized EBITDA": NaN,
        "Net Income From Continuing Operation Net Minority Interest": NaN,
        "Reconciled Depreciation": NaN,
        "Reconciled Cost Of Revenue": NaN,
        "EBITDA": NaN,
        "EBIT": NaN,
        "Net Interest Income": NaN,
        "Interest Expense": NaN,
        "Normalized Income": NaN,
        "Net Income From Continuing And Discontinued Operation": NaN,
        "Total Expenses": NaN,
        "Total Operating Income As Reported": NaN,
        "Diluted Average Shares": 58037000.0,
        "Basic Average Shares": 55047000.0,
        "Diluted EPS": 0.02,
        "Basic EPS": 0.02,
        "Diluted NI Availto Com Stockholders": NaN,
        "Net Income Common Stockholders": NaN,
        "Net Income": NaN,
        "Net Income Including Noncontrolling Interests": NaN,
        "Net Income Continuous Operations": NaN,
        "Tax Provision": NaN,
        "Pretax Income": NaN,
        "Other Income Expense": NaN,
        "Other Non Operating Income Expenses": NaN,
        "Net Non Operating Interest Income Expense": NaN,
        "Interest Expense Non Operating": NaN,
        "Operating Income": NaN,
        "Operating Expense": NaN,
        "Other Operating Expenses": NaN,
        "Gross Profit": NaN,
        "Cost Of Revenue": NaN,
        "Total Revenue": NaN,
        "Operating Revenue": NaN
    },
    "2022-12-31": {
        "Tax Effect Of Unusual Items": 0.0,
        "Tax Rate For Calcs": 0.21,
        "Normalized EBITDA": -1383000.0,
        "Net Income From Continuing Operation Net Minority Interest": -6224000.0,
        "Reconciled Depreciation": 3963000.0,
        "Reconciled Cost Of Revenue": 102879000.0,
        "EBITDA": -1383000.0,
        "EBIT": -5346000.0,
        "Net Interest Income": -364000.0,
        "Interest Expense": 364000.0,
        "Normalized Income": -6224000.0,
        "Net Income From Continuing And Discontinued Operation": -6224000.0,
        "Total Expenses": 159974000.0,
        "Total Operating Income As Reported": -5450000.0,
        "Diluted Average Shares": NaN,
        "Basic Average Shares": NaN,
        "Diluted EPS": NaN,
        "Basic EPS": NaN,
        "Diluted NI Availto Com Stockholders": -6224000.0,
        "Net Income Common Stockholders": -6224000.0,
        "Net Income": -6224000.0,
        "Net Income Including Noncontrolling Interests": -6224000.0,
        "Net Income Continuous Operations": -6224000.0,
        "Tax Provision": 514000.0,
        "Pretax Income": -5710000.0,
        "Other Income Expense": 104000.0,
        "Other Non Operating Income Expenses": 104000.0,
        "Net Non Operating Interest Income Expense": -364000.0,
        "Interest Expense Non Operating": 364000.0,
        "Operating Income": -5450000.0,
        "Operating Expense": 57095000.0,
        "Other Operating Expenses": 57095000.0,
        "Gross Profit": 51645000.0,
        "Cost Of Revenue": 102879000.0,
        "Total Revenue": 154524000.0,
        "Operating Revenue": 154524000.0
    },
    "2022-09-30": {
        "Tax Effect Of Unusual Items": NaN,
        "Tax Rate For Calcs": NaN,
        "Normalized EBITDA": NaN,
        "Net Income From Continuing Operation Net Minority Interest": NaN,
        "Reconciled Depreciation": NaN,
        "Reconciled Cost Of Revenue": NaN,
        "EBITDA": NaN,
        "EBIT": NaN,
        "Net Interest Income": NaN,
        "Interest Expense": NaN,
        "Normalized Income": NaN,
        "Net Income From Continuing And Discontinued Operation": NaN,
        "Total Expenses": NaN,
        "Total Operating Income As Reported": NaN,
        "Diluted Average Shares": 54481000.0,
        "Basic Average Shares": 54481000.0,
        "Diluted EPS": -0.02,
        "Basic EPS": -0.02,
        "Diluted NI Availto Com Stockholders": NaN,
        "Net Income Common Stockholders": NaN,
        "Net Income": NaN,
        "Net Income Including Noncontrolling Interests": NaN,
        "Net Income Continuous Operations": NaN,
        "Tax Provision": NaN,
        "Pretax Income": NaN,
        "Other Income Expense": NaN,
        "Other Non Operating Income Expenses": NaN,
        "Net Non Operating Interest Income Expense": NaN,
        "Interest Expense Non Operating": NaN,
        "Operating Income": NaN,
        "Operating Expense": NaN,
        "Other Operating Expenses": NaN,
        "Gross Profit": NaN,
        "Cost Of Revenue": NaN,
        "Total Revenue": NaN,
        "Operating Revenue": NaN
    },
    "2022-06-30": {
        "Tax Effect Of Unusual Items": 0.0,
        "Tax Rate For Calcs": 0.004,
        "Normalized EBITDA": 7816000.0,
        "Net Income From Continuing Operation Net Minority Interest": 4118000.0,
        "Reconciled Depreciation": 3335000.0,
        "Reconciled Cost Of Revenue": 114285000.0,
        "EBITDA": 7816000.0,
        "EBIT": 4481000.0,
        "Net Interest Income": -346000.0,
        "Interest Expense": 346000.0,
        "Normalized Income": 4118000.0,
        "Net Income From Continuing And Discontinued Operation": 4118000.0,
        "Total Expenses": 171929000.0,
        "Total Operating Income As Reported": 4291000.0,
        "Diluted Average Shares": 57210000.0,
        "Basic Average Shares": 54210000.0,
        "Diluted EPS": 0.07,
        "Basic EPS": 0.08,
        "Diluted NI Availto Com Stockholders": 4118000.0,
        "Net Income Common Stockholders": 4118000.0,
        "Net Income": 4118000.0,
        "Net Income Including Noncontrolling Interests": 4118000.0,
        "Net Income Continuous Operations": 4118000.0,
        "Tax Provision": 17000.0,
        "Pretax Income": 4135000.0,
        "Other Income Expense": 190000.0,
        "Other Non Operating Income Expenses": 190000.0,
        "Net Non Operating Interest Income Expense": -346000.0,
        "Interest Expense Non Operating": 346000.0,
        "Operating Income": 4291000.0,
        "Operating Expense": 57644000.0,
        "Other Operating Expenses": 57644000.0,
        "Gross Profit": 61935000.0,
        "Cost Of Revenue": 114285000.0,
        "Total Revenue": 176220000.0,
        "Operating Revenue": 176220000.0
    },
    "2023-06-30": {
        "Tax Effect Of Unusual Items": NaN,
        "Tax Rate For Calcs": NaN,
        "Normalized EBITDA": NaN,
        "Net Income From Continuing Operation Net Minority Interest": NaN,
        "Reconciled Depreciation": NaN,
        "Reconciled Cost Of Revenue": NaN,
        "EBITDA": NaN,
        "EBIT": NaN,
        "Net Interest Income": NaN,
        "Interest Expense": NaN,
        "Normalized Income": NaN,
        "Net Income From Continuing And Discontinued Operation": NaN,
        "Total Expenses": NaN,
        "Total Operating Income As Reported": NaN,
        "Diluted Average Shares": 56532000.0,
        "Basic Average Shares": 56532000.0,
        "Diluted EPS": -0.01,
        "Basic EPS": -0.01,
        "Diluted NI Availto Com Stockholders": NaN,
        "Net Income Common Stockholders": NaN,
        "Net Income": NaN,
        "Net Income Including Noncontrolling Interests": NaN,
        "Net Income Continuous Operations": NaN,
        "Tax Provision": NaN,
        "Pretax Income": NaN,
        "Other Income Expense": NaN,
        "Other Non Operating Income Expenses": NaN,
        "Net Non Operating Interest Income Expense": NaN,
        "Interest Expense Non Operating": NaN,
        "Operating Income": NaN,
        "Operating Expense": NaN,
        "Other Operating Expenses": NaN,
        "Gross Profit": NaN,
        "Cost Of Revenue": NaN,
        "Total Revenue": NaN,
        "Operating Revenue": NaN
    },
    "2022-03-31": {
        "Diluted EPS": 0.04,
        "Total Revenue": 166,
        "Gross Profit": 61,
        "Operating Income": 2,
        "EBIT": 5,
        "Net Income": 2
    },
    "2021-12-31": {
        "Diluted EPS": -0.09,
        "Total Revenue": 138,
        "Gross Profit": 47,
        "Operating Income": -5,
        "EBIT": -2,
        "Net Income": -5
    },
    "2021-09-30": {
        "Diluted EPS": -0.09,
        "Total Revenue": 142,
        "Gross Profit": 47,
        "Operating Income": -4,
        "EBIT": -2,
        "Net Income": -5
    },
    "2021-06-30": {
        "Diluted EPS": 0.04,
        "Total Revenue": 158,
        "Gross Profit": 53,
        "Operating Income": 2,
        "EBIT": 5,
        "Net Income": 2
    },
    "2021-03-31": {
        "Diluted EPS": -0.06,
        "Total Revenue": 145,
        "Gross Profit": 49,
        "Operating Income": -2,
        "EBIT": 0,
        "Net Income": -3
    },
    "2020-12-31": {
        "Diluted EPS": -0.07,
        "Total Revenue": 120,
        "Gross Profit": 42,
        "Operating Income": -3,
        "EBIT": -1,
        "Net Income": -3
    },
    "2020-09-30": {
        "Diluted EPS": 0.03,
        "Total Revenue": 117,
        "Gross Profit": 43,
        "Operating Income": 2,
        "EBIT": 4,
        "Net Income": 1
    },
    "2020-06-30": {
        "Diluted EPS": 0.03,
        "Total Revenue": 119,
        "Gross Profit": 41,
        "Operating Income": 2,
        "EBIT": 4,
        "Net Income": 2
    },
    "2020-03-31": {
        "Diluted EPS": -0.03,
        "Total Revenue": 88,
        "Gross Profit": 30,
        "Operating Income": 0,
        "EBIT": 2,
        "Net Income": -1
    },
    "2019-12-31": {
        "Diluted EPS": -0.71,
        "Total Revenue": 63,
        "Gross Profit": 21,
        "Operating Income": -2,
        "EBIT": 0,
        "Net Income": -25
    },
    "2019-09-30": {
        "Diluted EPS": -0.04,
        "Total Revenue": 69,
        "Gross Profit": 21,
        "Operating Income": -1,
        "EBIT": 0,
        "Net Income": -1
    },
    "2019-06-30": {
        "Diluted EPS": -0.04,
        "Total Revenue": 74,
        "Gross Profit": 22,
        "Operating Income": -1,
        "EBIT": 0,
        "Net Income": -1
    },
    "2019-03-31": {
        "Diluted EPS": -0.1,
        "Total Revenue": 75,
        "Gross Profit": 20,
        "Operating Income": -3,
        "EBIT": -2,
        "Net Income": -4
    },
    "2018-12-31": {
        "Diluted EPS": -0.12,
        "Total Revenue": 65,
        "Gross Profit": 17,
        "Operating Income": -5,
        "EBIT": -3,
        "Net Income": -5
    },
    "2018-09-30": {
        "Diluted EPS": -0.01,
        "Total Revenue": 69,
        "Gross Profit": 18,
        "Operating Income": -1,
        "EBIT": 0,
        "Net Income": 0
    },
    "2018-06-30": {
        "Diluted EPS": -0.02,
        "Total Revenue": 77,
        "Gross Profit": 21,
        "Operating Income": 0,
        "EBIT": 1,
        "Net Income": -1
    },
    "2018-03-31": {
        "Diluted EPS": 0.01,
        "Total Revenue": 78,
        "Gross Profit": 23,
        "Operating Income": 1,
        "EBIT": 3,
        "Net Income": 1
    },
    "2017-12-31": {
        "Diluted EPS": -0.09,
        "Total Revenue": 69,
        "Gross Profit": 21,
        "Operating Income": 1,
        "EBIT": 2,
        "Net Income": -4
    },
    "2017-09-30": {
        "Diluted EPS": 0.02,
        "Total Revenue": 74,
        "Gross Profit": 22,
        "Operating Income": 1,
        "EBIT": 3,
        "Net Income": 1
    },
    "2017-06-30": {
        "Diluted EPS": 0.67,
        "Total Revenue": 80,
        "Gross Profit": 23,
        "Operating Income": 2,
        "EBIT": 3,
        "Net Income": 27
    },
    "2017-03-31": {
        "Diluted EPS": 0.02,
        "Total Revenue": 81,
        "Gross Profit": 24,
        "Operating Income": 1,
        "EBIT": 3,
        "Net Income": 0
    },
    "2016-12-31": {
        "Diluted EPS": 0.0,
        "Total Revenue": 71,
        "Gross Profit": 21,
        "Operating Income": 0,
        "EBIT": 2,
        "Net Income": -2
    },
    "2016-09-30": {
        "Diluted EPS": 0.01,
        "Total Revenue": 73,
        "Gross Profit": 22,
        "Operating Income": 1,
        "EBIT": 3,
        "Net Income": 0
    },
    "2016-06-30": {
        "Diluted EPS": 0.03,
        "Total Revenue": 78,
        "Gross Profit": 24,
        "Operating Income": 2,
        "EBIT": 4,
        "Net Income": 1
    },
    "2016-03-31": {
        "Diluted EPS": 0.04,
        "Total Revenue": 81,
        "Gross Profit": 25,
        "Operating Income": 2,
        "EBIT": 4,
        "Net Income": 1
    },
    "2015-12-31": {
        "Diluted EPS": 0.01,
        "Total Revenue": 67,
        "Gross Profit": 20,
        "Operating Income": 2,
        "EBIT": 5,
        "Net Income": -2
    },
    "2015-09-30": {
        "Diluted EPS": 0.0,
        "Total Revenue": 71,
        "Gross Profit": 21,
        "Operating Income": 0,
        "EBIT": 2,
        "Net Income": 0
    },
    "2015-06-30": {
        "Diluted EPS": -0.02,
        "Total Revenue": 76,
        "Gross Profit": 21,
        "Operating Income": -1,
        "EBIT": 1,
        "Net Income": -1
    },
    "2015-03-31": {
        "Diluted EPS": 0.0,
        "Total Revenue": 76,
        "Gross Profit": 21,
        "Operating Income": 0,
        "EBIT": 2,
        "Net Income": 0
    },
    "2014-12-31": {
        "Diluted EPS": -0.06,
        "Total Revenue": 71,
        "Gross Profit": 19,
        "Operating Income": -2,
        "EBIT": 0,
        "Net Income": -2
    },
    "2014-09-30": {
        "Diluted EPS": -0.08,
        "Total Revenue": 68,
        "Gross Profit": 18,
        "Operating Income": -2,
        "EBIT": 0,
        "Net Income": -2
    },
    "2014-06-30": {
        "Diluted EPS": -0.07,
        "Total Revenue": 77,
        "Gross Profit": 20,
        "Operating Income": -2,
        "EBIT": 0,
        "Net Income": -2
    },
    "2014-03-31": {
        "Diluted EPS": 0.0,
        "Total Revenue": 68,
        "Gross Profit": 21,
        "Operating Income": 0,
        "EBIT": 3,
        "Net Income": 0
    },
    "2013-12-31": {
        "Diluted EPS": -0.04,
        "Total Revenue": 60,
        "Gross Profit": 17,
        "Operating Income": -1,
        "EBIT": 0,
        "Net Income": -1
    },
    "2013-09-30": {
        "Diluted EPS": -0.04,
        "Total Revenue": 62,
        "Gross Profit": 18,
        "Operating Income": -1,
        "EBIT": 3,
        "Net Income": -1
    },
    "2013-06-30": {
        "Diluted EPS": -0.29,
        "Total Revenue": 68,
        "Gross Profit": 19,
        "Operating Income": -9,
        "EBIT": -6,
        "Net Income": -10
    },
    "2013-03-31": {
        "Diluted EPS": -0.11,
        "Total Revenue": 65,
        "Gross Profit": 20,
        "Operating Income": -3,
        "EBIT": 1,
        "Net Income": -3
    },
    "2012-12-31": {
        "Diluted EPS": -0.99,
        "Total Revenue": 63,
        "Gross Profit": 18,
        "Operating Income": -32,
        "EBIT": -28,
        "Net Income": -31
    },
    "2012-09-30": {
        "Diluted EPS": -0.09,
        "Total Revenue": 73,
        "Gross Profit": 23,
        "Operating Income": -3,
        "EBIT": 2,
        "Net Income": -3
    },
    "2012-06-30": {
        "Diluted EPS": -0.06,
        "Total Revenue": 81,
        "Gross Profit": 24,
        "Operating Income": -1,
        "EBIT": 3,
        "Net Income": -2
    },
    "2012-03-31": {
        "Diluted EPS": -0.03,
        "Total Revenue": 87,
        "Gross Profit": 27,
        "Operating Income": 0,
        "EBIT": 4,
        "Net Income": -1
    },
    "2011-12-31": {
        "Diluted EPS": -0.24,
        "Total Revenue": 77,
        "Gross Profit": 24,
        "Operating Income": -9,
        "EBIT": -5,
        "Net Income": -7
    },
    "2011-09-30": {
        "Diluted EPS": -0.17,
        "Total Revenue": 79,
        "Gross Profit": 24,
        "Operating Income": -5,
        "EBIT": -2,
        "Net Income": -5
    },
    "2011-06-30": {
        "Diluted EPS": -0.08,
        "Total Revenue": 84,
        "Gross Profit": 28,
        "Operating Income": -2,
        "EBIT": 2,
        "Net Income": -3
    },
    "2011-03-31": {
        "Diluted EPS": -0.01,
        "Total Revenue": 87,
        "Gross Profit": 30,
        "Operating Income": 0,
        "EBIT": 5,
        "Net Income": 0
    },
    "2010-12-31": {
        "Diluted EPS": -0.09,
        "Total Revenue": 80,
        "Gross Profit": 27,
        "Operating Income": -3,
        "EBIT": 2,
        "Net Income": -3
    },
    "2010-09-30": {
        "Diluted EPS": -0.43,
        "Total Revenue": 72,
        "Gross Profit": 24,
        "Operating Income": -2,
        "EBIT": 2,
        "Net Income": -13
    },
    "2010-06-30": {
        "Diluted EPS": 0.01,
        "Total Revenue": 53,
        "Gross Profit": 18,
        "Operating Income": 1,
        "EBIT": 3,
        "Net Income": 0
    },
    "2010-03-31": {
        "Diluted EPS": 0.05,
        "Total Revenue": 56,
        "Gross Profit": 20,
        "Operating Income": 2,
        "EBIT": 5,
        "Net Income": 2
    },
    "2009-12-31": {
        "Diluted EPS": 0.01,
        "Total Revenue": 46,
        "Gross Profit": 16,
        "Operating Income": 1,
        "EBIT": 3,
        "Net Income": 1
    },
    "2009-09-30": {
        "Diluted EPS": 0.03,
        "Total Revenue": 47,
        "Gross Profit": 17,
        "Operating Income": 1,
        "EBIT": 3,
        "Net Income": 1
    },
    "2009-06-30": {
        "Diluted EPS": 0.02,
        "Total Revenue": 44,
        "Gross Profit": 16,
        "Operating Income": 1,
        "EBIT": 2,
        "Net Income": 1
    },
    "2009-03-31": {
        "Diluted EPS": -0.02,
        "Total Revenue": 40,
        "Gross Profit": 15,
        "Operating Income": 1,
        "EBIT": 2,
        "Net Income": -1
    },
    "2023-09-30": {
        "Tax Effect Of Unusual Items": NaN,
        "Tax Rate For Calcs": NaN,
        "Normalized EBITDA": NaN,
        "Net Income From Continuing Operation Net Minority Interest": NaN,
        "Reconciled Depreciation": NaN,
        "Reconciled Cost Of Revenue": NaN,
        "EBITDA": NaN,
        "EBIT": NaN,
        "Net Interest Income": NaN,
        "Interest Expense": NaN,
        "Normalized Income": NaN,
        "Net Income From Continuing And Discontinued Operation": NaN,
        "Total Expenses": NaN,
        "Total Operating Income As Reported": NaN,
        "Diluted Average Shares": 57179000.0,
        "Basic Average Shares": 57179000.0,
        "Diluted EPS": -0.04,
        "Basic EPS": -0.04,
        "Diluted NI Availto Com Stockholders": NaN,
        "Net Income Common Stockholders": NaN,
        "Net Income": NaN,
        "Net Income Including Noncontrolling Interests": NaN,
        "Net Income Continuous Operations": NaN,
        "Tax Provision": NaN,
        "Pretax Income": NaN,
        "Other Income Expense": NaN,
        "Other Non Operating Income Expenses": NaN,
        "Net Non Operating Interest Income Expense": NaN,
        "Interest Expense Non Operating": NaN,
        "Operating Income": NaN,
        "Operating Expense": NaN,
        "Other Operating Expenses": NaN,
        "Gross Profit": NaN,
        "Cost Of Revenue": NaN,
        "Total Revenue": NaN,
        "Operating Revenue": NaN
    },
    "2023-12-31": {
        "Tax Effect Of Unusual Items": 0.0,
        "Tax Rate For Calcs": 0.039609,
        "Normalized EBITDA": -1884000.0,
        "Net Income From Continuing Operation Net Minority Interest": -6086000.0,
        "Reconciled Depreciation": 4102000.0,
        "Reconciled Cost Of Revenue": 104799000.0,
        "EBITDA": -1884000.0,
        "EBIT": -5986000.0,
        "Net Interest Income": -351000.0,
        "Interest Expense": 351000.0,
        "Normalized Income": -6086000.0,
        "Net Income From Continuing And Discontinued Operation": -6086000.0,
        "Total Expenses": 163151000.0,
        "Total Operating Income As Reported": -6756000.0,
        "Diluted Average Shares": NaN,
        "Basic Average Shares": NaN,
        "Diluted EPS": NaN,
        "Basic EPS": NaN,
        "Diluted NI Availto Com Stockholders": -6086000.0,
        "Net Income Common Stockholders": -6086000.0,
        "Net Income": -6086000.0,
        "Net Income Including Noncontrolling Interests": -6086000.0,
        "Net Income Continuous Operations": -6086000.0,
        "Tax Provision": -251000.0,
        "Pretax Income": -6337000.0,
        "Other Income Expense": 770000.0,
        "Other Non Operating Income Expenses": 770000.0,
        "Net Non Operating Interest Income Expense": -351000.0,
        "Interest Expense Non Operating": 351000.0,
        "Operating Income": -6756000.0,
        "Operating Expense": 58352000.0,
        "Other Operating Expenses": 58352000.0,
        "Gross Profit": 51596000.0,
        "Cost Of Revenue": 104799000.0,
        "Total Revenue": 156395000.0,
        "Operating Revenue": 156395000.0
    },
    "2024-03-31": {
        "Tax Effect Of Unusual Items": 0.0,
        "Tax Rate For Calcs": 0.21,
        "Normalized EBITDA": -2047000.0,
        "Net Income From Continuing Operation Net Minority Interest": -6478000.0,
        "Reconciled Depreciation": 4033000.0,
        "Reconciled Cost Of Revenue": 112370000.0,
        "EBITDA": -2047000.0,
        "EBIT": -6080000.0,
        "Net Interest Income": -300000.0,
        "Interest Expense": 300000.0,
        "Normalized Income": -6478000.0,
        "Net Income From Continuing And Discontinued Operation": -6478000.0,
        "Total Expenses": 172806000.0,
        "Total Operating Income As Reported": -6517000.0,
        "Diluted Average Shares": 56503000.0,
        "Basic Average Shares": 56503000.0,
        "Diluted EPS": -0.11,
        "Basic EPS": -0.11,
        "Diluted NI Availto Com Stockholders": -6478000.0,
        "Net Income Common Stockholders": -6478000.0,
        "Net Income": -6478000.0,
        "Net Income Including Noncontrolling Interests": -6478000.0,
        "Net Income Continuous Operations": -6478000.0,
        "Tax Provision": 98000.0,
        "Pretax Income": -6380000.0,
        "Other Income Expense": 437000.0,
        "Other Non Operating Income Expenses": 437000.0,
        "Net Non Operating Interest Income Expense": -300000.0,
        "Interest Expense Non Operating": 300000.0,
        "Operating Income": -6517000.0,
        "Operating Expense": 60436000.0,
        "Other Operating Expenses": 60436000.0,
        "Gross Profit": 53919000.0,
        "Cost Of Revenue": 112370000.0,
        "Total Revenue": 166289000.0,
        "Operating Revenue": 166289000.0
    },
    "2024-06-30": {
        "Tax Effect Of Unusual Items": 0.0,
        "Tax Rate For Calcs": 0.21,
        "Normalized EBITDA": -3906000.0,
        "Net Income From Continuing Operation Net Minority Interest": -8687000.0,
        "Reconciled Depreciation": 4468000.0,
        "Reconciled Cost Of Revenue": 95877000.0,
        "EBITDA": -3906000.0,
        "EBIT": -8374000.0,
        "Net Interest Income": -286000.0,
        "Interest Expense": 286000.0,
        "Normalized Income": -8687000.0,
        "Net Income From Continuing And Discontinued Operation": -8687000.0,
        "Total Expenses": 152998000.0,
        "Total Operating Income As Reported": -8728000.0,
        "Diluted Average Shares": 56851000.0,
        "Basic Average Shares": 56851000.0,
        "Diluted EPS": -0.15,
        "Basic EPS": -0.15,
        "Diluted NI Availto Com Stockholders": -8687000.0,
        "Net Income Common Stockholders": -8687000.0,
        "Net Income": -8687000.0,
        "Net Income Including Noncontrolling Interests": -8687000.0,
        "Net Income Continuous Operations": -8687000.0,
        "Tax Provision": 27000.0,
        "Pretax Income": -8660000.0,
        "Other Income Expense": 354000.0,
        "Other Non Operating Income Expenses": 354000.0,
        "Net Non Operating Interest Income Expense": -286000.0,
        "Interest Expense Non Operating": 286000.0,
        "Operating Income": -8728000.0,
        "Operating Expense": 57121000.0,
        "Other Operating Expenses": 57121000.0,
        "Gross Profit": 48393000.0,
        "Cost Of Revenue": 95877000.0,
        "Total Revenue": 144270000.0,
        "Operating Revenue": 144270000.0
    },
    "2024-09-30": {
        "Tax Effect Of Unusual Items": 0.0,
        "Tax Rate For Calcs": 0.21,
        "Normalized EBITDA": -4605000.0,
        "Net Income From Continuing Operation Net Minority Interest": -10018000.0,
        "Reconciled Depreciation": 4968000.0,
        "Reconciled Cost Of Revenue": 93769000.0,
        "EBITDA": -4605000.0,
        "EBIT": -9573000.0,
        "Net Interest Income": -310000.0,
        "Interest Expense": 310000.0,
        "Normalized Income": -10018000.0,
        "Net Income From Continuing And Discontinued Operation": -10018000.0,
        "Total Expenses": 154669000.0,
        "Total Operating Income As Reported": -9918000.0,
        "Diluted Average Shares": 57334000.0,
        "Basic Average Shares": 57334000.0,
        "Diluted EPS": -0.17,
        "Basic EPS": -0.17,
        "Diluted NI Availto Com Stockholders": -10018000.0,
        "Net Income Common Stockholders": -10018000.0,
        "Net Income": -10018000.0,
        "Net Income Including Noncontrolling Interests": -10018000.0,
        "Net Income Continuous Operations": -10018000.0,
        "Tax Provision": 135000.0,
        "Pretax Income": -9883000.0,
        "Other Income Expense": 345000.0,
        "Other Non Operating Income Expenses": 345000.0,
        "Net Non Operating Interest Income Expense": -310000.0,
        "Interest Expense Non Operating": 310000.0,
        "Operating Income": -9918000.0,
        "Operating Expense": 60900000.0,
        "Other Operating Expenses": 60900000.0,
        "Gross Profit": 50982000.0,
        "Cost Of Revenue": 93769000.0,
        "Total Revenue": 144751000.0,
        "Operating Revenue": 144751000.0
    },
    "2024-12-31": {
        "Tax Effect Of Unusual Items": 0.0,
        "Tax Rate For Calcs": 0.21,
        "Normalized EBITDA": -9515000.0,
        "Net Income From Continuing Operation Net Minority Interest": -15418000.0,
        "Reconciled Depreciation": 5627000.0,
        "Reconciled Cost Of Revenue": 90091000.0,
        "EBITDA": -9515000.0,
        "EBIT": -15142000.0,
        "Net Interest Income": -269000.0,
        "Interest Expense": 269000.0,
        "Normalized Income": -15418000.0,
        "Net Income From Continuing And Discontinued Operation": -15418000.0,
        "Total Expenses": 149008000.0,
        "Total Operating Income As Reported": -15472000.0,
        "Diluted Average Shares": NaN,
        "Basic Average Shares": NaN,
        "Diluted EPS": NaN,
        "Basic EPS": NaN,
        "Diluted NI Availto Com Stockholders": -15418000.0,
        "Net Income Common Stockholders": -15418000.0,
        "Net Income": -15418000.0,
        "Net Income Including Noncontrolling Interests": -15418000.0,
        "Net Income Continuous Operations": -15418000.0,
        "Tax Provision": 7000.0,
        "Pretax Income": -15411000.0,
        "Other Income Expense": 330000.0,
        "Other Non Operating Income Expenses": 330000.0,
        "Net Non Operating Interest Income Expense": -269000.0,
        "Interest Expense Non Operating": 269000.0,
        "Operating Income": -15472000.0,
        "Operating Expense": 58917000.0,
        "Other Operating Expenses": 58917000.0,
        "Gross Profit": 43445000.0,
        "Cost Of Revenue": 90091000.0,
        "Total Revenue": 133536000.0,
        "Operating Revenue": 133536000.0
    },
    "2025-03-31": {
        "Tax Effect Of Unusual Items": 0.0,
        "Tax Rate For Calcs": 0.21,
        "Normalized EBITDA": -9391000.0,
        "Net Income From Continuing Operation Net Minority Interest": -15283000.0,
        "Reconciled Depreciation": 5495000.0,
        "Reconciled Cost Of Revenue": 100031000.0,
        "EBITDA": -9391000.0,
        "EBIT": -14886000.0,
        "Net Interest Income": -257000.0,
        "Interest Expense": 257000.0,
        "Normalized Income": -15283000.0,
        "Net Income From Continuing And Discontinued Operation": -15283000.0,
        "Total Expenses": 162524000.0,
        "Total Operating Income As Reported": -15146000.0,
        "Diluted Average Shares": 57343000.0,
        "Basic Average Shares": 57343000.0,
        "Diluted EPS": -0.27,
        "Basic EPS": -0.27,
        "Diluted NI Availto Com Stockholders": -15283000.0,
        "Net Income Common Stockholders": -15283000.0,
        "Net Income": -15283000.0,
        "Net Income Including Noncontrolling Interests": -15283000.0,
        "Net Income Continuous Operations": -15283000.0,
        "Tax Provision": 140000.0,
        "Pretax Income": -15143000.0,
        "Other Income Expense": 260000.0,
        "Other Non Operating Income Expenses": 260000.0,
        "Net Non Operating Interest Income Expense": -257000.0,
        "Interest Expense Non Operating": 257000.0,
        "Operating Income": -15146000.0,
        "Operating Expense": 62493000.0,
        "Other Operating Expenses": 62493000.0,
        "Gross Profit": 47347000.0,
        "Cost Of Revenue": 100031000.0,
        "Total Revenue": 147378000.0,
        "Operating Revenue": 147378000.0
    }
}