{
    "2023-03-31": {
        "Tax Effect Of Unusual Items": NaN,
        "Tax Rate For Calcs": NaN,
        "Normalized EBITDA": NaN,
        "Total Unusual Items": NaN,
        "Total Unusual Items Excluding Goodwill": NaN,
        "Net Income From Continuing Operation Net Minority Interest": NaN,
        "Reconciled Depreciation": NaN,
        "Reconciled Cost Of Revenue": NaN,
        "EBITDA": NaN,
        "EBIT": NaN,
        "Net Interest Income": NaN,
        "Interest Expense": NaN,
        "Normalized Income": NaN,
        "Net Income From Continuing And Discontinued Operation": NaN,
        "Total Expenses": NaN,
        "Total Operating Income As Reported": NaN,
        "Diluted Average Shares": NaN,
        "Basic Average Shares": NaN,
        "Diluted EPS": NaN,
        "Basic EPS": NaN,
        "Diluted NI Availto Com Stockholders": NaN,
        "Net Income Common Stockholders": NaN,
        "Net Income": NaN,
        "Minority Interests": 0.0,
        "Net Income Including Noncontrolling Interests": NaN,
        "Net Income Continuous Operations": NaN,
        "Tax Provision": NaN,
        "Pretax Income": NaN,
        "Other Income Expense": NaN,
        "Other Non Operating Income Expenses": NaN,
        "Special Income Charges": NaN,
        "Gain On Sale Of Business": NaN,
        "Other Special Charges": -4340000.0,
        "Impairment Of Capital Assets": NaN,
        "Restructuring And Mergern Acquisition": NaN,
        "Gain On Sale Of Security": -5987000.0,
        "Net Non Operating Interest Income Expense": NaN,
        "Interest Expense Non Operating": NaN,
        "Operating Income": NaN,
        "Operating Expense": NaN,
        "Depreciation Amortization Depletion Income Statement": NaN,
        "Depreciation And Amortization In Income Statement": NaN,
        "Selling General And Administration": NaN,
        "Gross Profit": NaN,
        "Cost Of Revenue": NaN,
        "Total Revenue": NaN,
        "Operating Revenue": NaN
    },
    "2022-12-31": {
        "Tax Effect Of Unusual Items": NaN,
        "Tax Rate For Calcs": NaN,
        "Normalized EBITDA": NaN,
        "Total Unusual Items": NaN,
        "Total Unusual Items Excluding Goodwill": NaN,
        "Net Income From Continuing Operation Net Minority Interest": NaN,
        "Reconciled Depreciation": NaN,
        "Reconciled Cost Of Revenue": NaN,
        "EBITDA": NaN,
        "EBIT": NaN,
        "Net Interest Income": NaN,
        "Interest Expense": NaN,
        "Normalized Income": NaN,
        "Net Income From Continuing And Discontinued Operation": NaN,
        "Total Expenses": NaN,
        "Total Operating Income As Reported": NaN,
        "Diluted Average Shares": NaN,
        "Basic Average Shares": NaN,
        "Diluted EPS": NaN,
        "Basic EPS": NaN,
        "Diluted NI Availto Com Stockholders": NaN,
        "Net Income Common Stockholders": NaN,
        "Net Income": NaN,
        "Minority Interests": 0.0,
        "Net Income Including Noncontrolling Interests": NaN,
        "Net Income Continuous Operations": NaN,
        "Tax Provision": NaN,
        "Pretax Income": NaN,
        "Other Income Expense": NaN,
        "Other Non Operating Income Expenses": NaN,
        "Special Income Charges": NaN,
        "Gain On Sale Of Business": NaN,
        "Other Special Charges": -1782000.0,
        "Impairment Of Capital Assets": NaN,
        "Restructuring And Mergern Acquisition": NaN,
        "Gain On Sale Of Security": -14850000.0,
        "Net Non Operating Interest Income Expense": NaN,
        "Interest Expense Non Operating": NaN,
        "Operating Income": NaN,
        "Operating Expense": NaN,
        "Depreciation Amortization Depletion Income Statement": NaN,
        "Depreciation And Amortization In Income Statement": NaN,
        "Selling General And Administration": NaN,
        "Gross Profit": NaN,
        "Cost Of Revenue": NaN,
        "Total Revenue": NaN,
        "Operating Revenue": NaN
    },
    "2022-09-30": {
        "Tax Effect Of Unusual Items": 12881600.0,
        "Tax Rate For Calcs": 0.4,
        "Normalized EBITDA": 76776000.0,
        "Total Unusual Items": 32204000.0,
        "Total Unusual Items Excluding Goodwill": 32204000.0,
        "Net Income From Continuing Operation Net Minority Interest": 978000.0,
        "Reconciled Depreciation": 66088000.0,
        "Reconciled Cost Of Revenue": 151810000.0,
        "EBITDA": 108980000.0,
        "EBIT": 42892000.0,
        "Net Interest Income": -34631000.0,
        "Interest Expense": 34631000.0,
        "Normalized Income": -18344400.0,
        "Net Income From Continuing And Discontinued Operation": 978000.0,
        "Total Expenses": 350148000.0,
        "Total Operating Income As Reported": 4662000.0,
        "Diluted Average Shares": 60700000.0,
        "Basic Average Shares": 60600000.0,
        "Diluted EPS": 0.02,
        "Basic EPS": 0.02,
        "Diluted NI Availto Com Stockholders": 978000.0,
        "Net Income Common Stockholders": 978000.0,
        "Net Income": 978000.0,
        "Minority Interests": 0.0,
        "Net Income Including Noncontrolling Interests": 978000.0,
        "Net Income Continuous Operations": 978000.0,
        "Tax Provision": 7283000.0,
        "Pretax Income": 8261000.0,
        "Other Income Expense": 27052000.0,
        "Other Non Operating Income Expenses": -5152000.0,
        "Special Income Charges": -4271000.0,
        "Gain On Sale Of Business": -699000.0,
        "Other Special Charges": -6760000.0,
        "Impairment Of Capital Assets": 4036000.0,
        "Restructuring And Mergern Acquisition": 6296000.0,
        "Gain On Sale Of Security": 36475000.0,
        "Net Non Operating Interest Income Expense": -34631000.0,
        "Interest Expense Non Operating": 34631000.0,
        "Operating Income": 15840000.0,
        "Operating Expense": 198338000.0,
        "Depreciation Amortization Depletion Income Statement": 66088000.0,
        "Depreciation And Amortization In Income Statement": 66088000.0,
        "Selling General And Administration": 132250000.0,
        "Gross Profit": 214178000.0,
        "Cost Of Revenue": 151810000.0,
        "Total Revenue": 365988000.0,
        "Operating Revenue": 365988000.0
    },
    "2022-06-30": {
        "Tax Effect Of Unusual Items": -16295953.461651,
        "Tax Rate For Calcs": 0.024606,
        "Normalized EBITDA": 84923000.0,
        "Total Unusual Items": -662269000.0,
        "Total Unusual Items Excluding Goodwill": -662269000.0,
        "Net Income From Continuing Operation Net Minority Interest": -658739000.0,
        "Reconciled Depreciation": 69585000.0,
        "Reconciled Cost Of Revenue": 158987000.0,
        "EBITDA": -577346000.0,
        "EBIT": -646931000.0,
        "Net Interest Income": -28426000.0,
        "Interest Expense": 28426000.0,
        "Normalized Income": -12765953.461651,
        "Net Income From Continuing And Discontinued Operation": -658739000.0,
        "Total Expenses": 363281000.0,
        "Total Operating Income As Reported": -703086000.0,
        "Diluted Average Shares": 60488339.0,
        "Basic Average Shares": 60488339.0,
        "Diluted EPS": -10.89,
        "Basic EPS": -10.89,
        "Diluted NI Availto Com Stockholders": -658739000.0,
        "Net Income Common Stockholders": -658739000.0,
        "Net Income": -658739000.0,
        "Minority Interests": 0.0,
        "Net Income Including Noncontrolling Interests": -658739000.0,
        "Net Income Continuous Operations": -658739000.0,
        "Tax Provision": -16618000.0,
        "Pretax Income": -675357000.0,
        "Other Income Expense": -662563000.0,
        "Other Non Operating Income Expenses": -294000.0,
        "Special Income Charges": -719786000.0,
        "Gain On Sale Of Business": -660000.0,
        "Other Special Charges": NaN,
        "Impairment Of Capital Assets": 676456000.0,
        "Restructuring And Mergern Acquisition": 42670000.0,
        "Gain On Sale Of Security": 57517000.0,
        "Net Non Operating Interest Income Expense": -28426000.0,
        "Interest Expense Non Operating": 28426000.0,
        "Operating Income": 15632000.0,
        "Operating Expense": 204294000.0,
        "Depreciation Amortization Depletion Income Statement": 69585000.0,
        "Depreciation And Amortization In Income Statement": 69585000.0,
        "Selling General And Administration": 134709000.0,
        "Gross Profit": 219926000.0,
        "Cost Of Revenue": 158987000.0,
        "Total Revenue": 378913000.0,
        "Operating Revenue": 378913000.0
    },
    "2022-03-31": {
        "Diluted EPS": -19.41,
        "Total Revenue": 368,
        "Gross Profit": 221,
        "Operating Income": NaN,
        "EBIT": NaN,
        "Net Income": NaN
    },
    "2021-12-31": {
        "Diluted EPS": 1.04,
        "Total Revenue": 372,
        "Gross Profit": 224,
        "Operating Income": 29,
        "EBIT": 93,
        "Net Income": 90
    },
    "2021-09-30": {
        "Diluted EPS": -2.4,
        "Total Revenue": 354,
        "Gross Profit": 209,
        "Operating Income": -301,
        "EBIT": -239,
        "Net Income": -147
    },
    "2021-06-30": {
        "Diluted EPS": -0.48,
        "Total Revenue": 384,
        "Gross Profit": 229,
        "Operating Income": 40,
        "EBIT": 110,
        "Net Income": 7
    },
    "2021-03-31": {
        "Diluted EPS": 0.0,
        "Total Revenue": 377,
        "Gross Profit": 226,
        "Operating Income": -37,
        "EBIT": 29,
        "Net Income": -61
    },
    "2020-12-31": {
        "Diluted EPS": 3.0,
        "Total Revenue": 370,
        "Gross Profit": 226,
        "Operating Income": 6,
        "EBIT": 71,
        "Net Income": -22
    },
    "2020-09-30": {
        "Diluted EPS": -3.6,
        "Total Revenue": 356,
        "Gross Profit": 220,
        "Operating Income": -4,
        "EBIT": 62,
        "Net Income": -38
    },
    "2020-06-30": {
        "Diluted EPS": -1.56,
        "Total Revenue": 341,
        "Gross Profit": 215,
        "Operating Income": 33,
        "EBIT": 101,
        "Net Income": -16
    },
    "2020-03-31": {
        "Diluted EPS": 0.0,
        "Total Revenue": 360,
        "Gross Profit": 230,
        "Operating Income": -16,
        "EBIT": 54,
        "Net Income": -51
    },
    "2019-12-31": {
        "Diluted EPS": 0.0,
        "Total Revenue": NaN,
        "Gross Profit": NaN,
        "Operating Income": NaN,
        "EBIT": NaN,
        "Net Income": NaN
    },
    "2019-06-30": {
        "Diluted EPS": 0.0,
        "Total Revenue": NaN,
        "Gross Profit": NaN,
        "Operating Income": 0,
        "EBIT": 0,
        "Net Income": 0
    },
    "2018-12-31": {
        "Diluted EPS": 0.0,
        "Total Revenue": NaN,
        "Gross Profit": NaN,
        "Operating Income": NaN,
        "EBIT": NaN,
        "Net Income": NaN
    },
    "2023-06-30": {
        "Tax Effect Of Unusual Items": NaN,
        "Tax Rate For Calcs": NaN,
        "Normalized EBITDA": NaN,
        "Total Unusual Items": NaN,
        "Total Unusual Items Excluding Goodwill": NaN,
        "Net Income From Continuing Operation Net Minority Interest": NaN,
        "Reconciled Depreciation": NaN,
        "Reconciled Cost Of Revenue": NaN,
        "EBITDA": NaN,
        "EBIT": NaN,
        "Net Interest Income": NaN,
        "Interest Expense": NaN,
        "Normalized Income": NaN,
        "Net Income From Continuing And Discontinued Operation": NaN,
        "Total Expenses": NaN,
        "Total Operating Income As Reported": NaN,
        "Diluted Average Shares": NaN,
        "Basic Average Shares": NaN,
        "Diluted EPS": NaN,
        "Basic EPS": NaN,
        "Diluted NI Availto Com Stockholders": NaN,
        "Net Income Common Stockholders": NaN,
        "Net Income": NaN,
        "Minority Interests": 0.0,
        "Net Income Including Noncontrolling Interests": NaN,
        "Net Income Continuous Operations": NaN,
        "Tax Provision": NaN,
        "Pretax Income": NaN,
        "Other Income Expense": NaN,
        "Other Non Operating Income Expenses": NaN,
        "Special Income Charges": NaN,
        "Gain On Sale Of Business": NaN,
        "Other Special Charges": -3612000.0,
        "Impairment Of Capital Assets": NaN,
        "Restructuring And Mergern Acquisition": NaN,
        "Gain On Sale Of Security": 1214000.0,
        "Net Non Operating Interest Income Expense": NaN,
        "Interest Expense Non Operating": NaN,
        "Operating Income": NaN,
        "Operating Expense": NaN,
        "Depreciation Amortization Depletion Income Statement": NaN,
        "Depreciation And Amortization In Income Statement": NaN,
        "Selling General And Administration": NaN,
        "Gross Profit": NaN,
        "Cost Of Revenue": NaN,
        "Total Revenue": NaN,
        "Operating Revenue": NaN
    },
    "2023-09-30": {
        "Tax Effect Of Unusual Items": NaN,
        "Tax Rate For Calcs": NaN,
        "Normalized EBITDA": NaN,
        "Total Unusual Items": NaN,
        "Total Unusual Items Excluding Goodwill": NaN,
        "Net Income From Continuing Operation Net Minority Interest": NaN,
        "Reconciled Depreciation": NaN,
        "Reconciled Cost Of Revenue": NaN,
        "EBITDA": NaN,
        "EBIT": NaN,
        "Net Interest Income": NaN,
        "Interest Expense": NaN,
        "Normalized Income": NaN,
        "Net Income From Continuing And Discontinued Operation": NaN,
        "Total Expenses": NaN,
        "Total Operating Income As Reported": NaN,
        "Diluted Average Shares": NaN,
        "Basic Average Shares": NaN,
        "Diluted EPS": NaN,
        "Basic EPS": NaN,
        "Diluted NI Availto Com Stockholders": NaN,
        "Net Income Common Stockholders": NaN,
        "Net Income": NaN,
        "Minority Interests": 0.0,
        "Net Income Including Noncontrolling Interests": NaN,
        "Net Income Continuous Operations": NaN,
        "Tax Provision": NaN,
        "Pretax Income": NaN,
        "Other Income Expense": NaN,
        "Other Non Operating Income Expenses": NaN,
        "Special Income Charges": NaN,
        "Gain On Sale Of Business": NaN,
        "Other Special Charges": -1680000.0,
        "Impairment Of Capital Assets": NaN,
        "Restructuring And Mergern Acquisition": NaN,
        "Gain On Sale Of Security": NaN,
        "Net Non Operating Interest Income Expense": NaN,
        "Interest Expense Non Operating": NaN,
        "Operating Income": NaN,
        "Operating Expense": NaN,
        "Depreciation Amortization Depletion Income Statement": NaN,
        "Depreciation And Amortization In Income Statement": NaN,
        "Selling General And Administration": NaN,
        "Gross Profit": NaN,
        "Cost Of Revenue": NaN,
        "Total Revenue": NaN,
        "Operating Revenue": NaN
    },
    "2023-12-31": {
        "Tax Effect Of Unusual Items": NaN,
        "Tax Rate For Calcs": NaN,
        "Normalized EBITDA": NaN,
        "Total Unusual Items": NaN,
        "Total Unusual Items Excluding Goodwill": NaN,
        "Net Income From Continuing Operation Net Minority Interest": NaN,
        "Reconciled Depreciation": NaN,
        "Reconciled Cost Of Revenue": NaN,
        "EBITDA": NaN,
        "EBIT": NaN,
        "Net Interest Income": NaN,
        "Interest Expense": NaN,
        "Normalized Income": NaN,
        "Net Income From Continuing And Discontinued Operation": NaN,
        "Total Expenses": NaN,
        "Total Operating Income As Reported": NaN,
        "Diluted Average Shares": NaN,
        "Basic Average Shares": NaN,
        "Diluted EPS": NaN,
        "Basic EPS": NaN,
        "Diluted NI Availto Com Stockholders": NaN,
        "Net Income Common Stockholders": NaN,
        "Net Income": NaN,
        "Minority Interests": 0.0,
        "Net Income Including Noncontrolling Interests": NaN,
        "Net Income Continuous Operations": NaN,
        "Tax Provision": NaN,
        "Pretax Income": NaN,
        "Other Income Expense": NaN,
        "Other Non Operating Income Expenses": NaN,
        "Special Income Charges": NaN,
        "Gain On Sale Of Business": NaN,
        "Other Special Charges": -1126000.0,
        "Impairment Of Capital Assets": NaN,
        "Restructuring And Mergern Acquisition": NaN,
        "Gain On Sale Of Security": NaN,
        "Net Non Operating Interest Income Expense": NaN,
        "Interest Expense Non Operating": NaN,
        "Operating Income": NaN,
        "Operating Expense": NaN,
        "Depreciation Amortization Depletion Income Statement": NaN,
        "Depreciation And Amortization In Income Statement": NaN,
        "Selling General And Administration": NaN,
        "Gross Profit": NaN,
        "Cost Of Revenue": NaN,
        "Total Revenue": NaN,
        "Operating Revenue": NaN
    },
    "2024-03-31": {
        "Tax Effect Of Unusual Items": NaN,
        "Tax Rate For Calcs": NaN,
        "Normalized EBITDA": NaN,
        "Total Unusual Items": NaN,
        "Total Unusual Items Excluding Goodwill": NaN,
        "Net Income From Continuing Operation Net Minority Interest": NaN,
        "Reconciled Depreciation": NaN,
        "Reconciled Cost Of Revenue": NaN,
        "EBITDA": NaN,
        "EBIT": NaN,
        "Net Interest Income": NaN,
        "Interest Expense": NaN,
        "Normalized Income": NaN,
        "Net Income From Continuing And Discontinued Operation": NaN,
        "Total Expenses": NaN,
        "Total Operating Income As Reported": NaN,
        "Diluted Average Shares": NaN,
        "Basic Average Shares": NaN,
        "Diluted EPS": NaN,
        "Basic EPS": NaN,
        "Diluted NI Availto Com Stockholders": NaN,
        "Net Income Common Stockholders": NaN,
        "Net Income": NaN,
        "Net Income Including Noncontrolling Interests": NaN,
        "Net Income Continuous Operations": NaN,
        "Tax Provision": NaN,
        "Pretax Income": NaN,
        "Other Income Expense": NaN,
        "Other Non Operating Income Expenses": NaN,
        "Special Income Charges": NaN,
        "Gain On Sale Of Business": NaN,
        "Other Special Charges": -576000.0,
        "Impairment Of Capital Assets": NaN,
        "Restructuring And Mergern Acquisition": NaN,
        "Gain On Sale Of Security": NaN,
        "Net Non Operating Interest Income Expense": NaN,
        "Interest Expense Non Operating": NaN,
        "Operating Income": NaN,
        "Operating Expense": NaN,
        "Depreciation Amortization Depletion Income Statement": NaN,
        "Depreciation And Amortization In Income Statement": NaN,
        "Selling General And Administration": NaN,
        "Gross Profit": NaN,
        "Cost Of Revenue": NaN,
        "Total Revenue": NaN,
        "Operating Revenue": NaN
    },
    "2024-06-30": {
        "Tax Effect Of Unusual Items": 517440.0,
        "Tax Rate For Calcs": 0.21,
        "Normalized EBITDA": 107328000.0,
        "Total Unusual Items": 2464000.0,
        "Total Unusual Items Excluding Goodwill": 2464000.0,
        "Net Income From Continuing Operation Net Minority Interest": -1430000.0,
        "Reconciled Depreciation": 68880000.0,
        "Reconciled Cost Of Revenue": 183575000.0,
        "EBITDA": 109792000.0,
        "EBIT": 40912000.0,
        "Net Interest Income": -37135000.0,
        "Interest Expense": 37135000.0,
        "Normalized Income": -3376560.0,
        "Net Income From Continuing And Discontinued Operation": -1430000.0,
        "Total Expenses": 402514000.0,
        "Total Operating Income As Reported": 36515000.0,
        "Diluted Average Shares": 60696289.0,
        "Basic Average Shares": 60696289.0,
        "Diluted EPS": -0.02,
        "Basic EPS": -0.02,
        "Diluted NI Availto Com Stockholders": -1430000.0,
        "Net Income Common Stockholders": -1430000.0,
        "Net Income": -1430000.0,
        "Net Income Including Noncontrolling Interests": -1430000.0,
        "Net Income Continuous Operations": -1430000.0,
        "Tax Provision": 5207000.0,
        "Pretax Income": 3777000.0,
        "Other Income Expense": 3502000.0,
        "Other Non Operating Income Expenses": 1038000.0,
        "Special Income Charges": -1177000.0,
        "Gain On Sale Of Business": -144000.0,
        "Other Special Charges": NaN,
        "Impairment Of Capital Assets": 23000.0,
        "Restructuring And Mergern Acquisition": 1010000.0,
        "Gain On Sale Of Security": 3641000.0,
        "Net Non Operating Interest Income Expense": -37135000.0,
        "Interest Expense Non Operating": 37135000.0,
        "Operating Income": 37410000.0,
        "Operating Expense": 218689000.0,
        "Depreciation Amortization Depletion Income Statement": 68630000.0,
        "Depreciation And Amortization In Income Statement": 68630000.0,
        "Selling General And Administration": 150059000.0,
        "Gross Profit": 256099000.0,
        "Cost Of Revenue": 183825000.0,
        "Total Revenue": 439924000.0,
        "Operating Revenue": 439924000.0
    },
    "2024-09-30": {
        "Tax Effect Of Unusual Items": -2985208.66562,
        "Tax Rate For Calcs": 0.185118,
        "Normalized EBITDA": 106292000.0,
        "Total Unusual Items": -16126000.0,
        "Total Unusual Items Excluding Goodwill": -16126000.0,
        "Net Income From Continuing Operation Net Minority Interest": -12977000.0,
        "Reconciled Depreciation": 70545000.0,
        "Reconciled Cost Of Revenue": 177642000.0,
        "EBITDA": 90166000.0,
        "EBIT": 19621000.0,
        "Net Interest Income": -35546000.0,
        "Interest Expense": 35546000.0,
        "Normalized Income": 163791.33438,
        "Net Income From Continuing And Discontinued Operation": -12977000.0,
        "Total Expenses": 392094000.0,
        "Total Operating Income As Reported": 34363000.0,
        "Diluted Average Shares": 60748810.0,
        "Basic Average Shares": 60748810.0,
        "Diluted EPS": -0.21,
        "Basic EPS": -0.21,
        "Diluted NI Availto Com Stockholders": -12977000.0,
        "Net Income Common Stockholders": -12977000.0,
        "Net Income": -12977000.0,
        "Net Income Including Noncontrolling Interests": -12977000.0,
        "Net Income Continuous Operations": -12977000.0,
        "Tax Provision": -2948000.0,
        "Pretax Income": -15925000.0,
        "Other Income Expense": -15388000.0,
        "Other Non Operating Income Expenses": 738000.0,
        "Special Income Charges": -742000.0,
        "Gain On Sale Of Business": -187000.0,
        "Other Special Charges": -325000.0,
        "Impairment Of Capital Assets": 119000.0,
        "Restructuring And Mergern Acquisition": 436000.0,
        "Gain On Sale Of Security": -15384000.0,
        "Net Non Operating Interest Income Expense": -35546000.0,
        "Interest Expense Non Operating": 35546000.0,
        "Operating Income": 35009000.0,
        "Operating Expense": 213995000.0,
        "Depreciation Amortization Depletion Income Statement": 70088000.0,
        "Depreciation And Amortization In Income Statement": 70088000.0,
        "Selling General And Administration": 143907000.0,
        "Gross Profit": 249004000.0,
        "Cost Of Revenue": 178099000.0,
        "Total Revenue": 427103000.0,
        "Operating Revenue": 427103000.0
    },
    "2024-12-31": {
        "Tax Effect Of Unusual Items": 3179400.0,
        "Tax Rate For Calcs": 0.21,
        "Normalized EBITDA": 100585000.0,
        "Total Unusual Items": 15140000.0,
        "Total Unusual Items Excluding Goodwill": 15140000.0,
        "Net Income From Continuing Operation Net Minority Interest": 33511000.0,
        "Reconciled Depreciation": 66749000.0,
        "Reconciled Cost Of Revenue": 183052000.0,
        "EBITDA": 115725000.0,
        "EBIT": 48976000.0,
        "Net Interest Income": -33159000.0,
        "Interest Expense": 33159000.0,
        "Normalized Income": 21550400.0,
        "Net Income From Continuing And Discontinued Operation": 33511000.0,
        "Total Expenses": 386580000.0,
        "Total Operating Income As Reported": 29511000.0,
        "Diluted Average Shares": 62000000.0,
        "Basic Average Shares": 60500000.0,
        "Diluted EPS": 0.54,
        "Basic EPS": 0.55,
        "Diluted NI Availto Com Stockholders": 33511000.0,
        "Net Income Common Stockholders": 33511000.0,
        "Net Income": 33511000.0,
        "Net Income Including Noncontrolling Interests": 33511000.0,
        "Net Income Continuous Operations": 33511000.0,
        "Tax Provision": -17694000.0,
        "Pretax Income": 15817000.0,
        "Other Income Expense": 15486000.0,
        "Other Non Operating Income Expenses": 346000.0,
        "Special Income Charges": -3816000.0,
        "Gain On Sale Of Business": -293000.0,
        "Other Special Charges": -75000.0,
        "Impairment Of Capital Assets": 28000.0,
        "Restructuring And Mergern Acquisition": 3495000.0,
        "Gain On Sale Of Security": 18956000.0,
        "Net Non Operating Interest Income Expense": -33159000.0,
        "Interest Expense Non Operating": 33159000.0,
        "Operating Income": 33490000.0,
        "Operating Expense": 203115000.0,
        "Depreciation Amortization Depletion Income Statement": 66336000.0,
        "Depreciation And Amortization In Income Statement": 66336000.0,
        "Selling General And Administration": 136779000.0,
        "Gross Profit": 236605000.0,
        "Cost Of Revenue": 183465000.0,
        "Total Revenue": 420070000.0,
        "Operating Revenue": 420070000.0
    },
    "2025-03-31": {
        "Tax Effect Of Unusual Items": -1184832.0,
        "Tax Rate For Calcs": 0.136,
        "Normalized EBITDA": 88519000.0,
        "Total Unusual Items": -8712000.0,
        "Total Unusual Items Excluding Goodwill": -8712000.0,
        "Net Income From Continuing Operation Net Minority Interest": -19472000.0,
        "Reconciled Depreciation": 68665000.0,
        "Reconciled Cost Of Revenue": 173785000.0,
        "EBITDA": 79807000.0,
        "EBIT": 11142000.0,
        "Net Interest Income": -33673000.0,
        "Interest Expense": 33673000.0,
        "Normalized Income": -11944832.0,
        "Net Income From Continuing And Discontinued Operation": -19472000.0,
        "Total Expenses": 382240000.0,
        "Total Operating Income As Reported": 10319000.0,
        "Diluted Average Shares": 59834256.0,
        "Basic Average Shares": 59834256.0,
        "Diluted EPS": -0.33,
        "Basic EPS": -0.33,
        "Diluted NI Availto Com Stockholders": -19472000.0,
        "Net Income Common Stockholders": -19472000.0,
        "Net Income": -19472000.0,
        "Net Income Including Noncontrolling Interests": -19472000.0,
        "Net Income Continuous Operations": -19472000.0,
        "Tax Provision": -3059000.0,
        "Pretax Income": -22531000.0,
        "Other Income Expense": -7618000.0,
        "Other Non Operating Income Expenses": 1094000.0,
        "Special Income Charges": -8441000.0,
        "Gain On Sale Of Business": 626000.0,
        "Other Special Charges": NaN,
        "Impairment Of Capital Assets": 1282000.0,
        "Restructuring And Mergern Acquisition": 7785000.0,
        "Gain On Sale Of Security": -271000.0,
        "Net Non Operating Interest Income Expense": -33673000.0,
        "Interest Expense Non Operating": 33673000.0,
        "Operating Income": 18760000.0,
        "Operating Expense": 208059000.0,
        "Depreciation Amortization Depletion Income Statement": 68269000.0,
        "Depreciation And Amortization In Income Statement": 68269000.0,
        "Selling General And Administration": 139790000.0,
        "Gross Profit": 226819000.0,
        "Cost Of Revenue": 174181000.0,
        "Total Revenue": 401000000.0,
        "Operating Revenue": 401000000.0
    },
    "2025-06-30": {
        "Tax Effect Of Unusual Items": -2634870.0,
        "Tax Rate For Calcs": 0.21,
        "Normalized EBITDA": 94475000.0,
        "Total Unusual Items": -12547000.0,
        "Total Unusual Items Excluding Goodwill": -12547000.0,
        "Net Income From Continuing Operation Net Minority Interest": -50132000.0,
        "Reconciled Depreciation": 68088000.0,
        "Reconciled Cost Of Revenue": 189674000.0,
        "EBITDA": 81928000.0,
        "EBIT": 13840000.0,
        "Net Interest Income": -34549000.0,
        "Interest Expense": 34549000.0,
        "Normalized Income": -40219870.0,
        "Net Income From Continuing And Discontinued Operation": -50132000.0,
        "Total Expenses": 401578000.0,
        "Total Operating Income As Reported": 20554000.0,
        "Diluted Average Shares": 59294514.0,
        "Basic Average Shares": 59294514.0,
        "Diluted EPS": -0.85,
        "Basic EPS": -0.85,
        "Diluted NI Availto Com Stockholders": -50132000.0,
        "Net Income Common Stockholders": -50132000.0,
        "Net Income": -50132000.0,
        "Net Income Including Noncontrolling Interests": -50132000.0,
        "Net Income Continuous Operations": -50132000.0,
        "Tax Provision": 29423000.0,
        "Pretax Income": -20709000.0,
        "Other Income Expense": -12800000.0,
        "Other Non Operating Income Expenses": -253000.0,
        "Special Income Charges": -6270000.0,
        "Gain On Sale Of Business": -176000.0,
        "Other Special Charges": NaN,
        "Impairment Of Capital Assets": 13000.0,
        "Restructuring And Mergern Acquisition": 6081000.0,
        "Gain On Sale Of Security": -6277000.0,
        "Net Non Operating Interest Income Expense": -34549000.0,
        "Interest Expense Non Operating": 34549000.0,
        "Operating Income": 26640000.0,
        "Operating Expense": 211398000.0,
        "Depreciation Amortization Depletion Income Statement": 67582000.0,
        "Depreciation And Amortization In Income Statement": 67582000.0,
        "Selling General And Administration": 143816000.0,
        "Gross Profit": 238038000.0,
        "Cost Of Revenue": 190180000.0,
        "Total Revenue": 428218000.0,
        "Operating Revenue": 428218000.0
    },
    "2025-09-30": {
        "Tax Effect Of Unusual Items": -2816730.0,
        "Tax Rate For Calcs": 0.21,
        "Normalized EBITDA": 121188000.0,
        "Total Unusual Items": -13413000.0,
        "Total Unusual Items Excluding Goodwill": -13413000.0,
        "Net Income From Continuing Operation Net Minority Interest": -87675000.0,
        "Reconciled Depreciation": 69383000.0,
        "Reconciled Cost Of Revenue": 182433000.0,
        "EBITDA": 107775000.0,
        "EBIT": 38392000.0,
        "Net Interest Income": -34141000.0,
        "Interest Expense": 34141000.0,
        "Normalized Income": -77078730.0,
        "Net Income From Continuing And Discontinued Operation": -87675000.0,
        "Total Expenses": 381881000.0,
        "Total Operating Income As Reported": 39000000.0,
        "Diluted Average Shares": 57626623.0,
        "Basic Average Shares": 57626623.0,
        "Diluted EPS": -1.52,
        "Basic EPS": -1.52,
        "Diluted NI Availto Com Stockholders": -87675000.0,
        "Net Income Common Stockholders": -87675000.0,
        "Net Income": -87675000.0,
        "Net Income Including Noncontrolling Interests": -87675000.0,
        "Net Income Continuous Operations": -87675000.0,
        "Tax Provision": 91926000.0,
        "Pretax Income": 4251000.0,
        "Other Income Expense": -13542000.0,
        "Other Non Operating Income Expenses": -129000.0,
        "Special Income Charges": -12262000.0,
        "Gain On Sale Of Business": -196000.0,
        "Other Special Charges": NaN,
        "Impairment Of Capital Assets": 0.0,
        "Restructuring And Mergern Acquisition": 12066000.0,
        "Gain On Sale Of Security": -1151000.0,
        "Net Non Operating Interest Income Expense": -34141000.0,
        "Interest Expense Non Operating": 34141000.0,
        "Operating Income": 51934000.0,
        "Operating Expense": 198836000.0,
        "Depreciation Amortization Depletion Income Statement": 68771000.0,
        "Depreciation And Amortization In Income Statement": 68771000.0,
        "Selling General And Administration": 130065000.0,
        "Gross Profit": 250770000.0,
        "Cost Of Revenue": 183045000.0,
        "Total Revenue": 433815000.0,
        "Operating Revenue": 433815000.0
    }
}