{
    "2023-05-31": {
        "Tax Effect Of Unusual Items": NaN,
        "Tax Rate For Calcs": NaN,
        "Normalized EBITDA": NaN,
        "Total Unusual Items": NaN,
        "Total Unusual Items Excluding Goodwill": NaN,
        "Net Income From Continuing Operation Net Minority Interest": NaN,
        "Reconciled Depreciation": NaN,
        "Reconciled Cost Of Revenue": NaN,
        "EBITDA": NaN,
        "EBIT": NaN,
        "Net Interest Income": NaN,
        "Interest Expense": NaN,
        "Interest Income": NaN,
        "Normalized Income": NaN,
        "Net Income From Continuing And Discontinued Operation": NaN,
        "Total Expenses": NaN,
        "Total Operating Income As Reported": NaN,
        "Diluted Average Shares": 30829000.0,
        "Basic Average Shares": 30800000.0,
        "Diluted EPS": 0.94,
        "Basic EPS": 0.95,
        "Diluted NI Availto Com Stockholders": NaN,
        "Net Income Common Stockholders": NaN,
        "Otherunder Preferred Stock Dividend": NaN,
        "Net Income": NaN,
        "Minority Interests": 0.0,
        "Net Income Including Noncontrolling Interests": NaN,
        "Net Income Continuous Operations": NaN,
        "Earnings From Equity Interest Net Of Tax": NaN,
        "Tax Provision": NaN,
        "Pretax Income": NaN,
        "Other Income Expense": NaN,
        "Other Non Operating Income Expenses": NaN,
        "Special Income Charges": NaN,
        "Gain On Sale Of Ppe": NaN,
        "Other Special Charges": NaN,
        "Restructuring And Mergern Acquisition": 0.0,
        "Net Non Operating Interest Income Expense": NaN,
        "Interest Expense Non Operating": NaN,
        "Interest Income Non Operating": NaN,
        "Operating Income": NaN,
        "Operating Expense": NaN,
        "Selling General And Administration": NaN,
        "General And Administrative Expense": NaN,
        "Other Gand A": NaN,
        "Gross Profit": NaN,
        "Cost Of Revenue": NaN,
        "Total Revenue": NaN,
        "Operating Revenue": NaN
    },
    "2023-02-28": {
        "Tax Effect Of Unusual Items": NaN,
        "Tax Rate For Calcs": NaN,
        "Normalized EBITDA": NaN,
        "Total Unusual Items": NaN,
        "Total Unusual Items Excluding Goodwill": NaN,
        "Net Income From Continuing Operation Net Minority Interest": NaN,
        "Reconciled Depreciation": NaN,
        "Reconciled Cost Of Revenue": NaN,
        "EBITDA": NaN,
        "EBIT": NaN,
        "Net Interest Income": NaN,
        "Interest Expense": NaN,
        "Interest Income": NaN,
        "Normalized Income": NaN,
        "Net Income From Continuing And Discontinued Operation": NaN,
        "Total Expenses": NaN,
        "Total Operating Income As Reported": NaN,
        "Diluted Average Shares": 30760000.0,
        "Basic Average Shares": 30741000.0,
        "Diluted EPS": 1.02,
        "Basic EPS": 1.02,
        "Diluted NI Availto Com Stockholders": NaN,
        "Net Income Common Stockholders": NaN,
        "Otherunder Preferred Stock Dividend": NaN,
        "Net Income": NaN,
        "Minority Interests": 0.0,
        "Net Income Including Noncontrolling Interests": NaN,
        "Net Income Continuous Operations": NaN,
        "Earnings From Equity Interest Net Of Tax": NaN,
        "Tax Provision": NaN,
        "Pretax Income": NaN,
        "Other Income Expense": NaN,
        "Other Non Operating Income Expenses": NaN,
        "Special Income Charges": NaN,
        "Gain On Sale Of Ppe": NaN,
        "Restructuring And Mergern Acquisition": NaN,
        "Net Non Operating Interest Income Expense": NaN,
        "Interest Expense Non Operating": NaN,
        "Interest Income Non Operating": NaN,
        "Operating Income": NaN,
        "Operating Expense": NaN,
        "Selling General And Administration": NaN,
        "General And Administrative Expense": NaN,
        "Other Gand A": NaN,
        "Gross Profit": NaN,
        "Cost Of Revenue": NaN,
        "Total Revenue": NaN,
        "Operating Revenue": NaN
    },
    "2022-11-30": {
        "Tax Effect Of Unusual Items": NaN,
        "Tax Rate For Calcs": NaN,
        "Normalized EBITDA": NaN,
        "Total Unusual Items": NaN,
        "Total Unusual Items Excluding Goodwill": NaN,
        "Net Income From Continuing Operation Net Minority Interest": NaN,
        "Reconciled Depreciation": NaN,
        "Reconciled Cost Of Revenue": NaN,
        "EBITDA": NaN,
        "EBIT": NaN,
        "Net Interest Income": NaN,
        "Interest Expense": NaN,
        "Interest Income": NaN,
        "Normalized Income": NaN,
        "Net Income From Continuing And Discontinued Operation": NaN,
        "Total Expenses": NaN,
        "Total Operating Income As Reported": NaN,
        "Diluted Average Shares": NaN,
        "Basic Average Shares": NaN,
        "Diluted EPS": NaN,
        "Basic EPS": NaN,
        "Diluted NI Availto Com Stockholders": NaN,
        "Net Income Common Stockholders": NaN,
        "Otherunder Preferred Stock Dividend": NaN,
        "Net Income": NaN,
        "Minority Interests": 0.0,
        "Net Income Including Noncontrolling Interests": NaN,
        "Net Income Continuous Operations": NaN,
        "Earnings From Equity Interest Net Of Tax": NaN,
        "Tax Provision": NaN,
        "Pretax Income": NaN,
        "Other Income Expense": NaN,
        "Other Non Operating Income Expenses": NaN,
        "Special Income Charges": NaN,
        "Gain On Sale Of Ppe": NaN,
        "Restructuring And Mergern Acquisition": NaN,
        "Net Non Operating Interest Income Expense": NaN,
        "Interest Expense Non Operating": NaN,
        "Interest Income Non Operating": NaN,
        "Operating Income": NaN,
        "Operating Expense": NaN,
        "Selling General And Administration": NaN,
        "General And Administrative Expense": NaN,
        "Other Gand A": NaN,
        "Gross Profit": NaN,
        "Cost Of Revenue": NaN,
        "Total Revenue": NaN,
        "Operating Revenue": NaN
    },
    "2022-08-31": {
        "Tax Effect Of Unusual Items": NaN,
        "Tax Rate For Calcs": NaN,
        "Normalized EBITDA": NaN,
        "Total Unusual Items": NaN,
        "Total Unusual Items Excluding Goodwill": NaN,
        "Net Income From Continuing Operation Net Minority Interest": NaN,
        "Reconciled Depreciation": NaN,
        "Reconciled Cost Of Revenue": NaN,
        "EBITDA": NaN,
        "EBIT": NaN,
        "Net Interest Income": NaN,
        "Interest Expense": NaN,
        "Interest Income": NaN,
        "Normalized Income": NaN,
        "Net Income From Continuing And Discontinued Operation": NaN,
        "Total Expenses": NaN,
        "Total Operating Income As Reported": NaN,
        "Diluted Average Shares": NaN,
        "Basic Average Shares": NaN,
        "Diluted EPS": NaN,
        "Basic EPS": NaN,
        "Diluted NI Availto Com Stockholders": NaN,
        "Net Income Common Stockholders": NaN,
        "Otherunder Preferred Stock Dividend": NaN,
        "Net Income": NaN,
        "Minority Interests": 0.0,
        "Net Income Including Noncontrolling Interests": NaN,
        "Net Income Continuous Operations": NaN,
        "Earnings From Equity Interest Net Of Tax": NaN,
        "Tax Provision": NaN,
        "Pretax Income": NaN,
        "Other Income Expense": NaN,
        "Other Non Operating Income Expenses": NaN,
        "Special Income Charges": NaN,
        "Gain On Sale Of Ppe": NaN,
        "Restructuring And Mergern Acquisition": NaN,
        "Net Non Operating Interest Income Expense": NaN,
        "Interest Expense Non Operating": NaN,
        "Interest Income Non Operating": NaN,
        "Operating Income": NaN,
        "Operating Expense": NaN,
        "Selling General And Administration": NaN,
        "General And Administrative Expense": NaN,
        "Other Gand A": NaN,
        "Gross Profit": NaN,
        "Cost Of Revenue": NaN,
        "Total Revenue": NaN,
        "Operating Revenue": NaN
    },
    "2022-05-31": {
        "Tax Effect Of Unusual Items": -52909.0,
        "Tax Rate For Calcs": 0.337,
        "Normalized EBITDA": 49526000.0,
        "Total Unusual Items": -157000.0,
        "Total Unusual Items Excluding Goodwill": -157000.0,
        "Net Income From Continuing Operation Net Minority Interest": 19258000.0,
        "Reconciled Depreciation": 17557000.0,
        "Reconciled Cost Of Revenue": 869617000.0,
        "EBIT": 31812000.0,
        "Net Interest Income": -2323000.0,
        "Interest Expense": 2796000.0,
        "Interest Income": 473000.0,
        "Normalized Income": 19362091.0,
        "Net Income From Continuing And Discontinued Operation": 19258000.0,
        "Total Expenses": 996891000.0,
        "Total Operating Income As Reported": 33762000.0,
        "Diluted Average Shares": 30629000.0,
        "Basic Average Shares": 30615000.0,
        "Diluted EPS": 0.62,
        "Basic EPS": 0.62,
        "Diluted NI Availto Com Stockholders": 18946000.0,
        "Net Income Common Stockholders": 18946000.0,
        "Otherunder Preferred Stock Dividend": 312000.0,
        "Net Income": 19258000.0,
        "Minority Interests": 0.0,
        "Net Income Including Noncontrolling Interests": 19258000.0,
        "Net Income Continuous Operations": 19258000.0,
        "Earnings From Equity Interest Net Of Tax": 18000.0,
        "Tax Provision": 9776000.0,
        "Pretax Income": 29016000.0,
        "Other Income Expense": -2580000.0,
        "Other Non Operating Income Expenses": -2423000.0,
        "Special Income Charges": -157000.0,
        "Gain On Sale Of Ppe": -157000.0,
        "Restructuring And Mergern Acquisition": NaN,
        "Net Non Operating Interest Income Expense": -2323000.0,
        "Interest Expense Non Operating": 2796000.0,
        "Interest Income Non Operating": 473000.0,
        "Operating Income": 33919000.0,
        "Operating Expense": 127274000.0,
        "Other Operating Expenses": 306000.0,
        "Selling General And Administration": 127274000.0,
        "General And Administrative Expense": 127274000.0,
        "Other Gand A": 127274000.0,
        "Gross Profit": 161193000.0,
        "Cost Of Revenue": 869617000.0,
        "Total Revenue": 1030810000.0,
        "Operating Revenue": 1027847000.0
    },
    "2022-02-28": {
        "Diluted EPS": 1.03,
        "Total Revenue": NaN,
        "Gross Profit": 177,
        "Operating Income": 48,
        "EBIT": 65,
        "Net Income": 31
    },
    "2021-11-30": {
        "Diluted EPS": 0.98,
        "Total Revenue": 975,
        "Gross Profit": 170,
        "Operating Income": 46,
        "EBIT": 62,
        "Net Income": 30
    },
    "2021-08-31": {
        "Diluted EPS": 0.63,
        "Total Revenue": 910,
        "Gross Profit": 161,
        "Operating Income": 32,
        "EBIT": 49,
        "Net Income": 19
    },
    "2021-05-31": {
        "Diluted EPS": 0.73,
        "Total Revenue": 895,
        "Gross Profit": 159,
        "Operating Income": 36,
        "EBIT": 53,
        "Net Income": 23
    },
    "2021-02-28": {
        "Diluted EPS": 0.92,
        "Total Revenue": 938,
        "Gross Profit": 167,
        "Operating Income": 45,
        "EBIT": 61,
        "Net Income": 28
    },
    "2020-11-30": {
        "Diluted EPS": 0.9,
        "Total Revenue": 877,
        "Gross Profit": 158,
        "Operating Income": 45,
        "EBIT": 60,
        "Net Income": 28
    },
    "2020-08-31": {
        "Diluted EPS": 0.65,
        "Total Revenue": 811,
        "Gross Profit": 140,
        "Operating Income": 29,
        "EBIT": 45,
        "Net Income": 20
    },
    "2020-05-31": {
        "Diluted EPS": 0.41,
        "Total Revenue": 800,
        "Gross Profit": 127,
        "Operating Income": 24,
        "EBIT": 39,
        "Net Income": 13
    },
    "2020-02-29": {
        "Diluted EPS": 0.85,
        "Total Revenue": 907,
        "Gross Profit": 151,
        "Operating Income": 39,
        "EBIT": 54,
        "Net Income": 26
    },
    "2019-11-30": {
        "Diluted EPS": 0.64,
        "Total Revenue": 812,
        "Gross Profit": 137,
        "Operating Income": 31,
        "EBIT": 46,
        "Net Income": 20
    },
    "2019-08-31": {
        "Diluted EPS": 0.67,
        "Total Revenue": 801,
        "Gross Profit": 138,
        "Operating Income": 32,
        "EBIT": 47,
        "Net Income": 21
    },
    "2019-05-31": {
        "Diluted EPS": 0.46,
        "Total Revenue": 789,
        "Gross Profit": 127,
        "Operating Income": 22,
        "EBIT": 35,
        "Net Income": 14
    },
    "2019-02-28": {
        "Diluted EPS": 0.79,
        "Total Revenue": 854,
        "Gross Profit": 138,
        "Operating Income": 37,
        "EBIT": 51,
        "Net Income": 24
    },
    "2018-11-30": {
        "Diluted EPS": 0.48,
        "Total Revenue": 780,
        "Gross Profit": 126,
        "Operating Income": 25,
        "EBIT": 38,
        "Net Income": 15
    },
    "2018-08-31": {
        "Diluted EPS": 0.62,
        "Total Revenue": 778,
        "Gross Profit": 127,
        "Operating Income": 27,
        "EBIT": 41,
        "Net Income": 19
    },
    "2018-05-31": {
        "Diluted EPS": 0.61,
        "Total Revenue": 782,
        "Gross Profit": 130,
        "Operating Income": 28,
        "EBIT": 42,
        "Net Income": 19
    },
    "2018-02-28": {
        "Diluted EPS": 0.47,
        "Total Revenue": 840,
        "Gross Profit": 132,
        "Operating Income": 37,
        "EBIT": 50,
        "Net Income": 14
    },
    "2017-11-30": {
        "Diluted EPS": 0.74,
        "Total Revenue": 767,
        "Gross Profit": 122,
        "Operating Income": 33,
        "EBIT": 45,
        "Net Income": 22
    },
    "2017-08-31": {
        "Diluted EPS": 0.64,
        "Total Revenue": 734,
        "Gross Profit": 118,
        "Operating Income": 31,
        "EBIT": 43,
        "Net Income": 20
    },
    "2017-05-31": {
        "Diluted EPS": 0.62,
        "Total Revenue": 730,
        "Gross Profit": 113,
        "Operating Income": 28,
        "EBIT": 40,
        "Net Income": 19
    },
    "2017-02-28": {
        "Diluted EPS": 0.9,
        "Total Revenue": 793,
        "Gross Profit": 126,
        "Operating Income": 39,
        "EBIT": 51,
        "Net Income": 27
    },
    "2016-11-30": {
        "Diluted EPS": 0.82,
        "Total Revenue": 740,
        "Gross Profit": 121,
        "Operating Income": 38,
        "EBIT": 49,
        "Net Income": 25
    },
    "2016-08-31": {
        "Diluted EPS": 0.74,
        "Total Revenue": 711,
        "Gross Profit": 114,
        "Operating Income": 33,
        "EBIT": 44,
        "Net Income": 22
    },
    "2016-05-31": {
        "Diluted EPS": 0.55,
        "Total Revenue": 704,
        "Gross Profit": 107,
        "Operating Income": 27,
        "EBIT": 38,
        "Net Income": 17
    },
    "2016-02-29": {
        "Diluted EPS": 0.85,
        "Total Revenue": 778,
        "Gross Profit": 120,
        "Operating Income": 39,
        "EBIT": 49,
        "Net Income": 26
    },
    "2015-11-30": {
        "Diluted EPS": 0.78,
        "Total Revenue": 712,
        "Gross Profit": 114,
        "Operating Income": 37,
        "EBIT": 46,
        "Net Income": 24
    },
    "2015-08-31": {
        "Diluted EPS": 0.75,
        "Total Revenue": 699,
        "Gross Profit": 113,
        "Operating Income": 35,
        "EBIT": 44,
        "Net Income": 22
    },
    "2015-05-31": {
        "Diluted EPS": 0.7,
        "Total Revenue": 697,
        "Gross Profit": 109,
        "Operating Income": 34,
        "EBIT": 42,
        "Net Income": 21
    },
    "2015-02-28": {
        "Diluted EPS": 0.82,
        "Total Revenue": 750,
        "Gross Profit": 118,
        "Operating Income": 42,
        "EBIT": 50,
        "Net Income": 25
    },
    "2014-11-30": {
        "Diluted EPS": 0.68,
        "Total Revenue": 656,
        "Gross Profit": 109,
        "Operating Income": 36,
        "EBIT": 44,
        "Net Income": 21
    },
    "2014-08-31": {
        "Diluted EPS": 0.73,
        "Total Revenue": 623,
        "Gross Profit": 103,
        "Operating Income": 34,
        "EBIT": 41,
        "Net Income": 21
    },
    "2014-05-31": {
        "Diluted EPS": 0.7,
        "Total Revenue": 615,
        "Gross Profit": 99,
        "Operating Income": 31,
        "EBIT": 38,
        "Net Income": 21
    },
    "2014-02-28": {
        "Diluted EPS": 0.93,
        "Total Revenue": 674,
        "Gross Profit": 106,
        "Operating Income": 39,
        "EBIT": 47,
        "Net Income": 28
    },
    "2013-11-30": {
        "Diluted EPS": 0.71,
        "Total Revenue": 606,
        "Gross Profit": 96,
        "Operating Income": 32,
        "EBIT": 39,
        "Net Income": 21
    },
    "2013-08-31": {
        "Diluted EPS": 0.69,
        "Total Revenue": 585,
        "Gross Profit": 96,
        "Operating Income": 32,
        "EBIT": 39,
        "Net Income": 20
    },
    "2013-05-31": {
        "Diluted EPS": 0.61,
        "Total Revenue": 572,
        "Gross Profit": 90,
        "Operating Income": 28,
        "EBIT": 35,
        "Net Income": 18
    },
    "2013-02-28": {
        "Diluted EPS": 0.82,
        "Total Revenue": 607,
        "Gross Profit": 97,
        "Operating Income": 36,
        "EBIT": 42,
        "Net Income": 24
    },
    "2012-11-30": {
        "Diluted EPS": 0.66,
        "Total Revenue": 535,
        "Gross Profit": 88,
        "Operating Income": 30,
        "EBIT": 35,
        "Net Income": 20
    },
    "2012-08-31": {
        "Diluted EPS": 0.58,
        "Total Revenue": 514,
        "Gross Profit": 85,
        "Operating Income": 28,
        "EBIT": 34,
        "Net Income": 17
    },
    "2012-05-31": {
        "Diluted EPS": 0.52,
        "Total Revenue": 505,
        "Gross Profit": 82,
        "Operating Income": 25,
        "EBIT": 31,
        "Net Income": 15
    },
    "2012-02-29": {
        "Diluted EPS": 0.67,
        "Total Revenue": 548,
        "Gross Profit": 87,
        "Operating Income": 30,
        "EBIT": 36,
        "Net Income": 20
    },
    "2011-11-30": {
        "Diluted EPS": 0.47,
        "Total Revenue": 477,
        "Gross Profit": 75,
        "Operating Income": 24,
        "EBIT": 30,
        "Net Income": 14
    },
    "2011-08-31": {
        "Diluted EPS": 0.42,
        "Total Revenue": 443,
        "Gross Profit": 69,
        "Operating Income": 18,
        "EBIT": 25,
        "Net Income": 12
    },
    "2011-05-31": {
        "Diluted EPS": 0.55,
        "Total Revenue": 431,
        "Gross Profit": 70,
        "Operating Income": 22,
        "EBIT": 27,
        "Net Income": 16
    },
    "2011-02-28": {
        "Diluted EPS": 0.6,
        "Total Revenue": 450,
        "Gross Profit": 73,
        "Operating Income": 27,
        "EBIT": 31,
        "Net Income": 18
    },
    "2010-11-30": {
        "Diluted EPS": 0.5,
        "Total Revenue": 386,
        "Gross Profit": 67,
        "Operating Income": 22,
        "EBIT": 26,
        "Net Income": 15
    },
    "2010-08-31": {
        "Diluted EPS": 0.44,
        "Total Revenue": 366,
        "Gross Profit": 61,
        "Operating Income": 19,
        "EBIT": 23,
        "Net Income": 13
    },
    "2010-05-31": {
        "Diluted EPS": 0.4,
        "Total Revenue": 349,
        "Gross Profit": 60,
        "Operating Income": 18,
        "EBIT": 22,
        "Net Income": 12
    },
    "2010-02-28": {
        "Diluted EPS": 0.46,
        "Total Revenue": 366,
        "Gross Profit": 60,
        "Operating Income": 20,
        "EBIT": 24,
        "Net Income": 14
    },
    "2009-11-30": {
        "Diluted EPS": 0.35,
        "Total Revenue": 315,
        "Gross Profit": 53,
        "Operating Income": 16,
        "EBIT": 20,
        "Net Income": 10
    },
    "2009-08-31": {
        "Diluted EPS": 0.35,
        "Total Revenue": 305,
        "Gross Profit": 50,
        "Operating Income": 12,
        "EBIT": 16,
        "Net Income": 10
    },
    "2009-05-31": {
        "Diluted EPS": 0.29,
        "Total Revenue": 307,
        "Gross Profit": 50,
        "Operating Income": 13,
        "EBIT": 16,
        "Net Income": 9
    },
    "2009-02-28": {
        "Diluted EPS": 0.43,
        "Total Revenue": 335,
        "Gross Profit": 54,
        "Operating Income": 17,
        "EBIT": 21,
        "Net Income": 13
    },
    "2023-08-31": {
        "Tax Effect Of Unusual Items": NaN,
        "Tax Rate For Calcs": NaN,
        "Normalized EBITDA": NaN,
        "Total Unusual Items": NaN,
        "Total Unusual Items Excluding Goodwill": NaN,
        "Net Income From Continuing Operation Net Minority Interest": NaN,
        "Reconciled Depreciation": NaN,
        "Reconciled Cost Of Revenue": NaN,
        "EBITDA": NaN,
        "EBIT": NaN,
        "Net Interest Income": NaN,
        "Interest Expense": NaN,
        "Interest Income": NaN,
        "Normalized Income": NaN,
        "Net Income From Continuing And Discontinued Operation": NaN,
        "Total Expenses": NaN,
        "Total Operating Income As Reported": NaN,
        "Diluted Average Shares": NaN,
        "Basic Average Shares": NaN,
        "Diluted EPS": NaN,
        "Basic EPS": NaN,
        "Diluted NI Availto Com Stockholders": NaN,
        "Net Income Common Stockholders": NaN,
        "Otherunder Preferred Stock Dividend": NaN,
        "Net Income": NaN,
        "Minority Interests": 0.0,
        "Net Income Including Noncontrolling Interests": NaN,
        "Net Income Continuous Operations": NaN,
        "Earnings From Equity Interest Net Of Tax": NaN,
        "Tax Provision": NaN,
        "Pretax Income": NaN,
        "Other Income Expense": NaN,
        "Other Non Operating Income Expenses": NaN,
        "Special Income Charges": NaN,
        "Gain On Sale Of Ppe": NaN,
        "Other Special Charges": NaN,
        "Restructuring And Mergern Acquisition": 0.0,
        "Net Non Operating Interest Income Expense": NaN,
        "Interest Expense Non Operating": NaN,
        "Interest Income Non Operating": NaN,
        "Operating Income": NaN,
        "Operating Expense": NaN,
        "Selling General And Administration": NaN,
        "General And Administrative Expense": NaN,
        "Other Gand A": NaN,
        "Gross Profit": NaN,
        "Cost Of Revenue": NaN,
        "Total Revenue": NaN,
        "Operating Revenue": NaN
    },
    "2023-11-30": {
        "Tax Effect Of Unusual Items": NaN,
        "Tax Rate For Calcs": NaN,
        "Normalized EBITDA": NaN,
        "Total Unusual Items": NaN,
        "Total Unusual Items Excluding Goodwill": NaN,
        "Net Income From Continuing Operation Net Minority Interest": NaN,
        "Reconciled Depreciation": NaN,
        "Reconciled Cost Of Revenue": NaN,
        "EBITDA": NaN,
        "EBIT": NaN,
        "Net Interest Income": NaN,
        "Interest Expense": NaN,
        "Interest Income": NaN,
        "Normalized Income": NaN,
        "Net Income From Continuing And Discontinued Operation": NaN,
        "Total Expenses": NaN,
        "Total Operating Income As Reported": NaN,
        "Diluted Average Shares": 30269000.0,
        "Basic Average Shares": 30269000.0,
        "Diluted EPS": 1.24,
        "Basic EPS": 1.24,
        "Diluted NI Availto Com Stockholders": NaN,
        "Net Income Common Stockholders": NaN,
        "Otherunder Preferred Stock Dividend": NaN,
        "Net Income": NaN,
        "Net Income Including Noncontrolling Interests": NaN,
        "Net Income Continuous Operations": NaN,
        "Earnings From Equity Interest Net Of Tax": NaN,
        "Tax Provision": NaN,
        "Pretax Income": NaN,
        "Other Income Expense": NaN,
        "Other Non Operating Income Expenses": NaN,
        "Special Income Charges": NaN,
        "Gain On Sale Of Ppe": NaN,
        "Other Special Charges": NaN,
        "Restructuring And Mergern Acquisition": NaN,
        "Net Non Operating Interest Income Expense": NaN,
        "Interest Expense Non Operating": NaN,
        "Interest Income Non Operating": NaN,
        "Operating Income": NaN,
        "Operating Expense": NaN,
        "Selling General And Administration": NaN,
        "General And Administrative Expense": NaN,
        "Other Gand A": NaN,
        "Gross Profit": NaN,
        "Cost Of Revenue": NaN,
        "Total Revenue": NaN,
        "Operating Revenue": NaN
    },
    "2024-02-29": {
        "Tax Effect Of Unusual Items": NaN,
        "Tax Rate For Calcs": NaN,
        "Normalized EBITDA": NaN,
        "Total Unusual Items": NaN,
        "Total Unusual Items Excluding Goodwill": NaN,
        "Net Income From Continuing Operation Net Minority Interest": NaN,
        "Reconciled Depreciation": NaN,
        "Reconciled Cost Of Revenue": NaN,
        "EBITDA": NaN,
        "EBIT": NaN,
        "Net Interest Income": NaN,
        "Interest Expense": NaN,
        "Interest Income": NaN,
        "Normalized Income": NaN,
        "Net Income From Continuing And Discontinued Operation": NaN,
        "Total Expenses": NaN,
        "Total Operating Income As Reported": NaN,
        "Diluted Average Shares": NaN,
        "Basic Average Shares": NaN,
        "Diluted EPS": NaN,
        "Basic EPS": NaN,
        "Diluted NI Availto Com Stockholders": NaN,
        "Net Income Common Stockholders": NaN,
        "Otherunder Preferred Stock Dividend": NaN,
        "Net Income": NaN,
        "Net Income Including Noncontrolling Interests": NaN,
        "Net Income Continuous Operations": NaN,
        "Earnings From Equity Interest Net Of Tax": NaN,
        "Tax Provision": NaN,
        "Pretax Income": NaN,
        "Other Income Expense": NaN,
        "Other Non Operating Income Expenses": NaN,
        "Special Income Charges": NaN,
        "Gain On Sale Of Ppe": NaN,
        "Other Special Charges": NaN,
        "Restructuring And Mergern Acquisition": 0.0,
        "Net Non Operating Interest Income Expense": NaN,
        "Interest Expense Non Operating": NaN,
        "Interest Income Non Operating": NaN,
        "Operating Income": NaN,
        "Operating Expense": NaN,
        "Selling General And Administration": NaN,
        "General And Administrative Expense": NaN,
        "Other Gand A": NaN,
        "Gross Profit": NaN,
        "Cost Of Revenue": NaN,
        "Total Revenue": NaN,
        "Operating Revenue": NaN
    },
    "2024-05-31": {
        "Tax Effect Of Unusual Items": NaN,
        "Tax Rate For Calcs": NaN,
        "Normalized EBITDA": NaN,
        "Total Unusual Items": NaN,
        "Total Unusual Items Excluding Goodwill": NaN,
        "Net Income From Continuing Operation Net Minority Interest": NaN,
        "Reconciled Depreciation": NaN,
        "Reconciled Cost Of Revenue": NaN,
        "EBITDA": NaN,
        "EBIT": NaN,
        "Net Interest Income": NaN,
        "Interest Expense": NaN,
        "Interest Income": NaN,
        "Normalized Income": NaN,
        "Net Income From Continuing And Discontinued Operation": NaN,
        "Total Expenses": NaN,
        "Total Operating Income As Reported": NaN,
        "Diluted Average Shares": NaN,
        "Basic Average Shares": NaN,
        "Diluted EPS": NaN,
        "Basic EPS": NaN,
        "Diluted NI Availto Com Stockholders": NaN,
        "Net Income Common Stockholders": NaN,
        "Otherunder Preferred Stock Dividend": NaN,
        "Net Income": NaN,
        "Net Income Including Noncontrolling Interests": NaN,
        "Net Income Continuous Operations": NaN,
        "Earnings From Equity Interest Net Of Tax": NaN,
        "Tax Provision": NaN,
        "Pretax Income": NaN,
        "Other Income Expense": NaN,
        "Other Non Operating Income Expenses": NaN,
        "Special Income Charges": NaN,
        "Gain On Sale Of Ppe": NaN,
        "Other Special Charges": NaN,
        "Restructuring And Mergern Acquisition": 0.0,
        "Net Non Operating Interest Income Expense": NaN,
        "Interest Expense Non Operating": NaN,
        "Interest Income Non Operating": NaN,
        "Operating Income": NaN,
        "Operating Expense": NaN,
        "Selling General And Administration": NaN,
        "General And Administrative Expense": NaN,
        "Other Gand A": NaN,
        "Gross Profit": NaN,
        "Cost Of Revenue": NaN,
        "Total Revenue": NaN,
        "Operating Revenue": NaN
    },
    "2024-08-31": {
        "Tax Effect Of Unusual Items": NaN,
        "Tax Rate For Calcs": NaN,
        "Normalized EBITDA": NaN,
        "Total Unusual Items": NaN,
        "Total Unusual Items Excluding Goodwill": NaN,
        "Net Income From Continuing Operation Net Minority Interest": NaN,
        "Reconciled Depreciation": NaN,
        "Reconciled Cost Of Revenue": NaN,
        "EBITDA": NaN,
        "EBIT": NaN,
        "Net Interest Income": NaN,
        "Interest Expense": NaN,
        "Interest Income": NaN,
        "Normalized Income": NaN,
        "Net Income From Continuing And Discontinued Operation": NaN,
        "Total Expenses": NaN,
        "Total Operating Income As Reported": NaN,
        "Diluted Average Shares": NaN,
        "Basic Average Shares": NaN,
        "Diluted EPS": NaN,
        "Basic EPS": NaN,
        "Diluted NI Availto Com Stockholders": NaN,
        "Net Income Common Stockholders": NaN,
        "Otherunder Preferred Stock Dividend": NaN,
        "Net Income": NaN,
        "Net Income Including Noncontrolling Interests": NaN,
        "Net Income Continuous Operations": NaN,
        "Earnings From Equity Interest Net Of Tax": NaN,
        "Tax Provision": NaN,
        "Pretax Income": NaN,
        "Other Income Expense": NaN,
        "Other Non Operating Income Expenses": NaN,
        "Special Income Charges": NaN,
        "Gain On Sale Of Ppe": NaN,
        "Other Special Charges": NaN,
        "Restructuring And Mergern Acquisition": 0.0,
        "Net Non Operating Interest Income Expense": NaN,
        "Interest Expense Non Operating": NaN,
        "Interest Income Non Operating": NaN,
        "Operating Income": NaN,
        "Operating Expense": NaN,
        "Selling General And Administration": NaN,
        "General And Administrative Expense": NaN,
        "Other Gand A": NaN,
        "Gross Profit": NaN,
        "Cost Of Revenue": NaN,
        "Total Revenue": NaN,
        "Operating Revenue": NaN
    },
    "2024-11-30": {
        "Tax Effect Of Unusual Items": -99110.0,
        "Tax Rate For Calcs": 0.265,
        "Normalized EBITDA": 74860000.0,
        "Total Unusual Items": -374000.0,
        "Total Unusual Items Excluding Goodwill": -374000.0,
        "Net Income From Continuing Operation Net Minority Interest": 37428000.0,
        "Reconciled Depreciation": 20862000.0,
        "Reconciled Cost Of Revenue": 1038890000.0,
        "EBITDA": 74486000.0,
        "EBIT": 53624000.0,
        "Net Interest Income": -475000.0,
        "Interest Expense": 2695000.0,
        "Interest Income": 2220000.0,
        "Normalized Income": 37702890.0,
        "Net Income From Continuing And Discontinued Operation": 37428000.0,
        "Total Expenses": 1199310000.0,
        "Total Operating Income As Reported": 58260000.0,
        "Diluted Average Shares": 30020000.0,
        "Basic Average Shares": 30019000.0,
        "Diluted EPS": 1.21,
        "Basic EPS": 1.21,
        "Diluted NI Availto Com Stockholders": 36385000.0,
        "Net Income Common Stockholders": 36385000.0,
        "Otherunder Preferred Stock Dividend": 1043000.0,
        "Net Income": 37428000.0,
        "Net Income Including Noncontrolling Interests": 37428000.0,
        "Net Income Continuous Operations": 37428000.0,
        "Earnings From Equity Interest Net Of Tax": -5000.0,
        "Tax Provision": 13496000.0,
        "Pretax Income": 50929000.0,
        "Other Income Expense": -7230000.0,
        "Other Non Operating Income Expenses": -6856000.0,
        "Special Income Charges": -374000.0,
        "Gain On Sale Of Ppe": -352000.0,
        "Other Special Charges": 22000.0,
        "Restructuring And Mergern Acquisition": NaN,
        "Net Non Operating Interest Income Expense": -475000.0,
        "Interest Expense Non Operating": 2695000.0,
        "Interest Income Non Operating": 2220000.0,
        "Operating Income": 58634000.0,
        "Operating Expense": 160420000.0,
        "Selling General And Administration": 160420000.0,
        "General And Administrative Expense": 160420000.0,
        "Other Gand A": 160420000.0,
        "Gross Profit": 219054000.0,
        "Cost Of Revenue": 1038890000.0,
        "Total Revenue": 1257944000.0,
        "Operating Revenue": 1253676000.0
    },
    "2025-02-28": {
        "Tax Effect Of Unusual Items": -330480.0,
        "Tax Rate For Calcs": 0.272,
        "Normalized EBITDA": 85681000.0,
        "Total Unusual Items": -1215000.0,
        "Total Unusual Items Excluding Goodwill": -1215000.0,
        "Net Income From Continuing Operation Net Minority Interest": 43760000.0,
        "Reconciled Depreciation": 21767000.0,
        "Reconciled Cost Of Revenue": 1130135000.0,
        "EBITDA": 84466000.0,
        "EBIT": 62699000.0,
        "Net Interest Income": 197000.0,
        "Interest Expense": 2538000.0,
        "Interest Income": 2735000.0,
        "Normalized Income": 44644520.0,
        "Net Income From Continuing And Discontinued Operation": 43760000.0,
        "Total Expenses": 1297401000.0,
        "Total Operating Income As Reported": 65270000.0,
        "Diluted Average Shares": 30068000.0,
        "Basic Average Shares": 30063000.0,
        "Diluted EPS": 1.45,
        "Basic EPS": 1.45,
        "Diluted NI Availto Com Stockholders": 43605000.0,
        "Net Income Common Stockholders": 43605000.0,
        "Otherunder Preferred Stock Dividend": 155000.0,
        "Net Income": 43760000.0,
        "Net Income Including Noncontrolling Interests": 43760000.0,
        "Net Income Continuous Operations": 43760000.0,
        "Earnings From Equity Interest Net Of Tax": -17000.0,
        "Tax Provision": 16384000.0,
        "Pretax Income": 60161000.0,
        "Other Income Expense": -6521000.0,
        "Other Non Operating Income Expenses": -5306000.0,
        "Special Income Charges": -1215000.0,
        "Gain On Sale Of Ppe": -922000.0,
        "Other Special Charges": 293000.0,
        "Restructuring And Mergern Acquisition": NaN,
        "Net Non Operating Interest Income Expense": 197000.0,
        "Interest Expense Non Operating": 2538000.0,
        "Interest Income Non Operating": 2735000.0,
        "Operating Income": 66485000.0,
        "Operating Expense": 167266000.0,
        "Selling General And Administration": 167266000.0,
        "General And Administrative Expense": 167266000.0,
        "Other Gand A": 167266000.0,
        "Gross Profit": 233751000.0,
        "Cost Of Revenue": 1130135000.0,
        "Total Revenue": 1363886000.0,
        "Operating Revenue": 1359457000.0
    },
    "2025-05-31": {
        "Tax Effect Of Unusual Items": -172388.0,
        "Tax Rate For Calcs": 0.284,
        "Normalized EBITDA": 75192000.0,
        "Total Unusual Items": -607000.0,
        "Total Unusual Items Excluding Goodwill": -607000.0,
        "Net Income From Continuing Operation Net Minority Interest": 35158000.0,
        "Reconciled Depreciation": 22757000.0,
        "Reconciled Cost Of Revenue": 1087637000.0,
        "EBITDA": 74585000.0,
        "EBIT": 51828000.0,
        "Net Interest Income": -276000.0,
        "Interest Expense": 2762000.0,
        "Interest Income": 2486000.0,
        "Normalized Income": 35592612.0,
        "Net Income From Continuing And Discontinued Operation": 35158000.0,
        "Total Expenses": 1260452000.0,
        "Total Operating Income As Reported": 56230000.0,
        "Diluted Average Shares": 30078000.0,
        "Basic Average Shares": 30070000.0,
        "Diluted EPS": 1.14,
        "Basic EPS": 1.14,
        "Diluted NI Availto Com Stockholders": 34202000.0,
        "Net Income Common Stockholders": 34202000.0,
        "Otherunder Preferred Stock Dividend": 956000.0,
        "Net Income": 35158000.0,
        "Net Income Including Noncontrolling Interests": 35158000.0,
        "Net Income Continuous Operations": 35158000.0,
        "Earnings From Equity Interest Net Of Tax": 9000.0,
        "Tax Provision": 13917000.0,
        "Pretax Income": 49066000.0,
        "Other Income Expense": -7495000.0,
        "Other Non Operating Income Expenses": -6888000.0,
        "Special Income Charges": -607000.0,
        "Gain On Sale Of Ppe": -305000.0,
        "Other Special Charges": 302000.0,
        "Restructuring And Mergern Acquisition": NaN,
        "Net Non Operating Interest Income Expense": -276000.0,
        "Interest Expense Non Operating": 2762000.0,
        "Interest Income Non Operating": 2486000.0,
        "Operating Income": 56837000.0,
        "Operating Expense": 172815000.0,
        "Selling General And Administration": 172815000.0,
        "General And Administrative Expense": 172815000.0,
        "Other Gand A": 172815000.0,
        "Gross Profit": 229652000.0,
        "Cost Of Revenue": 1087637000.0,
        "Total Revenue": 1317289000.0,
        "Operating Revenue": 1312844000.0
    },
    "2025-08-31": {
        "Tax Effect Of Unusual Items": -447075.22334,
        "Tax Rate For Calcs": 0.319796,
        "Normalized EBITDA": 74035000.0,
        "Total Unusual Items": -1398000.0,
        "Total Unusual Items Excluding Goodwill": -1398000.0,
        "Net Income From Continuing Operation Net Minority Interest": 31541000.0,
        "Reconciled Depreciation": 22775000.0,
        "Reconciled Cost Of Revenue": 1099060000.0,
        "EBITDA": 72637000.0,
        "EBIT": 49862000.0,
        "Net Interest Income": -822000.0,
        "Interest Expense": 3520000.0,
        "Interest Income": 2698000.0,
        "Normalized Income": 32491924.77666,
        "Net Income From Continuing And Discontinued Operation": 31541000.0,
        "Total Expenses": 1276827000.0,
        "Total Operating Income As Reported": 52750000.0,
        "Diluted Average Shares": 30087000.0,
        "Basic Average Shares": 30072000.0,
        "Diluted EPS": 1.02,
        "Basic EPS": 1.02,
        "Diluted NI Availto Com Stockholders": 30688000.0,
        "Net Income Common Stockholders": 30688000.0,
        "Otherunder Preferred Stock Dividend": 853000.0,
        "Net Income": 31541000.0,
        "Net Income Including Noncontrolling Interests": 31541000.0,
        "Net Income Continuous Operations": 31541000.0,
        "Earnings From Equity Interest Net Of Tax": 19000.0,
        "Tax Provision": 14820000.0,
        "Pretax Income": 46342000.0,
        "Other Income Expense": -6984000.0,
        "Other Non Operating Income Expenses": -5586000.0,
        "Special Income Charges": -1398000.0,
        "Gain On Sale Of Ppe": -888000.0,
        "Other Special Charges": 510000.0,
        "Restructuring And Mergern Acquisition": NaN,
        "Net Non Operating Interest Income Expense": -822000.0,
        "Interest Expense Non Operating": 3520000.0,
        "Interest Income Non Operating": 2698000.0,
        "Operating Income": 54148000.0,
        "Operating Expense": 177767000.0,
        "Selling General And Administration": 177767000.0,
        "General And Administrative Expense": 177767000.0,
        "Other Gand A": 177767000.0,
        "Gross Profit": 231915000.0,
        "Cost Of Revenue": 1099060000.0,
        "Total Revenue": 1330975000.0,
        "Operating Revenue": 1325951000.0
    },
    "2025-11-30": {
        "Tax Effect Of Unusual Items": -93465.0,
        "Tax Rate For Calcs": 0.279,
        "Normalized EBITDA": 84427000.0,
        "Total Unusual Items": -335000.0,
        "Total Unusual Items Excluding Goodwill": -335000.0,
        "Net Income From Continuing Operation Net Minority Interest": 40166000.0,
        "Reconciled Depreciation": 23977000.0,
        "Reconciled Cost Of Revenue": 1138344000.0,
        "EBITDA": 84092000.0,
        "EBIT": 60115000.0,
        "Net Interest Income": -1471000.0,
        "Interest Expense": 4420000.0,
        "Interest Income": 2949000.0,
        "Normalized Income": 40407535.0,
        "Net Income From Continuing And Discontinued Operation": 40166000.0,
        "Total Expenses": 1319467000.0,
        "Total Operating Income As Reported": 62927000.0,
        "Diluted Average Shares": 30180000.0,
        "Basic Average Shares": 30173000.0,
        "Diluted EPS": 1.29,
        "Basic EPS": 1.29,
        "Diluted NI Availto Com Stockholders": 38939000.0,
        "Net Income Common Stockholders": 38939000.0,
        "Otherunder Preferred Stock Dividend": 1227000.0,
        "Net Income": 40166000.0,
        "Net Income Including Noncontrolling Interests": 40166000.0,
        "Net Income Continuous Operations": 40166000.0,
        "Earnings From Equity Interest Net Of Tax": 0.0,
        "Tax Provision": 15529000.0,
        "Pretax Income": 55695000.0,
        "Other Income Expense": -6096000.0,
        "Other Non Operating Income Expenses": -5761000.0,
        "Special Income Charges": -335000.0,
        "Gain On Sale Of Ppe": -333000.0,
        "Other Special Charges": 2000.0,
        "Restructuring And Mergern Acquisition": NaN,
        "Net Non Operating Interest Income Expense": -1471000.0,
        "Interest Expense Non Operating": 4420000.0,
        "Interest Income Non Operating": 2949000.0,
        "Operating Income": 63262000.0,
        "Operating Expense": 181123000.0,
        "Selling General And Administration": 181123000.0,
        "General And Administrative Expense": 181123000.0,
        "Other Gand A": 181123000.0,
        "Gross Profit": 244385000.0,
        "Cost Of Revenue": 1138344000.0,
        "Total Revenue": 1382729000.0,
        "Operating Revenue": 1377343000.0
    }
}