{
    "2023-03-31": {
        "Tax Effect Of Unusual Items": NaN,
        "Tax Rate For Calcs": NaN,
        "Normalized EBITDA": NaN,
        "Total Unusual Items": 0.0,
        "Total Unusual Items Excluding Goodwill": 0.0,
        "Net Income From Continuing Operation Net Minority Interest": NaN,
        "Reconciled Depreciation": NaN,
        "Reconciled Cost Of Revenue": NaN,
        "EBITDA": NaN,
        "EBIT": NaN,
        "Net Interest Income": NaN,
        "Interest Expense": NaN,
        "Interest Income": NaN,
        "Normalized Income": NaN,
        "Net Income From Continuing And Discontinued Operation": NaN,
        "Total Expenses": NaN,
        "Total Operating Income As Reported": NaN,
        "Diluted Average Shares": NaN,
        "Basic Average Shares": NaN,
        "Diluted EPS": NaN,
        "Basic EPS": NaN,
        "Diluted NI Availto Com Stockholders": NaN,
        "Average Dilution Earnings": NaN,
        "Net Income Common Stockholders": NaN,
        "Net Income": NaN,
        "Minority Interests": NaN,
        "Net Income Including Noncontrolling Interests": NaN,
        "Net Income Continuous Operations": NaN,
        "Tax Provision": NaN,
        "Pretax Income": NaN,
        "Other Income Expense": NaN,
        "Other Non Operating Income Expenses": NaN,
        "Special Income Charges": 0.0,
        "Other Special Charges": NaN,
        "Earnings From Equity Interest": NaN,
        "Net Non Operating Interest Income Expense": NaN,
        "Interest Expense Non Operating": NaN,
        "Interest Income Non Operating": NaN,
        "Operating Income": NaN,
        "Operating Expense": NaN,
        "Selling General And Administration": NaN,
        "Gross Profit": NaN,
        "Cost Of Revenue": NaN,
        "Total Revenue": NaN,
        "Operating Revenue": NaN
    },
    "2022-12-31": {
        "Tax Effect Of Unusual Items": 0.0,
        "Tax Rate For Calcs": 0.248423,
        "Normalized EBITDA": 86593000.0,
        "Net Income From Continuing Operation Net Minority Interest": 28131000.0,
        "Reconciled Depreciation": 29833000.0,
        "Reconciled Cost Of Revenue": 860455000.0,
        "EBITDA": 86593000.0,
        "EBIT": 56760000.0,
        "Net Interest Income": -8051000.0,
        "Interest Expense": 8399000.0,
        "Interest Income": 348000.0,
        "Normalized Income": 28131000.0,
        "Net Income From Continuing And Discontinued Operation": 28131000.0,
        "Total Expenses": 1055889000.0,
        "Total Operating Income As Reported": 53333000.0,
        "Diluted Average Shares": 113953000.0,
        "Basic Average Shares": 103980000.0,
        "Diluted EPS": 0.25,
        "Basic EPS": 0.27,
        "Diluted NI Availto Com Stockholders": 28680000.0,
        "Average Dilution Earnings": 549000.0,
        "Net Income Common Stockholders": 28131000.0,
        "Net Income": 28131000.0,
        "Minority Interests": -8216000.0,
        "Net Income Including Noncontrolling Interests": 36347000.0,
        "Net Income Continuous Operations": 36347000.0,
        "Tax Provision": 12014000.0,
        "Pretax Income": 48361000.0,
        "Other Income Expense": 9189000.0,
        "Other Non Operating Income Expenses": 3079000.0,
        "Earnings From Equity Interest": 6110000.0,
        "Net Non Operating Interest Income Expense": -8051000.0,
        "Interest Expense Non Operating": 8399000.0,
        "Interest Income Non Operating": 348000.0,
        "Operating Income": 47223000.0,
        "Operating Expense": 195434000.0,
        "Selling General And Administration": 195434000.0,
        "Gross Profit": 242657000.0,
        "Cost Of Revenue": 860455000.0,
        "Total Revenue": 1103112000.0,
        "Operating Revenue": 1103112000.0
    },
    "2022-09-30": {
        "Tax Effect Of Unusual Items": 0.0,
        "Tax Rate For Calcs": 0.24,
        "Normalized EBITDA": 93288000.0,
        "Net Income From Continuing Operation Net Minority Interest": 29571000.0,
        "Reconciled Depreciation": 29578000.0,
        "Reconciled Cost Of Revenue": 872423000.0,
        "EBITDA": 93288000.0,
        "EBIT": 63710000.0,
        "Net Interest Income": -5941000.0,
        "Interest Expense": 6323000.0,
        "Interest Income": 382000.0,
        "Normalized Income": 29571000.0,
        "Net Income From Continuing And Discontinued Operation": 29571000.0,
        "Total Expenses": 1069383000.0,
        "Total Operating Income As Reported": 64013000.0,
        "Diluted Average Shares": 113442755.0,
        "Basic Average Shares": 103608135.0,
        "Diluted EPS": 0.27,
        "Basic EPS": 0.29,
        "Diluted NI Availto Com Stockholders": 30116000.0,
        "Average Dilution Earnings": 545000.0,
        "Net Income Common Stockholders": 29571000.0,
        "Net Income": 29571000.0,
        "Minority Interests": -14024000.0,
        "Net Income Including Noncontrolling Interests": 43595000.0,
        "Net Income Continuous Operations": 43595000.0,
        "Tax Provision": 13792000.0,
        "Pretax Income": 57387000.0,
        "Other Income Expense": -1659000.0,
        "Other Non Operating Income Expenses": -685000.0,
        "Earnings From Equity Interest": -974000.0,
        "Net Non Operating Interest Income Expense": -5941000.0,
        "Interest Expense Non Operating": 6323000.0,
        "Interest Income Non Operating": 382000.0,
        "Operating Income": 64987000.0,
        "Operating Expense": 196960000.0,
        "Selling General And Administration": 196960000.0,
        "Gross Profit": 261947000.0,
        "Cost Of Revenue": 872423000.0,
        "Total Revenue": 1134370000.0,
        "Operating Revenue": 1134370000.0
    },
    "2022-06-30": {
        "Tax Effect Of Unusual Items": 0.0,
        "Tax Rate For Calcs": 0.201,
        "Normalized EBITDA": 63618000.0,
        "Net Income From Continuing Operation Net Minority Interest": 18295000.0,
        "Reconciled Depreciation": 30581000.0,
        "Reconciled Cost Of Revenue": 781772000.0,
        "EBITDA": 63618000.0,
        "EBIT": 33037000.0,
        "Net Interest Income": -4354000.0,
        "Interest Expense": 4525000.0,
        "Interest Income": 171000.0,
        "Normalized Income": 18295000.0,
        "Net Income From Continuing And Discontinued Operation": 18295000.0,
        "Total Expenses": 981704000.0,
        "Total Operating Income As Reported": 32630000.0,
        "Diluted Average Shares": 113250101.0,
        "Basic Average Shares": 103675373.0,
        "Diluted EPS": 0.17,
        "Basic EPS": 0.18,
        "Diluted NI Availto Com Stockholders": 18837000.0,
        "Average Dilution Earnings": 542000.0,
        "Net Income Common Stockholders": 18295000.0,
        "Net Income": 18295000.0,
        "Minority Interests": -4485000.0,
        "Net Income Including Noncontrolling Interests": 22780000.0,
        "Net Income Continuous Operations": 22780000.0,
        "Tax Provision": 5732000.0,
        "Pretax Income": 28512000.0,
        "Other Income Expense": 5849000.0,
        "Other Non Operating Income Expenses": 236000.0,
        "Earnings From Equity Interest": 5613000.0,
        "Net Non Operating Interest Income Expense": -4354000.0,
        "Interest Expense Non Operating": 4525000.0,
        "Interest Income Non Operating": 171000.0,
        "Operating Income": 27017000.0,
        "Operating Expense": 199932000.0,
        "Selling General And Administration": 199932000.0,
        "Gross Profit": 226949000.0,
        "Cost Of Revenue": 781772000.0,
        "Total Revenue": 1008721000.0,
        "Operating Revenue": 1008721000.0
    },
    "2023-06-30": {
        "Tax Effect Of Unusual Items": NaN,
        "Tax Rate For Calcs": NaN,
        "Normalized EBITDA": NaN,
        "Total Unusual Items": 0.0,
        "Total Unusual Items Excluding Goodwill": 0.0,
        "Net Income From Continuing Operation Net Minority Interest": NaN,
        "Reconciled Depreciation": NaN,
        "Reconciled Cost Of Revenue": NaN,
        "EBITDA": NaN,
        "EBIT": NaN,
        "Net Interest Income": NaN,
        "Interest Expense": NaN,
        "Interest Income": NaN,
        "Normalized Income": NaN,
        "Net Income From Continuing And Discontinued Operation": NaN,
        "Total Expenses": NaN,
        "Total Operating Income As Reported": NaN,
        "Diluted Average Shares": NaN,
        "Basic Average Shares": NaN,
        "Diluted EPS": NaN,
        "Basic EPS": NaN,
        "Diluted NI Availto Com Stockholders": NaN,
        "Average Dilution Earnings": NaN,
        "Net Income Common Stockholders": NaN,
        "Net Income": NaN,
        "Minority Interests": NaN,
        "Net Income Including Noncontrolling Interests": NaN,
        "Net Income Continuous Operations": NaN,
        "Tax Provision": NaN,
        "Pretax Income": NaN,
        "Other Income Expense": NaN,
        "Other Non Operating Income Expenses": NaN,
        "Special Income Charges": 0.0,
        "Other Special Charges": NaN,
        "Earnings From Equity Interest": NaN,
        "Net Non Operating Interest Income Expense": NaN,
        "Interest Expense Non Operating": NaN,
        "Interest Income Non Operating": NaN,
        "Operating Income": NaN,
        "Operating Expense": NaN,
        "Selling General And Administration": NaN,
        "Gross Profit": NaN,
        "Cost Of Revenue": NaN,
        "Total Revenue": NaN,
        "Operating Revenue": NaN
    },
    "2022-03-31": {
        "Diluted EPS": 0.19,
        "Total Revenue": 949,
        "Gross Profit": 215,
        "Operating Income": 36,
        "EBIT": 67,
        "Net Income": 21
    },
    "2021-12-31": {
        "Diluted EPS": 0.26,
        "Total Revenue": 951,
        "Gross Profit": 227,
        "Operating Income": 47,
        "EBIT": 85,
        "Net Income": 29
    },
    "2021-09-30": {
        "Diluted EPS": 0.18,
        "Total Revenue": 956,
        "Gross Profit": 221,
        "Operating Income": 40,
        "EBIT": 78,
        "Net Income": 19
    },
    "2021-06-30": {
        "Diluted EPS": 0.06,
        "Total Revenue": 879,
        "Gross Profit": 199,
        "Operating Income": 20,
        "EBIT": 56,
        "Net Income": 7
    },
    "2021-03-31": {
        "Diluted EPS": 0.09,
        "Total Revenue": 875,
        "Gross Profit": 206,
        "Operating Income": 26,
        "EBIT": 61,
        "Net Income": 9
    },
    "2020-12-31": {
        "Diluted EPS": 0.21,
        "Total Revenue": 964,
        "Gross Profit": 230,
        "Operating Income": 42,
        "EBIT": 77,
        "Net Income": 22
    },
    "2020-09-30": {
        "Diluted EPS": 0.4,
        "Total Revenue": NaN,
        "Gross Profit": 215,
        "Operating Income": 66,
        "EBIT": 99,
        "Net Income": 41
    },
    "2020-06-30": {
        "Diluted EPS": 0.23,
        "Total Revenue": 979,
        "Gross Profit": 230,
        "Operating Income": 46,
        "EBIT": 79,
        "Net Income": 23
    },
    "2020-03-31": {
        "Diluted EPS": 0.13,
        "Total Revenue": 971,
        "Gross Profit": 201,
        "Operating Income": 24,
        "EBIT": 56,
        "Net Income": 13
    },
    "2019-12-31": {
        "Diluted EPS": 0.17,
        "Total Revenue": NaN,
        "Gross Profit": 212,
        "Operating Income": 24,
        "EBIT": 57,
        "Net Income": 14
    },
    "2019-09-30": {
        "Diluted EPS": 0.57,
        "Total Revenue": NaN,
        "Gross Profit": 225,
        "Operating Income": 53,
        "EBIT": 85,
        "Net Income": 57
    },
    "2019-06-30": {
        "Diluted EPS": 0.44,
        "Total Revenue": 990,
        "Gross Profit": 205,
        "Operating Income": -9,
        "EBIT": 23,
        "Net Income": 40
    },
    "2019-03-31": {
        "Diluted EPS": 0.12,
        "Total Revenue": 904,
        "Gross Profit": 190,
        "Operating Income": 23,
        "EBIT": 54,
        "Net Income": 10
    },
    "2018-12-31": {
        "Diluted EPS": 0.12,
        "Total Revenue": 929,
        "Gross Profit": 188,
        "Operating Income": 24,
        "EBIT": 46,
        "Net Income": 7
    },
    "2018-09-30": {
        "Diluted EPS": 0.52,
        "Total Revenue": 976,
        "Gross Profit": 193,
        "Operating Income": 55,
        "EBIT": 77,
        "Net Income": 41
    },
    "2018-06-30": {
        "Diluted EPS": 1.83,
        "Total Revenue": 901,
        "Gross Profit": 233,
        "Operating Income": 87,
        "EBIT": 99,
        "Net Income": 148
    },
    "2018-03-31": {
        "Diluted EPS": 0.31,
        "Total Revenue": 755,
        "Gross Profit": 152,
        "Operating Income": 39,
        "EBIT": 46,
        "Net Income": 25
    },
    "2017-12-31": {
        "Diluted EPS": 0.0,
        "Total Revenue": NaN,
        "Gross Profit": NaN,
        "Operating Income": NaN,
        "EBIT": NaN,
        "Net Income": NaN
    },
    "2016-12-31": {
        "Diluted EPS": 0.0,
        "Total Revenue": NaN,
        "Gross Profit": NaN,
        "Operating Income": NaN,
        "EBIT": NaN,
        "Net Income": NaN
    },
    "2023-09-30": {
        "Tax Effect Of Unusual Items": NaN,
        "Tax Rate For Calcs": NaN,
        "Normalized EBITDA": NaN,
        "Total Unusual Items": 0.0,
        "Total Unusual Items Excluding Goodwill": 0.0,
        "Net Income From Continuing Operation Net Minority Interest": NaN,
        "Reconciled Depreciation": NaN,
        "Reconciled Cost Of Revenue": NaN,
        "EBITDA": NaN,
        "EBIT": NaN,
        "Net Interest Income": NaN,
        "Interest Expense": NaN,
        "Interest Income": NaN,
        "Normalized Income": NaN,
        "Net Income From Continuing And Discontinued Operation": NaN,
        "Total Expenses": NaN,
        "Total Operating Income As Reported": NaN,
        "Diluted Average Shares": NaN,
        "Basic Average Shares": NaN,
        "Diluted EPS": NaN,
        "Basic EPS": NaN,
        "Diluted NI Availto Com Stockholders": NaN,
        "Average Dilution Earnings": NaN,
        "Net Income Common Stockholders": NaN,
        "Net Income": NaN,
        "Minority Interests": NaN,
        "Net Income Including Noncontrolling Interests": NaN,
        "Net Income Continuous Operations": NaN,
        "Tax Provision": NaN,
        "Pretax Income": NaN,
        "Other Income Expense": NaN,
        "Other Non Operating Income Expenses": NaN,
        "Special Income Charges": 0.0,
        "Other Special Charges": NaN,
        "Earnings From Equity Interest": NaN,
        "Net Non Operating Interest Income Expense": NaN,
        "Interest Expense Non Operating": NaN,
        "Interest Income Non Operating": NaN,
        "Operating Income": NaN,
        "Operating Expense": NaN,
        "Selling General And Administration": NaN,
        "Gross Profit": NaN,
        "Cost Of Revenue": NaN,
        "Total Revenue": NaN,
        "Operating Revenue": NaN
    },
    "2023-12-31": {
        "Tax Effect Of Unusual Items": NaN,
        "Tax Rate For Calcs": NaN,
        "Normalized EBITDA": NaN,
        "Total Unusual Items": NaN,
        "Total Unusual Items Excluding Goodwill": NaN,
        "Net Income From Continuing Operation Net Minority Interest": NaN,
        "Reconciled Depreciation": NaN,
        "Reconciled Cost Of Revenue": NaN,
        "EBITDA": NaN,
        "EBIT": NaN,
        "Net Interest Income": NaN,
        "Interest Expense": NaN,
        "Interest Income": NaN,
        "Normalized Income": NaN,
        "Net Income From Continuing And Discontinued Operation": NaN,
        "Total Expenses": NaN,
        "Total Operating Income As Reported": NaN,
        "Diluted Average Shares": 115597000.0,
        "Basic Average Shares": 105285000.0,
        "Diluted EPS": 0.39,
        "Basic EPS": 0.43,
        "Diluted NI Availto Com Stockholders": NaN,
        "Average Dilution Earnings": NaN,
        "Net Income Common Stockholders": NaN,
        "Net Income": NaN,
        "Minority Interests": NaN,
        "Net Income Including Noncontrolling Interests": NaN,
        "Net Income Continuous Operations": NaN,
        "Tax Provision": NaN,
        "Pretax Income": NaN,
        "Other Income Expense": NaN,
        "Other Non Operating Income Expenses": NaN,
        "Special Income Charges": NaN,
        "Other Special Charges": NaN,
        "Earnings From Equity Interest": NaN,
        "Net Non Operating Interest Income Expense": NaN,
        "Interest Expense Non Operating": NaN,
        "Interest Income Non Operating": NaN,
        "Operating Income": NaN,
        "Operating Expense": NaN,
        "Selling General And Administration": NaN,
        "Gross Profit": NaN,
        "Cost Of Revenue": NaN,
        "Total Revenue": NaN,
        "Operating Revenue": NaN
    },
    "2024-03-31": {
        "Tax Effect Of Unusual Items": NaN,
        "Tax Rate For Calcs": NaN,
        "Normalized EBITDA": NaN,
        "Total Unusual Items": NaN,
        "Total Unusual Items Excluding Goodwill": NaN,
        "Net Income From Continuing Operation Net Minority Interest": NaN,
        "Reconciled Depreciation": NaN,
        "Reconciled Cost Of Revenue": NaN,
        "EBITDA": NaN,
        "EBIT": NaN,
        "Net Interest Income": NaN,
        "Interest Expense": NaN,
        "Interest Income": NaN,
        "Normalized Income": NaN,
        "Net Income From Continuing And Discontinued Operation": NaN,
        "Total Expenses": NaN,
        "Total Operating Income As Reported": NaN,
        "Diluted Average Shares": NaN,
        "Basic Average Shares": NaN,
        "Diluted EPS": NaN,
        "Basic EPS": NaN,
        "Diluted NI Availto Com Stockholders": NaN,
        "Average Dilution Earnings": NaN,
        "Net Income Common Stockholders": NaN,
        "Net Income": NaN,
        "Minority Interests": NaN,
        "Net Income Including Noncontrolling Interests": NaN,
        "Net Income Continuous Operations": NaN,
        "Tax Provision": NaN,
        "Pretax Income": NaN,
        "Other Income Expense": NaN,
        "Other Non Operating Income Expenses": NaN,
        "Special Income Charges": NaN,
        "Other Special Charges": 18355000.0,
        "Earnings From Equity Interest": NaN,
        "Net Non Operating Interest Income Expense": NaN,
        "Interest Expense Non Operating": NaN,
        "Interest Income Non Operating": NaN,
        "Operating Income": NaN,
        "Operating Expense": NaN,
        "Selling General And Administration": NaN,
        "Gross Profit": NaN,
        "Cost Of Revenue": NaN,
        "Total Revenue": NaN,
        "Operating Revenue": NaN
    },
    "2024-06-30": {
        "Tax Effect Of Unusual Items": 0.0,
        "Tax Rate For Calcs": 0.217,
        "Normalized EBITDA": 140582000.0,
        "Total Unusual Items": 0.0,
        "Total Unusual Items Excluding Goodwill": 0.0,
        "Net Income From Continuing Operation Net Minority Interest": 69172000.0,
        "Reconciled Depreciation": 24440000.0,
        "Reconciled Cost Of Revenue": 1318931000.0,
        "EBITDA": 140582000.0,
        "EBIT": 116142000.0,
        "Net Interest Income": -9183000.0,
        "Interest Expense": 13008000.0,
        "Interest Income": 3825000.0,
        "Normalized Income": 69172000.0,
        "Net Income From Continuing And Discontinued Operation": 69172000.0,
        "Total Expenses": 1542208000.0,
        "Total Operating Income As Reported": 111422000.0,
        "Diluted Average Shares": 110524000.0,
        "Basic Average Shares": 106303000.0,
        "Diluted EPS": 0.63,
        "Basic EPS": 0.65,
        "Diluted NI Availto Com Stockholders": 69226000.0,
        "Average Dilution Earnings": 54000.0,
        "Net Income Common Stockholders": 69172000.0,
        "Net Income": 69172000.0,
        "Minority Interests": -11547000.0,
        "Net Income Including Noncontrolling Interests": 80719000.0,
        "Net Income Continuous Operations": 80719000.0,
        "Tax Provision": 22415000.0,
        "Pretax Income": 103134000.0,
        "Other Income Expense": -15942000.0,
        "Other Non Operating Income Expenses": 895000.0,
        "Special Income Charges": 0.0,
        "Other Special Charges": NaN,
        "Earnings From Equity Interest": -16837000.0,
        "Net Non Operating Interest Income Expense": -9183000.0,
        "Interest Expense Non Operating": 13008000.0,
        "Interest Income Non Operating": 3825000.0,
        "Operating Income": 128259000.0,
        "Operating Expense": 223277000.0,
        "Selling General And Administration": 223277000.0,
        "Gross Profit": 351536000.0,
        "Cost Of Revenue": 1318931000.0,
        "Total Revenue": 1670467000.0,
        "Operating Revenue": 1670467000.0
    },
    "2024-09-30": {
        "Tax Effect Of Unusual Items": 0.0,
        "Tax Rate For Calcs": 0.208,
        "Normalized EBITDA": 145683000.0,
        "Total Unusual Items": 0.0,
        "Total Unusual Items Excluding Goodwill": 0.0,
        "Net Income From Continuing Operation Net Minority Interest": 71951000.0,
        "Reconciled Depreciation": 24542000.0,
        "Reconciled Cost Of Revenue": 1449831000.0,
        "EBITDA": 145683000.0,
        "EBIT": 121141000.0,
        "Net Interest Income": -8802000.0,
        "Interest Expense": 13034000.0,
        "Interest Income": 4232000.0,
        "Normalized Income": 71951000.0,
        "Net Income From Continuing And Discontinued Operation": 71951000.0,
        "Total Expenses": 1696000000.0,
        "Total Operating Income As Reported": 114988000.0,
        "Diluted Average Shares": 111086000.0,
        "Basic Average Shares": 106291000.0,
        "Diluted EPS": 0.65,
        "Basic EPS": 0.68,
        "Diluted NI Availto Com Stockholders": 72005000.0,
        "Average Dilution Earnings": 54000.0,
        "Net Income Common Stockholders": 71951000.0,
        "Net Income": 71951000.0,
        "Minority Interests": -13638000.0,
        "Net Income Including Noncontrolling Interests": 85589000.0,
        "Net Income Continuous Operations": 85589000.0,
        "Tax Provision": 22518000.0,
        "Pretax Income": 108107000.0,
        "Other Income Expense": 2793000.0,
        "Other Non Operating Income Expenses": 1921000.0,
        "Special Income Charges": 0.0,
        "Other Special Charges": NaN,
        "Earnings From Equity Interest": 872000.0,
        "Net Non Operating Interest Income Expense": -8802000.0,
        "Interest Expense Non Operating": 13034000.0,
        "Interest Income Non Operating": 4232000.0,
        "Operating Income": 114116000.0,
        "Operating Expense": 246169000.0,
        "Selling General And Administration": 246169000.0,
        "Gross Profit": 360285000.0,
        "Cost Of Revenue": 1449831000.0,
        "Total Revenue": 1810116000.0,
        "Operating Revenue": 1810116000.0
    },
    "2024-12-31": {
        "Tax Effect Of Unusual Items": 44115624.531622,
        "Tax Rate For Calcs": 0.228978,
        "Normalized EBITDA": 126373000.0,
        "Total Unusual Items": 192663000.0,
        "Total Unusual Items Excluding Goodwill": 192663000.0,
        "Net Income From Continuing Operation Net Minority Interest": 201285000.0,
        "Reconciled Depreciation": 25738000.0,
        "Reconciled Cost Of Revenue": 1364565000.0,
        "EBITDA": 319036000.0,
        "EBIT": 293298000.0,
        "Net Interest Income": -10323000.0,
        "Interest Expense": 12542000.0,
        "Interest Income": 2219000.0,
        "Normalized Income": 52737624.531622,
        "Net Income From Continuing And Discontinued Operation": 201285000.0,
        "Total Expenses": 1629169000.0,
        "Total Operating Income As Reported": 99812000.0,
        "Diluted Average Shares": 111822000.0,
        "Basic Average Shares": 106465000.0,
        "Diluted EPS": 0.49,
        "Basic EPS": 0.51,
        "Diluted NI Availto Com Stockholders": 204217000.0,
        "Average Dilution Earnings": 2932000.0,
        "Net Income Common Stockholders": 201285000.0,
        "Net Income": 201285000.0,
        "Minority Interests": -15184000.0,
        "Net Income Including Noncontrolling Interests": 216469000.0,
        "Net Income Continuous Operations": 216469000.0,
        "Tax Provision": 64287000.0,
        "Pretax Income": 280756000.0,
        "Other Income Expense": 185931000.0,
        "Other Non Operating Income Expenses": -1396000.0,
        "Special Income Charges": 192663000.0,
        "Other Special Charges": -192663000.0,
        "Earnings From Equity Interest": -5336000.0,
        "Net Non Operating Interest Income Expense": -10323000.0,
        "Interest Expense Non Operating": 12542000.0,
        "Interest Income Non Operating": 2219000.0,
        "Operating Income": 105148000.0,
        "Operating Expense": 264604000.0,
        "Selling General And Administration": 264604000.0,
        "Gross Profit": 369752000.0,
        "Cost Of Revenue": 1364565000.0,
        "Total Revenue": 1734317000.0,
        "Operating Revenue": 1734317000.0
    },
    "2025-03-31": {
        "Tax Effect Of Unusual Items": 0.0,
        "Tax Rate For Calcs": 0.188,
        "Normalized EBITDA": 140413000.0,
        "Total Unusual Items": 0.0,
        "Total Unusual Items Excluding Goodwill": 0.0,
        "Net Income From Continuing Operation Net Minority Interest": 66203000.0,
        "Reconciled Depreciation": 27403000.0,
        "Reconciled Cost Of Revenue": 1200377000.0,
        "EBITDA": 140413000.0,
        "EBIT": 113010000.0,
        "Net Interest Income": -10104000.0,
        "Interest Expense": 12246000.0,
        "Interest Income": 2142000.0,
        "Normalized Income": 66203000.0,
        "Net Income From Continuing And Discontinued Operation": 66203000.0,
        "Total Expenses": 1444440000.0,
        "Total Operating Income As Reported": 109233000.0,
        "Diluted Average Shares": 111026000.0,
        "Basic Average Shares": 106831000.0,
        "Diluted EPS": 0.6,
        "Basic EPS": 0.62,
        "Diluted NI Availto Com Stockholders": 66257000.0,
        "Average Dilution Earnings": 54000.0,
        "Net Income Common Stockholders": 66203000.0,
        "Net Income": 66203000.0,
        "Minority Interests": -15584000.0,
        "Net Income Including Noncontrolling Interests": 81787000.0,
        "Net Income Continuous Operations": 81787000.0,
        "Tax Provision": 18977000.0,
        "Pretax Income": 100764000.0,
        "Other Income Expense": 948000.0,
        "Other Non Operating Income Expenses": 1635000.0,
        "Special Income Charges": 0.0,
        "Other Special Charges": NaN,
        "Earnings From Equity Interest": -687000.0,
        "Net Non Operating Interest Income Expense": -10104000.0,
        "Interest Expense Non Operating": 12246000.0,
        "Interest Income Non Operating": 2142000.0,
        "Operating Income": 109920000.0,
        "Operating Expense": 244063000.0,
        "Selling General And Administration": 244063000.0,
        "Gross Profit": 353983000.0,
        "Cost Of Revenue": 1200377000.0,
        "Total Revenue": 1554360000.0,
        "Operating Revenue": 1554360000.0
    },
    "2025-06-30": {
        "Tax Effect Of Unusual Items": 0.0,
        "Tax Rate For Calcs": 0.21,
        "Normalized EBITDA": 130340000.0,
        "Total Unusual Items": 0.0,
        "Total Unusual Items Excluding Goodwill": 0.0,
        "Net Income From Continuing Operation Net Minority Interest": 55230000.0,
        "Reconciled Depreciation": 28592000.0,
        "Reconciled Cost Of Revenue": 1235970000.0,
        "EBITDA": 130340000.0,
        "EBIT": 101748000.0,
        "Net Interest Income": -11501000.0,
        "Interest Expense": 12569000.0,
        "Interest Income": 1068000.0,
        "Normalized Income": 55230000.0,
        "Net Income From Continuing And Discontinued Operation": 55230000.0,
        "Total Expenses": 1488020000.0,
        "Total Operating Income As Reported": 95661000.0,
        "Diluted Average Shares": 110102000.0,
        "Basic Average Shares": 106997000.0,
        "Diluted EPS": 0.5,
        "Basic EPS": 0.52,
        "Diluted NI Availto Com Stockholders": 55284000.0,
        "Average Dilution Earnings": 54000.0,
        "Net Income Common Stockholders": 55230000.0,
        "Net Income": 55230000.0,
        "Minority Interests": -15259000.0,
        "Net Income Including Noncontrolling Interests": 70489000.0,
        "Net Income Continuous Operations": 70489000.0,
        "Tax Provision": 18690000.0,
        "Pretax Income": 89179000.0,
        "Other Income Expense": 4377000.0,
        "Other Non Operating Income Expenses": 5019000.0,
        "Special Income Charges": 0.0,
        "Other Special Charges": NaN,
        "Earnings From Equity Interest": -642000.0,
        "Net Non Operating Interest Income Expense": -11501000.0,
        "Interest Expense Non Operating": 12569000.0,
        "Interest Income Non Operating": 1068000.0,
        "Operating Income": 96303000.0,
        "Operating Expense": 252050000.0,
        "Selling General And Administration": 252050000.0,
        "Gross Profit": 348353000.0,
        "Cost Of Revenue": 1235970000.0,
        "Total Revenue": 1584323000.0,
        "Operating Revenue": 1584323000.0
    }
}