{
    "2023-03-31": {
        "Tax Effect Of Unusual Items": NaN,
        "Tax Rate For Calcs": NaN,
        "Normalized EBITDA": NaN,
        "Total Unusual Items": NaN,
        "Total Unusual Items Excluding Goodwill": NaN,
        "Net Income From Continuing Operation Net Minority Interest": NaN,
        "Reconciled Depreciation": NaN,
        "Reconciled Cost Of Revenue": NaN,
        "EBITDA": NaN,
        "EBIT": NaN,
        "Net Interest Income": NaN,
        "Interest Expense": NaN,
        "Interest Income": NaN,
        "Normalized Income": NaN,
        "Net Income From Continuing And Discontinued Operation": NaN,
        "Total Expenses": NaN,
        "Total Operating Income As Reported": NaN,
        "Diluted Average Shares": 46740270.0,
        "Basic Average Shares": 46740270.0,
        "Diluted EPS": -0.61,
        "Basic EPS": -0.61,
        "Diluted NI Availto Com Stockholders": NaN,
        "Net Income Common Stockholders": NaN,
        "Net Income": NaN,
        "Net Income Including Noncontrolling Interests": NaN,
        "Net Income Continuous Operations": NaN,
        "Tax Provision": NaN,
        "Pretax Income": NaN,
        "Other Income Expense": NaN,
        "Other Non Operating Income Expenses": NaN,
        "Special Income Charges": NaN,
        "Impairment Of Capital Assets": NaN,
        "Restructuring And Mergern Acquisition": NaN,
        "Net Non Operating Interest Income Expense": NaN,
        "Interest Expense Non Operating": NaN,
        "Interest Income Non Operating": NaN,
        "Operating Income": NaN,
        "Operating Expense": NaN,
        "Research And Development": NaN,
        "Selling General And Administration": NaN,
        "Gross Profit": NaN,
        "Cost Of Revenue": NaN,
        "Total Revenue": NaN,
        "Operating Revenue": NaN
    },
    "2022-12-31": {
        "Tax Effect Of Unusual Items": NaN,
        "Tax Rate For Calcs": NaN,
        "Normalized EBITDA": NaN,
        "Total Unusual Items": NaN,
        "Total Unusual Items Excluding Goodwill": NaN,
        "Net Income From Continuing Operation Net Minority Interest": NaN,
        "Reconciled Depreciation": NaN,
        "Reconciled Cost Of Revenue": NaN,
        "EBITDA": NaN,
        "EBIT": NaN,
        "Net Interest Income": NaN,
        "Interest Expense": NaN,
        "Interest Income": NaN,
        "Normalized Income": NaN,
        "Net Income From Continuing And Discontinued Operation": NaN,
        "Total Expenses": NaN,
        "Total Operating Income As Reported": NaN,
        "Diluted Average Shares": 46264217.0,
        "Basic Average Shares": 46264217.0,
        "Diluted EPS": -0.67,
        "Basic EPS": -0.67,
        "Diluted NI Availto Com Stockholders": NaN,
        "Net Income Common Stockholders": NaN,
        "Net Income": NaN,
        "Net Income Including Noncontrolling Interests": NaN,
        "Net Income Continuous Operations": NaN,
        "Tax Provision": NaN,
        "Pretax Income": NaN,
        "Other Income Expense": NaN,
        "Other Non Operating Income Expenses": NaN,
        "Special Income Charges": NaN,
        "Impairment Of Capital Assets": NaN,
        "Restructuring And Mergern Acquisition": NaN,
        "Net Non Operating Interest Income Expense": NaN,
        "Interest Expense Non Operating": NaN,
        "Interest Income Non Operating": NaN,
        "Operating Income": NaN,
        "Operating Expense": NaN,
        "Research And Development": NaN,
        "Selling General And Administration": NaN,
        "Gross Profit": NaN,
        "Cost Of Revenue": NaN,
        "Total Revenue": NaN,
        "Operating Revenue": NaN
    },
    "2022-09-30": {
        "Tax Effect Of Unusual Items": NaN,
        "Tax Rate For Calcs": NaN,
        "Normalized EBITDA": NaN,
        "Total Unusual Items": NaN,
        "Total Unusual Items Excluding Goodwill": NaN,
        "Net Income From Continuing Operation Net Minority Interest": NaN,
        "Reconciled Depreciation": NaN,
        "Reconciled Cost Of Revenue": NaN,
        "EBITDA": NaN,
        "EBIT": NaN,
        "Net Interest Income": NaN,
        "Interest Expense": NaN,
        "Interest Income": NaN,
        "Normalized Income": NaN,
        "Net Income From Continuing And Discontinued Operation": NaN,
        "Total Expenses": NaN,
        "Total Operating Income As Reported": NaN,
        "Diluted Average Shares": NaN,
        "Basic Average Shares": NaN,
        "Diluted EPS": NaN,
        "Basic EPS": NaN,
        "Diluted NI Availto Com Stockholders": NaN,
        "Net Income Common Stockholders": NaN,
        "Net Income": NaN,
        "Net Income Including Noncontrolling Interests": NaN,
        "Net Income Continuous Operations": NaN,
        "Tax Provision": NaN,
        "Pretax Income": NaN,
        "Other Income Expense": NaN,
        "Other Non Operating Income Expenses": NaN,
        "Special Income Charges": NaN,
        "Impairment Of Capital Assets": 0.0,
        "Restructuring And Mergern Acquisition": NaN,
        "Net Non Operating Interest Income Expense": NaN,
        "Interest Expense Non Operating": NaN,
        "Interest Income Non Operating": NaN,
        "Operating Income": NaN,
        "Operating Expense": NaN,
        "Research And Development": NaN,
        "Selling General And Administration": NaN,
        "Gross Profit": NaN,
        "Cost Of Revenue": NaN,
        "Total Revenue": NaN,
        "Operating Revenue": NaN
    },
    "2022-06-30": {
        "Tax Effect Of Unusual Items": 0.0,
        "Tax Rate For Calcs": 0.4,
        "Normalized EBITDA": -25662000.0,
        "Total Unusual Items": NaN,
        "Total Unusual Items Excluding Goodwill": NaN,
        "Net Income From Continuing Operation Net Minority Interest": -27546000.0,
        "Reconciled Depreciation": 1820000.0,
        "Reconciled Cost Of Revenue": 13959000.0,
        "EBITDA": -25662000.0,
        "EBIT": -27482000.0,
        "Net Interest Income": 299000.0,
        "Interest Expense": 50000.0,
        "Interest Income": 349000.0,
        "Normalized Income": -27546000.0,
        "Net Income From Continuing And Discontinued Operation": -27546000.0,
        "Total Expenses": 46121000.0,
        "Total Operating Income As Reported": -27881000.0,
        "Diluted Average Shares": 45637838.0,
        "Basic Average Shares": 45637838.0,
        "Diluted EPS": -0.6,
        "Basic EPS": -0.6,
        "Diluted NI Availto Com Stockholders": -27546000.0,
        "Net Income Common Stockholders": -27546000.0,
        "Net Income": -27546000.0,
        "Net Income Including Noncontrolling Interests": -27546000.0,
        "Net Income Continuous Operations": -27546000.0,
        "Tax Provision": 14000.0,
        "Pretax Income": -27532000.0,
        "Other Income Expense": 50000.0,
        "Other Non Operating Income Expenses": 50000.0,
        "Special Income Charges": NaN,
        "Restructuring And Mergern Acquisition": NaN,
        "Net Non Operating Interest Income Expense": 299000.0,
        "Interest Expense Non Operating": 50000.0,
        "Interest Income Non Operating": 349000.0,
        "Operating Income": -27881000.0,
        "Operating Expense": 32162000.0,
        "Research And Development": 16288000.0,
        "Selling General And Administration": 15874000.0,
        "Gross Profit": 4281000.0,
        "Cost Of Revenue": 13959000.0,
        "Total Revenue": 18240000.0,
        "Operating Revenue": 18240000.0
    },
    "2022-03-31": {
        "Diluted EPS": -0.63,
        "Total Revenue": 15,
        "Gross Profit": 4,
        "Operating Income": -28,
        "EBIT": -26,
        "Net Income": -28
    },
    "2021-12-31": {
        "Diluted EPS": -0.46,
        "Total Revenue": 21,
        "Gross Profit": 8,
        "Operating Income": -20,
        "EBIT": -18,
        "Net Income": -20
    },
    "2021-09-30": {
        "Diluted EPS": -0.4,
        "Total Revenue": 22,
        "Gross Profit": 8,
        "Operating Income": -18,
        "EBIT": -16,
        "Net Income": -18
    },
    "2021-06-30": {
        "Diluted EPS": -0.34,
        "Total Revenue": 22,
        "Gross Profit": 8,
        "Operating Income": -15,
        "EBIT": -13,
        "Net Income": -15
    },
    "2021-03-31": {
        "Diluted EPS": -0.29,
        "Total Revenue": 21,
        "Gross Profit": 7,
        "Operating Income": -12,
        "EBIT": -10,
        "Net Income": -12
    },
    "2020-12-31": {
        "Diluted EPS": -0.35,
        "Total Revenue": 20,
        "Gross Profit": 6,
        "Operating Income": -13,
        "EBIT": -12,
        "Net Income": -13
    },
    "2020-09-30": {
        "Diluted EPS": -0.27,
        "Total Revenue": 20,
        "Gross Profit": 5,
        "Operating Income": -10,
        "EBIT": -8,
        "Net Income": -10
    },
    "2020-06-30": {
        "Diluted EPS": -0.29,
        "Total Revenue": 19,
        "Gross Profit": 5,
        "Operating Income": -9,
        "EBIT": -8,
        "Net Income": -9
    },
    "2020-03-31": {
        "Diluted EPS": -0.29,
        "Total Revenue": 19,
        "Gross Profit": 4,
        "Operating Income": -10,
        "EBIT": -8,
        "Net Income": -9
    },
    "2019-12-31": {
        "Diluted EPS": 1.56,
        "Total Revenue": 18,
        "Gross Profit": 7,
        "Operating Income": -7,
        "EBIT": -6,
        "Net Income": -7
    },
    "2019-09-30": {
        "Diluted EPS": -0.22,
        "Total Revenue": 17,
        "Gross Profit": 6,
        "Operating Income": -6,
        "EBIT": -5,
        "Net Income": -7
    },
    "2019-06-30": {
        "Diluted EPS": -0.89,
        "Total Revenue": 16,
        "Gross Profit": 6,
        "Operating Income": -4,
        "EBIT": -3,
        "Net Income": -6
    },
    "2019-03-31": {
        "Diluted EPS": -1.84,
        "Total Revenue": 14,
        "Gross Profit": 4,
        "Operating Income": -5,
        "EBIT": -4,
        "Net Income": -6
    },
    "2018-12-31": {
        "Diluted EPS": 0.0,
        "Total Revenue": NaN,
        "Gross Profit": NaN,
        "Operating Income": NaN,
        "EBIT": NaN,
        "Net Income": NaN
    },
    "2018-09-30": {
        "Diluted EPS": -1.19,
        "Total Revenue": 12,
        "Gross Profit": 4,
        "Operating Income": -2,
        "EBIT": -1,
        "Net Income": -4
    },
    "2018-06-30": {
        "Diluted EPS": -2.39,
        "Total Revenue": 9,
        "Gross Profit": 2,
        "Operating Income": -4,
        "EBIT": -4,
        "Net Income": -7
    },
    "2017-12-31": {
        "Diluted EPS": 0.0,
        "Total Revenue": NaN,
        "Gross Profit": NaN,
        "Operating Income": NaN,
        "EBIT": NaN,
        "Net Income": NaN
    },
    "2023-06-30": {
        "Tax Effect Of Unusual Items": NaN,
        "Tax Rate For Calcs": NaN,
        "Normalized EBITDA": NaN,
        "Total Unusual Items": NaN,
        "Total Unusual Items Excluding Goodwill": NaN,
        "Net Income From Continuing Operation Net Minority Interest": NaN,
        "Reconciled Depreciation": NaN,
        "Reconciled Cost Of Revenue": NaN,
        "EBITDA": NaN,
        "EBIT": NaN,
        "Net Interest Income": NaN,
        "Interest Expense": NaN,
        "Interest Income": NaN,
        "Normalized Income": NaN,
        "Net Income From Continuing And Discontinued Operation": NaN,
        "Total Expenses": NaN,
        "Total Operating Income As Reported": NaN,
        "Diluted Average Shares": 47669513.0,
        "Basic Average Shares": 47669513.0,
        "Diluted EPS": -0.5,
        "Basic EPS": -0.5,
        "Diluted NI Availto Com Stockholders": NaN,
        "Net Income Common Stockholders": NaN,
        "Net Income": NaN,
        "Net Income Including Noncontrolling Interests": NaN,
        "Net Income Continuous Operations": NaN,
        "Tax Provision": NaN,
        "Pretax Income": NaN,
        "Other Income Expense": NaN,
        "Other Non Operating Income Expenses": NaN,
        "Special Income Charges": NaN,
        "Impairment Of Capital Assets": NaN,
        "Restructuring And Mergern Acquisition": NaN,
        "Net Non Operating Interest Income Expense": NaN,
        "Interest Expense Non Operating": NaN,
        "Interest Income Non Operating": NaN,
        "Operating Income": NaN,
        "Operating Expense": NaN,
        "Research And Development": NaN,
        "Selling General And Administration": NaN,
        "Gross Profit": NaN,
        "Cost Of Revenue": NaN,
        "Total Revenue": NaN,
        "Operating Revenue": NaN
    },
    "2023-09-30": {
        "Tax Effect Of Unusual Items": NaN,
        "Tax Rate For Calcs": NaN,
        "Normalized EBITDA": NaN,
        "Total Unusual Items": NaN,
        "Total Unusual Items Excluding Goodwill": NaN,
        "Net Income From Continuing Operation Net Minority Interest": NaN,
        "Reconciled Depreciation": NaN,
        "Reconciled Cost Of Revenue": NaN,
        "EBITDA": NaN,
        "EBIT": NaN,
        "Net Interest Income": NaN,
        "Interest Expense": NaN,
        "Interest Income": NaN,
        "Normalized Income": NaN,
        "Net Income From Continuing And Discontinued Operation": NaN,
        "Total Expenses": NaN,
        "Total Operating Income As Reported": NaN,
        "Diluted Average Shares": NaN,
        "Basic Average Shares": NaN,
        "Diluted EPS": NaN,
        "Basic EPS": NaN,
        "Diluted NI Availto Com Stockholders": NaN,
        "Net Income Common Stockholders": NaN,
        "Net Income": NaN,
        "Net Income Including Noncontrolling Interests": NaN,
        "Net Income Continuous Operations": NaN,
        "Tax Provision": NaN,
        "Pretax Income": NaN,
        "Other Income Expense": NaN,
        "Other Non Operating Income Expenses": NaN,
        "Special Income Charges": NaN,
        "Impairment Of Capital Assets": 5565000.0,
        "Restructuring And Mergern Acquisition": NaN,
        "Net Non Operating Interest Income Expense": NaN,
        "Interest Expense Non Operating": NaN,
        "Interest Income Non Operating": NaN,
        "Operating Income": NaN,
        "Operating Expense": NaN,
        "Research And Development": NaN,
        "Selling General And Administration": NaN,
        "Gross Profit": NaN,
        "Cost Of Revenue": NaN,
        "Total Revenue": NaN,
        "Operating Revenue": NaN
    },
    "2023-12-31": {
        "Tax Effect Of Unusual Items": NaN,
        "Tax Rate For Calcs": NaN,
        "Normalized EBITDA": NaN,
        "Total Unusual Items": -4040000.0,
        "Total Unusual Items Excluding Goodwill": -4040000.0,
        "Net Income From Continuing Operation Net Minority Interest": NaN,
        "Reconciled Depreciation": NaN,
        "Reconciled Cost Of Revenue": NaN,
        "EBITDA": NaN,
        "EBIT": NaN,
        "Net Interest Income": NaN,
        "Interest Expense": NaN,
        "Interest Income": NaN,
        "Normalized Income": NaN,
        "Net Income From Continuing And Discontinued Operation": NaN,
        "Total Expenses": NaN,
        "Total Operating Income As Reported": NaN,
        "Diluted Average Shares": NaN,
        "Basic Average Shares": NaN,
        "Diluted EPS": NaN,
        "Basic EPS": NaN,
        "Diluted NI Availto Com Stockholders": NaN,
        "Net Income Common Stockholders": NaN,
        "Net Income": NaN,
        "Net Income Including Noncontrolling Interests": NaN,
        "Net Income Continuous Operations": NaN,
        "Tax Provision": NaN,
        "Pretax Income": NaN,
        "Other Income Expense": NaN,
        "Other Non Operating Income Expenses": NaN,
        "Special Income Charges": -4040000.0,
        "Impairment Of Capital Assets": 0.0,
        "Restructuring And Mergern Acquisition": 4040000.0,
        "Net Non Operating Interest Income Expense": NaN,
        "Interest Expense Non Operating": NaN,
        "Interest Income Non Operating": NaN,
        "Operating Income": NaN,
        "Operating Expense": NaN,
        "Research And Development": NaN,
        "Selling General And Administration": NaN,
        "Gross Profit": NaN,
        "Cost Of Revenue": NaN,
        "Total Revenue": NaN,
        "Operating Revenue": NaN
    },
    "2024-03-31": {
        "Tax Effect Of Unusual Items": 0.0,
        "Tax Rate For Calcs": 0.21,
        "Normalized EBITDA": -10115000.0,
        "Total Unusual Items": 0.0,
        "Total Unusual Items Excluding Goodwill": 0.0,
        "Net Income From Continuing Operation Net Minority Interest": -12968000.0,
        "Reconciled Depreciation": 2837000.0,
        "Reconciled Cost Of Revenue": 14032000.0,
        "EBITDA": -10115000.0,
        "EBIT": -12952000.0,
        "Net Interest Income": 1350000.0,
        "Interest Expense": 9000.0,
        "Interest Income": 1359000.0,
        "Normalized Income": -12968000.0,
        "Net Income From Continuing And Discontinued Operation": -12968000.0,
        "Total Expenses": 38405000.0,
        "Total Operating Income As Reported": -18880000.0,
        "Diluted Average Shares": 50678586.0,
        "Basic Average Shares": 50678586.0,
        "Diluted EPS": -0.26,
        "Basic EPS": -0.26,
        "Diluted NI Availto Com Stockholders": -12968000.0,
        "Net Income Common Stockholders": -12968000.0,
        "Net Income": -12968000.0,
        "Net Income Including Noncontrolling Interests": -12968000.0,
        "Net Income Continuous Operations": -12968000.0,
        "Tax Provision": 7000.0,
        "Pretax Income": -12961000.0,
        "Other Income Expense": 4569000.0,
        "Other Non Operating Income Expenses": 4569000.0,
        "Special Income Charges": 0.0,
        "Impairment Of Capital Assets": NaN,
        "Restructuring And Mergern Acquisition": 0.0,
        "Net Non Operating Interest Income Expense": 1350000.0,
        "Interest Expense Non Operating": 9000.0,
        "Interest Income Non Operating": 1359000.0,
        "Operating Income": -18880000.0,
        "Operating Expense": 24373000.0,
        "Research And Development": 12771000.0,
        "Selling General And Administration": 11602000.0,
        "Gross Profit": 5493000.0,
        "Cost Of Revenue": 14032000.0,
        "Total Revenue": 19525000.0,
        "Operating Revenue": 19479000.0
    },
    "2024-06-30": {
        "Tax Effect Of Unusual Items": 0.0,
        "Tax Rate For Calcs": 0.21,
        "Normalized EBITDA": -9986000.0,
        "Total Unusual Items": 0.0,
        "Total Unusual Items Excluding Goodwill": 0.0,
        "Net Income From Continuing Operation Net Minority Interest": -12802000.0,
        "Reconciled Depreciation": 2803000.0,
        "Reconciled Cost Of Revenue": 14543000.0,
        "EBITDA": -9986000.0,
        "EBIT": -12789000.0,
        "Net Interest Income": 1127000.0,
        "Interest Expense": 9000.0,
        "Interest Income": 1136000.0,
        "Normalized Income": -12802000.0,
        "Net Income From Continuing And Discontinued Operation": -12802000.0,
        "Total Expenses": 39473000.0,
        "Total Operating Income As Reported": -16893000.0,
        "Diluted Average Shares": 52394678.0,
        "Basic Average Shares": 52394678.0,
        "Diluted EPS": -0.24,
        "Basic EPS": -0.24,
        "Diluted NI Availto Com Stockholders": -12802000.0,
        "Net Income Common Stockholders": -12802000.0,
        "Net Income": -12802000.0,
        "Net Income Including Noncontrolling Interests": -12802000.0,
        "Net Income Continuous Operations": -12802000.0,
        "Tax Provision": 4000.0,
        "Pretax Income": -12798000.0,
        "Other Income Expense": 2968000.0,
        "Other Non Operating Income Expenses": 2968000.0,
        "Special Income Charges": 0.0,
        "Impairment Of Capital Assets": NaN,
        "Restructuring And Mergern Acquisition": 0.0,
        "Net Non Operating Interest Income Expense": 1127000.0,
        "Interest Expense Non Operating": 9000.0,
        "Interest Income Non Operating": 1136000.0,
        "Operating Income": -16893000.0,
        "Operating Expense": 24930000.0,
        "Research And Development": 12957000.0,
        "Selling General And Administration": 11973000.0,
        "Gross Profit": 8037000.0,
        "Cost Of Revenue": 14543000.0,
        "Total Revenue": 22580000.0,
        "Operating Revenue": 22435000.0
    },
    "2024-09-30": {
        "Tax Effect Of Unusual Items": 0.0,
        "Tax Rate For Calcs": 0.21,
        "Normalized EBITDA": -36321000.0,
        "Total Unusual Items": 0.0,
        "Total Unusual Items Excluding Goodwill": 0.0,
        "Net Income From Continuing Operation Net Minority Interest": -39089000.0,
        "Reconciled Depreciation": 2758000.0,
        "Reconciled Cost Of Revenue": 16964000.0,
        "EBITDA": -36321000.0,
        "EBIT": -39079000.0,
        "Net Interest Income": 1377000.0,
        "Interest Expense": 7000.0,
        "Interest Income": 1384000.0,
        "Normalized Income": -39089000.0,
        "Net Income From Continuing And Discontinued Operation": -39089000.0,
        "Total Expenses": 40091000.0,
        "Total Operating Income As Reported": -14382000.0,
        "Diluted Average Shares": 61051350.0,
        "Basic Average Shares": 61051350.0,
        "Diluted EPS": -0.64,
        "Basic EPS": -0.64,
        "Diluted NI Availto Com Stockholders": -39089000.0,
        "Net Income Common Stockholders": -39089000.0,
        "Net Income": -39089000.0,
        "Net Income Including Noncontrolling Interests": -39089000.0,
        "Net Income Continuous Operations": -39089000.0,
        "Tax Provision": 3000.0,
        "Pretax Income": -39086000.0,
        "Other Income Expense": -26081000.0,
        "Other Non Operating Income Expenses": -26081000.0,
        "Special Income Charges": 0.0,
        "Impairment Of Capital Assets": 0.0,
        "Restructuring And Mergern Acquisition": 0.0,
        "Net Non Operating Interest Income Expense": 1377000.0,
        "Interest Expense Non Operating": 7000.0,
        "Interest Income Non Operating": 1384000.0,
        "Operating Income": -14382000.0,
        "Operating Expense": 23127000.0,
        "Research And Development": 11683000.0,
        "Selling General And Administration": 11444000.0,
        "Gross Profit": 8745000.0,
        "Cost Of Revenue": 16964000.0,
        "Total Revenue": 25709000.0,
        "Operating Revenue": 25393000.0
    },
    "2024-12-31": {
        "Tax Effect Of Unusual Items": 0.0,
        "Tax Rate For Calcs": 0.21,
        "Normalized EBITDA": -13879000.0,
        "Total Unusual Items": 0.0,
        "Total Unusual Items Excluding Goodwill": 0.0,
        "Net Income From Continuing Operation Net Minority Interest": -16425000.0,
        "Reconciled Depreciation": 2543000.0,
        "Reconciled Cost Of Revenue": 12250000.0,
        "EBITDA": -13879000.0,
        "EBIT": -16422000.0,
        "Net Interest Income": 1632000.0,
        "Interest Expense": -1000.0,
        "Interest Income": 1631000.0,
        "Normalized Income": -16425000.0,
        "Net Income From Continuing And Discontinued Operation": -16425000.0,
        "Total Expenses": 34912000.0,
        "Total Operating Income As Reported": -18112000.0,
        "Diluted Average Shares": 72879436.0,
        "Basic Average Shares": 72879436.0,
        "Diluted EPS": -0.23,
        "Basic EPS": -0.23,
        "Diluted NI Availto Com Stockholders": -16425000.0,
        "Net Income Common Stockholders": -16425000.0,
        "Net Income": -16425000.0,
        "Net Income Including Noncontrolling Interests": -16425000.0,
        "Net Income Continuous Operations": -16425000.0,
        "Tax Provision": 4000.0,
        "Pretax Income": -16421000.0,
        "Other Income Expense": 59000.0,
        "Other Non Operating Income Expenses": 59000.0,
        "Special Income Charges": 0.0,
        "Impairment Of Capital Assets": 0.0,
        "Restructuring And Mergern Acquisition": 0.0,
        "Net Non Operating Interest Income Expense": 1632000.0,
        "Interest Expense Non Operating": -1000.0,
        "Interest Income Non Operating": 1631000.0,
        "Operating Income": -18112000.0,
        "Operating Expense": 22662000.0,
        "Research And Development": 11494000.0,
        "Selling General And Administration": 11168000.0,
        "Gross Profit": 4550000.0,
        "Cost Of Revenue": 12250000.0,
        "Total Revenue": 16800000.0,
        "Operating Revenue": 17380000.0
    },
    "2025-03-31": {
        "Tax Effect Of Unusual Items": 0.0,
        "Tax Rate For Calcs": 0.21,
        "Normalized EBITDA": -13128000.0,
        "Total Unusual Items": NaN,
        "Total Unusual Items Excluding Goodwill": NaN,
        "Net Income From Continuing Operation Net Minority Interest": -15750000.0,
        "Reconciled Depreciation": 2587000.0,
        "Reconciled Cost Of Revenue": 13398000.0,
        "EBITDA": -13128000.0,
        "EBIT": -15715000.0,
        "Net Interest Income": 1999000.0,
        "Interest Expense": 28000.0,
        "Interest Income": 2027000.0,
        "Normalized Income": -15750000.0,
        "Net Income From Continuing And Discontinued Operation": -15750000.0,
        "Total Expenses": 38301000.0,
        "Total Operating Income As Reported": -17696000.0,
        "Diluted Average Shares": 87463885.0,
        "Basic Average Shares": 87463885.0,
        "Diluted EPS": -0.18,
        "Basic EPS": -0.18,
        "Diluted NI Availto Com Stockholders": -15750000.0,
        "Net Income Common Stockholders": -15750000.0,
        "Net Income": -15750000.0,
        "Net Income Including Noncontrolling Interests": -15750000.0,
        "Net Income Continuous Operations": -15750000.0,
        "Tax Provision": 7000.0,
        "Pretax Income": -15743000.0,
        "Other Income Expense": -46000.0,
        "Other Non Operating Income Expenses": -46000.0,
        "Special Income Charges": NaN,
        "Impairment Of Capital Assets": NaN,
        "Restructuring And Mergern Acquisition": NaN,
        "Net Non Operating Interest Income Expense": 1999000.0,
        "Interest Expense Non Operating": 28000.0,
        "Interest Income Non Operating": 2027000.0,
        "Operating Income": -17696000.0,
        "Operating Expense": 24903000.0,
        "Research And Development": 12640000.0,
        "Selling General And Administration": 12263000.0,
        "Gross Profit": 7207000.0,
        "Cost Of Revenue": 13398000.0,
        "Total Revenue": 20605000.0,
        "Operating Revenue": 20580000.0
    }
}