{
    "2023-04-30": {
        "Tax Effect Of Unusual Items": NaN,
        "Tax Rate For Calcs": NaN,
        "Normalized EBITDA": NaN,
        "Total Unusual Items": NaN,
        "Total Unusual Items Excluding Goodwill": NaN,
        "Net Income From Continuing Operation Net Minority Interest": NaN,
        "Reconciled Depreciation": NaN,
        "Reconciled Cost Of Revenue": NaN,
        "EBITDA": NaN,
        "EBIT": NaN,
        "Net Interest Income": NaN,
        "Interest Expense": NaN,
        "Interest Income": NaN,
        "Normalized Income": NaN,
        "Net Income From Continuing And Discontinued Operation": NaN,
        "Total Expenses": NaN,
        "Total Operating Income As Reported": NaN,
        "Diluted Average Shares": NaN,
        "Basic Average Shares": NaN,
        "Diluted EPS": NaN,
        "Basic EPS": NaN,
        "Diluted NI Availto Com Stockholders": NaN,
        "Net Income Common Stockholders": NaN,
        "Net Income": NaN,
        "Net Income Including Noncontrolling Interests": NaN,
        "Net Income Continuous Operations": NaN,
        "Tax Provision": NaN,
        "Pretax Income": NaN,
        "Other Income Expense": NaN,
        "Other Non Operating Income Expenses": NaN,
        "Special Income Charges": NaN,
        "Write Off": NaN,
        "Restructuring And Mergern Acquisition": 0.0,
        "Gain On Sale Of Security": NaN,
        "Net Non Operating Interest Income Expense": NaN,
        "Interest Expense Non Operating": NaN,
        "Interest Income Non Operating": NaN,
        "Operating Income": NaN,
        "Operating Expense": NaN,
        "Research And Development": NaN,
        "Selling General And Administration": NaN,
        "Selling And Marketing Expense": NaN,
        "General And Administrative Expense": NaN,
        "Other Gand A": NaN,
        "Salaries And Wages": 14115000.0,
        "Gross Profit": NaN,
        "Cost Of Revenue": NaN,
        "Total Revenue": NaN,
        "Operating Revenue": NaN
    },
    "2023-01-31": {
        "Tax Effect Of Unusual Items": NaN,
        "Tax Rate For Calcs": NaN,
        "Normalized EBITDA": NaN,
        "Total Unusual Items": NaN,
        "Total Unusual Items Excluding Goodwill": NaN,
        "Net Income From Continuing Operation Net Minority Interest": NaN,
        "Reconciled Depreciation": NaN,
        "Reconciled Cost Of Revenue": NaN,
        "EBITDA": NaN,
        "EBIT": NaN,
        "Net Interest Income": NaN,
        "Interest Expense": NaN,
        "Interest Income": NaN,
        "Normalized Income": NaN,
        "Net Income From Continuing And Discontinued Operation": NaN,
        "Total Expenses": NaN,
        "Total Operating Income As Reported": NaN,
        "Diluted Average Shares": NaN,
        "Basic Average Shares": NaN,
        "Diluted EPS": NaN,
        "Basic EPS": NaN,
        "Diluted NI Availto Com Stockholders": NaN,
        "Net Income Common Stockholders": NaN,
        "Net Income": NaN,
        "Net Income Including Noncontrolling Interests": NaN,
        "Net Income Continuous Operations": NaN,
        "Tax Provision": NaN,
        "Pretax Income": NaN,
        "Other Income Expense": NaN,
        "Other Non Operating Income Expenses": NaN,
        "Special Income Charges": NaN,
        "Write Off": NaN,
        "Restructuring And Mergern Acquisition": NaN,
        "Gain On Sale Of Security": NaN,
        "Net Non Operating Interest Income Expense": NaN,
        "Interest Expense Non Operating": NaN,
        "Interest Income Non Operating": NaN,
        "Operating Income": NaN,
        "Operating Expense": NaN,
        "Research And Development": NaN,
        "Selling General And Administration": NaN,
        "Selling And Marketing Expense": NaN,
        "General And Administrative Expense": NaN,
        "Other Gand A": NaN,
        "Salaries And Wages": 15081000.0,
        "Gross Profit": NaN,
        "Cost Of Revenue": NaN,
        "Total Revenue": NaN,
        "Operating Revenue": NaN
    },
    "2022-10-31": {
        "Tax Effect Of Unusual Items": NaN,
        "Tax Rate For Calcs": NaN,
        "Normalized EBITDA": NaN,
        "Total Unusual Items": NaN,
        "Total Unusual Items Excluding Goodwill": NaN,
        "Net Income From Continuing Operation Net Minority Interest": NaN,
        "Reconciled Depreciation": NaN,
        "Reconciled Cost Of Revenue": NaN,
        "EBITDA": NaN,
        "EBIT": NaN,
        "Net Interest Income": NaN,
        "Interest Expense": NaN,
        "Interest Income": NaN,
        "Normalized Income": NaN,
        "Net Income From Continuing And Discontinued Operation": NaN,
        "Total Expenses": NaN,
        "Total Operating Income As Reported": NaN,
        "Diluted Average Shares": NaN,
        "Basic Average Shares": NaN,
        "Diluted EPS": NaN,
        "Basic EPS": NaN,
        "Diluted NI Availto Com Stockholders": NaN,
        "Net Income Common Stockholders": NaN,
        "Net Income": NaN,
        "Net Income Including Noncontrolling Interests": NaN,
        "Net Income Continuous Operations": NaN,
        "Tax Provision": NaN,
        "Pretax Income": NaN,
        "Other Income Expense": NaN,
        "Other Non Operating Income Expenses": NaN,
        "Special Income Charges": NaN,
        "Write Off": 0.0,
        "Restructuring And Mergern Acquisition": NaN,
        "Gain On Sale Of Security": NaN,
        "Net Non Operating Interest Income Expense": NaN,
        "Interest Expense Non Operating": NaN,
        "Interest Income Non Operating": NaN,
        "Operating Income": NaN,
        "Operating Expense": NaN,
        "Research And Development": NaN,
        "Selling General And Administration": NaN,
        "Selling And Marketing Expense": NaN,
        "General And Administrative Expense": NaN,
        "Other Gand A": NaN,
        "Salaries And Wages": 17350000.0,
        "Gross Profit": NaN,
        "Cost Of Revenue": NaN,
        "Total Revenue": NaN,
        "Operating Revenue": NaN
    },
    "2022-07-31": {
        "Tax Effect Of Unusual Items": 0.0,
        "Tax Rate For Calcs": 0.269334,
        "Normalized EBITDA": 38249000.0,
        "Total Unusual Items": -2627000.0,
        "Total Unusual Items Excluding Goodwill": -2627000.0,
        "Net Income From Continuing Operation Net Minority Interest": 10922000.0,
        "Reconciled Depreciation": 23886000.0,
        "Reconciled Cost Of Revenue": 203204000.0,
        "EBITDA": 38249000.0,
        "EBIT": 14363000.0,
        "Net Interest Income": 1354000.0,
        "Interest Expense": 1001000.0,
        "Interest Income": 2355000.0,
        "Normalized Income": 10922000.0,
        "Net Income From Continuing And Discontinued Operation": 10922000.0,
        "Total Expenses": 632409000.0,
        "Total Operating Income As Reported": 14363000.0,
        "Diluted Average Shares": 312720000.0,
        "Basic Average Shares": 297475000.0,
        "Diluted EPS": 0.03,
        "Basic EPS": 0.04,
        "Diluted NI Availto Com Stockholders": 10922000.0,
        "Net Income Common Stockholders": 10922000.0,
        "Net Income": 10922000.0,
        "Net Income Including Noncontrolling Interests": 10922000.0,
        "Net Income Continuous Operations": 10922000.0,
        "Tax Provision": 4026000.0,
        "Pretax Income": 14948000.0,
        "Other Income Expense": 585000.0,
        "Other Non Operating Income Expenses": 585000.0,
        "Special Income Charges": NaN,
        "Write Off": NaN,
        "Gain On Sale Of Security": -2627000.0,
        "Net Non Operating Interest Income Expense": 1354000.0,
        "Interest Expense Non Operating": 1001000.0,
        "Interest Income Non Operating": 2355000.0,
        "Operating Income": 14363000.0,
        "Operating Expense": 429205000.0,
        "Research And Development": 165690000.0,
        "Selling General And Administration": 263515000.0,
        "Selling And Marketing Expense": 206836000.0,
        "General And Administrative Expense": 56679000.0,
        "Other Gand A": 56679000.0,
        "Salaries And Wages": 15620000.0,
        "Gross Profit": 443568000.0,
        "Cost Of Revenue": 203204000.0,
        "Total Revenue": 646772000.0,
        "Operating Revenue": 646772000.0
    },
    "2022-04-30": {
        "Diluted EPS": -0.04,
        "Total Revenue": 620,
        "Gross Profit": 426,
        "Operating Income": -5,
        "EBIT": 18,
        "Net Income": -12
    },
    "2022-01-31": {
        "Diluted EPS": 0.06,
        "Total Revenue": 709,
        "Gross Profit": 476,
        "Operating Income": 30,
        "EBIT": 62,
        "Net Income": 15
    },
    "2021-10-31": {
        "Diluted EPS": -0.1,
        "Total Revenue": 563,
        "Gross Profit": 375,
        "Operating Income": -18,
        "EBIT": 11,
        "Net Income": -29
    },
    "2021-07-31": {
        "Diluted EPS": -0.16,
        "Total Revenue": 497,
        "Gross Profit": 340,
        "Operating Income": -34,
        "EBIT": -7,
        "Net Income": -45
    },
    "2021-04-30": {
        "Diluted EPS": -0.3,
        "Total Revenue": 413,
        "Gross Profit": 282,
        "Operating Income": -76,
        "EBIT": -50,
        "Net Income": -84
    },
    "2021-01-31": {
        "Diluted EPS": -0.18,
        "Total Revenue": 503,
        "Gross Profit": 341,
        "Operating Income": -47,
        "EBIT": -19,
        "Net Income": -52
    },
    "2020-10-31": {
        "Diluted EPS": -0.28,
        "Total Revenue": 411,
        "Gross Profit": 277,
        "Operating Income": -65,
        "EBIT": -40,
        "Net Income": -74
    },
    "2020-07-31": {
        "Diluted EPS": -0.25,
        "Total Revenue": 404,
        "Gross Profit": 275,
        "Operating Income": -64,
        "EBIT": -40,
        "Net Income": -65
    },
    "2020-04-30": {
        "Diluted EPS": -0.34,
        "Total Revenue": 367,
        "Gross Profit": 257,
        "Operating Income": -85,
        "EBIT": -63,
        "Net Income": -91
    },
    "2020-01-31": {
        "Diluted EPS": 0.0,
        "Total Revenue": 492,
        "Gross Profit": 348,
        "Operating Income": -1,
        "EBIT": 29,
        "Net Income": -5
    },
    "2019-10-31": {
        "Diluted EPS": -0.12,
        "Total Revenue": 428,
        "Gross Profit": 301,
        "Operating Income": -28,
        "EBIT": 2,
        "Net Income": -30
    },
    "2019-07-31": {
        "Diluted EPS": -0.26,
        "Total Revenue": 396,
        "Gross Profit": 268,
        "Operating Income": -65,
        "EBIT": -36,
        "Net Income": -66
    },
    "2019-04-30": {
        "Diluted EPS": -0.41,
        "Total Revenue": 327,
        "Gross Profit": 216,
        "Operating Income": -97,
        "EBIT": -70,
        "Net Income": -100
    },
    "2019-01-31": {
        "Diluted EPS": -0.1,
        "Total Revenue": 422,
        "Gross Profit": 281,
        "Operating Income": -25,
        "EBIT": 1,
        "Net Income": -26
    },
    "2018-10-31": {
        "Diluted EPS": -0.12,
        "Total Revenue": 373,
        "Gross Profit": 249,
        "Operating Income": -27,
        "EBIT": -3,
        "Net Income": -28
    },
    "2018-07-31": {
        "Diluted EPS": -0.26,
        "Total Revenue": 309,
        "Gross Profit": 206,
        "Operating Income": -55,
        "EBIT": -32,
        "Net Income": -60
    },
    "2018-04-30": {
        "Diluted EPS": -0.29,
        "Total Revenue": 256,
        "Gross Profit": 166,
        "Operating Income": -62,
        "EBIT": -44,
        "Net Income": -64
    },
    "2018-01-31": {
        "Diluted EPS": -0.06,
        "Total Revenue": 340,
        "Gross Profit": 222,
        "Operating Income": -19,
        "EBIT": -3,
        "Net Income": -15
    },
    "2017-10-31": {
        "Diluted EPS": -0.14,
        "Total Revenue": 278,
        "Gross Profit": 182,
        "Operating Income": -30,
        "EBIT": -14,
        "Net Income": -29
    },
    "2017-07-31": {
        "Diluted EPS": -0.28,
        "Total Revenue": 225,
        "Gross Profit": 148,
        "Operating Income": -61,
        "EBIT": -46,
        "Net Income": -58
    },
    "2017-04-30": {
        "Diluted EPS": -0.28,
        "Total Revenue": 183,
        "Gross Profit": 119,
        "Operating Income": -58,
        "EBIT": -43,
        "Net Income": -57
    },
    "2017-01-31": {
        "Diluted EPS": -0.09,
        "Total Revenue": 239,
        "Gross Profit": 160,
        "Operating Income": -19,
        "EBIT": -5,
        "Net Income": -19
    },
    "2016-10-31": {
        "Diluted EPS": -0.4,
        "Total Revenue": 197,
        "Gross Profit": 128,
        "Operating Income": -78,
        "EBIT": -65,
        "Net Income": -79
    },
    "2016-07-31": {
        "Diluted EPS": -0.31,
        "Total Revenue": 163,
        "Gross Profit": 106,
        "Operating Income": -59,
        "EBIT": -48,
        "Net Income": -60
    },
    "2016-04-30": {
        "Diluted EPS": -0.34,
        "Total Revenue": 140,
        "Gross Profit": 93,
        "Operating Income": -65,
        "EBIT": -54,
        "Net Income": -64
    },
    "2016-01-31": {
        "Diluted EPS": 1.57,
        "Total Revenue": 150,
        "Gross Profit": 98,
        "Operating Income": -43,
        "EBIT": -34,
        "Net Income": -44
    },
    "2015-10-31": {
        "Diluted EPS": -0.76,
        "Total Revenue": 131,
        "Gross Profit": 80,
        "Operating Income": -56,
        "EBIT": -47,
        "Net Income": -57
    },
    "2015-07-31": {
        "Diluted EPS": -1.89,
        "Total Revenue": 85,
        "Gross Profit": 50,
        "Operating Income": -63,
        "EBIT": -56,
        "Net Income": -64
    },
    "2015-04-30": {
        "Diluted EPS": -1.51,
        "Total Revenue": 74,
        "Gross Profit": 44,
        "Operating Income": -48,
        "EBIT": -42,
        "Net Income": -49
    },
    "2015-01-31": {
        "Diluted EPS": 0.0,
        "Total Revenue": NaN,
        "Gross Profit": NaN,
        "Operating Income": NaN,
        "EBIT": NaN,
        "Net Income": NaN
    },
    "2014-10-31": {
        "Diluted EPS": -1.43,
        "Total Revenue": 49,
        "Gross Profit": 29,
        "Operating Income": -40,
        "EBIT": -40,
        "Net Income": -40
    },
    "2014-01-31": {
        "Diluted EPS": 0.0,
        "Total Revenue": NaN,
        "Gross Profit": NaN,
        "Operating Income": NaN,
        "EBIT": NaN,
        "Net Income": NaN
    },
    "2023-07-31": {
        "Tax Effect Of Unusual Items": NaN,
        "Tax Rate For Calcs": NaN,
        "Normalized EBITDA": NaN,
        "Total Unusual Items": NaN,
        "Total Unusual Items Excluding Goodwill": NaN,
        "Net Income From Continuing Operation Net Minority Interest": NaN,
        "Reconciled Depreciation": NaN,
        "Reconciled Cost Of Revenue": NaN,
        "EBITDA": NaN,
        "EBIT": NaN,
        "Net Interest Income": NaN,
        "Interest Expense": NaN,
        "Interest Income": NaN,
        "Normalized Income": NaN,
        "Net Income From Continuing And Discontinued Operation": NaN,
        "Total Expenses": NaN,
        "Total Operating Income As Reported": NaN,
        "Diluted Average Shares": NaN,
        "Basic Average Shares": NaN,
        "Diluted EPS": NaN,
        "Basic EPS": NaN,
        "Diluted NI Availto Com Stockholders": NaN,
        "Net Income Common Stockholders": NaN,
        "Net Income": NaN,
        "Net Income Including Noncontrolling Interests": NaN,
        "Net Income Continuous Operations": NaN,
        "Tax Provision": NaN,
        "Pretax Income": NaN,
        "Other Income Expense": NaN,
        "Other Non Operating Income Expenses": NaN,
        "Special Income Charges": NaN,
        "Write Off": 16766000.0,
        "Restructuring And Mergern Acquisition": NaN,
        "Gain On Sale Of Security": NaN,
        "Net Non Operating Interest Income Expense": NaN,
        "Interest Expense Non Operating": NaN,
        "Interest Income Non Operating": NaN,
        "Operating Income": NaN,
        "Operating Expense": NaN,
        "Research And Development": NaN,
        "Selling General And Administration": NaN,
        "Selling And Marketing Expense": NaN,
        "General And Administrative Expense": NaN,
        "Other Gand A": NaN,
        "Salaries And Wages": 35553000.0,
        "Gross Profit": NaN,
        "Cost Of Revenue": NaN,
        "Total Revenue": NaN,
        "Operating Revenue": NaN
    },
    "2023-10-31": {
        "Tax Effect Of Unusual Items": NaN,
        "Tax Rate For Calcs": NaN,
        "Normalized EBITDA": NaN,
        "Total Unusual Items": NaN,
        "Total Unusual Items Excluding Goodwill": NaN,
        "Net Income From Continuing Operation Net Minority Interest": NaN,
        "Reconciled Depreciation": NaN,
        "Reconciled Cost Of Revenue": NaN,
        "EBITDA": NaN,
        "EBIT": NaN,
        "Net Interest Income": NaN,
        "Interest Expense": NaN,
        "Interest Income": NaN,
        "Normalized Income": NaN,
        "Net Income From Continuing And Discontinued Operation": NaN,
        "Total Expenses": NaN,
        "Total Operating Income As Reported": NaN,
        "Diluted Average Shares": NaN,
        "Basic Average Shares": NaN,
        "Diluted EPS": NaN,
        "Basic EPS": NaN,
        "Diluted NI Availto Com Stockholders": NaN,
        "Net Income Common Stockholders": NaN,
        "Net Income": NaN,
        "Net Income Including Noncontrolling Interests": NaN,
        "Net Income Continuous Operations": NaN,
        "Tax Provision": NaN,
        "Pretax Income": NaN,
        "Other Income Expense": NaN,
        "Other Non Operating Income Expenses": NaN,
        "Special Income Charges": NaN,
        "Write Off": 0.0,
        "Restructuring And Mergern Acquisition": NaN,
        "Gain On Sale Of Security": NaN,
        "Net Non Operating Interest Income Expense": NaN,
        "Interest Expense Non Operating": NaN,
        "Interest Income Non Operating": NaN,
        "Operating Income": NaN,
        "Operating Expense": NaN,
        "Research And Development": NaN,
        "Selling General And Administration": NaN,
        "Selling And Marketing Expense": NaN,
        "General And Administrative Expense": NaN,
        "Other Gand A": NaN,
        "Gross Profit": NaN,
        "Cost Of Revenue": NaN,
        "Total Revenue": NaN,
        "Operating Revenue": NaN
    },
    "2024-01-31": {
        "Tax Effect Of Unusual Items": NaN,
        "Tax Rate For Calcs": NaN,
        "Normalized EBITDA": NaN,
        "Total Unusual Items": NaN,
        "Total Unusual Items Excluding Goodwill": NaN,
        "Net Income From Continuing Operation Net Minority Interest": NaN,
        "Reconciled Depreciation": NaN,
        "Reconciled Cost Of Revenue": NaN,
        "EBITDA": NaN,
        "EBIT": NaN,
        "Net Interest Income": NaN,
        "Interest Expense": NaN,
        "Interest Income": NaN,
        "Normalized Income": NaN,
        "Net Income From Continuing And Discontinued Operation": NaN,
        "Total Expenses": NaN,
        "Total Operating Income As Reported": NaN,
        "Diluted Average Shares": 332014000.0,
        "Basic Average Shares": 317731000.0,
        "Diluted EPS": 0.2,
        "Basic EPS": 0.21,
        "Diluted NI Availto Com Stockholders": NaN,
        "Net Income Common Stockholders": NaN,
        "Net Income": NaN,
        "Net Income Including Noncontrolling Interests": NaN,
        "Net Income Continuous Operations": NaN,
        "Tax Provision": NaN,
        "Pretax Income": NaN,
        "Other Income Expense": NaN,
        "Other Non Operating Income Expenses": NaN,
        "Special Income Charges": NaN,
        "Write Off": NaN,
        "Restructuring And Mergern Acquisition": NaN,
        "Gain On Sale Of Security": NaN,
        "Net Non Operating Interest Income Expense": NaN,
        "Interest Expense Non Operating": NaN,
        "Interest Income Non Operating": NaN,
        "Operating Income": NaN,
        "Operating Expense": NaN,
        "Research And Development": NaN,
        "Selling General And Administration": NaN,
        "Selling And Marketing Expense": NaN,
        "General And Administrative Expense": NaN,
        "Other Gand A": NaN,
        "Gross Profit": NaN,
        "Cost Of Revenue": NaN,
        "Total Revenue": NaN,
        "Operating Revenue": NaN
    },
    "2024-04-30": {
        "Tax Effect Of Unusual Items": -3778530.0,
        "Tax Rate For Calcs": 0.21,
        "Normalized EBITDA": 26265000.0,
        "Total Unusual Items": -17993000.0,
        "Total Unusual Items Excluding Goodwill": -17993000.0,
        "Net Income From Continuing Operation Net Minority Interest": -35009000.0,
        "Reconciled Depreciation": 33943000.0,
        "Reconciled Cost Of Revenue": 197773000.0,
        "EBITDA": 8272000.0,
        "EBIT": -25671000.0,
        "Net Interest Income": 16178000.0,
        "Interest Expense": 2012000.0,
        "Interest Income": 18190000.0,
        "Normalized Income": -20794530.0,
        "Net Income From Continuing And Discontinued Operation": -35009000.0,
        "Total Expenses": 719352000.0,
        "Total Operating Income As Reported": -41774000.0,
        "Diluted Average Shares": 322589000.0,
        "Basic Average Shares": 322589000.0,
        "Diluted EPS": -0.11,
        "Basic EPS": -0.11,
        "Diluted NI Availto Com Stockholders": -35009000.0,
        "Net Income Common Stockholders": -35009000.0,
        "Net Income": -35009000.0,
        "Net Income Including Noncontrolling Interests": -35009000.0,
        "Net Income Continuous Operations": -35009000.0,
        "Tax Provision": 7326000.0,
        "Pretax Income": -27683000.0,
        "Other Income Expense": -17988000.0,
        "Other Non Operating Income Expenses": 5000.0,
        "Special Income Charges": -15901000.0,
        "Write Off": NaN,
        "Restructuring And Mergern Acquisition": 15901000.0,
        "Gain On Sale Of Security": -2092000.0,
        "Net Non Operating Interest Income Expense": 16178000.0,
        "Interest Expense Non Operating": 2012000.0,
        "Interest Income Non Operating": 18190000.0,
        "Operating Income": -25873000.0,
        "Operating Expense": 521579000.0,
        "Research And Development": 193820000.0,
        "Selling General And Administration": 327759000.0,
        "Selling And Marketing Expense": 250972000.0,
        "General And Administrative Expense": 76787000.0,
        "Other Gand A": 76787000.0,
        "Gross Profit": 495706000.0,
        "Cost Of Revenue": 197773000.0,
        "Total Revenue": 693479000.0,
        "Operating Revenue": 693479000.0
    },
    "2024-07-31": {
        "Tax Effect Of Unusual Items": 191090.601377,
        "Tax Rate For Calcs": 0.19499,
        "Normalized EBITDA": 81248000.0,
        "Total Unusual Items": 980000.0,
        "Total Unusual Items Excluding Goodwill": 980000.0,
        "Net Income From Continuing Operation Net Minority Interest": 35674000.0,
        "Reconciled Depreciation": 35884000.0,
        "Reconciled Cost Of Revenue": 223691000.0,
        "EBITDA": 82228000.0,
        "EBIT": 46344000.0,
        "Net Interest Income": 18513000.0,
        "Interest Expense": 2029000.0,
        "Interest Income": 20542000.0,
        "Normalized Income": 34885090.601377,
        "Net Income From Continuing And Discontinued Operation": 35674000.0,
        "Total Expenses": 738893000.0,
        "Total Operating Income As Reported": 24878000.0,
        "Diluted Average Shares": 343443000.0,
        "Basic Average Shares": 326326000.0,
        "Diluted EPS": 0.1,
        "Basic EPS": 0.11,
        "Diluted NI Availto Com Stockholders": 35674000.0,
        "Net Income Common Stockholders": 35674000.0,
        "Net Income": 35674000.0,
        "Net Income Including Noncontrolling Interests": 35674000.0,
        "Net Income Continuous Operations": 35674000.0,
        "Tax Provision": 8641000.0,
        "Pretax Income": 44315000.0,
        "Other Income Expense": 924000.0,
        "Other Non Operating Income Expenses": -56000.0,
        "Special Income Charges": 0.0,
        "Write Off": NaN,
        "Restructuring And Mergern Acquisition": NaN,
        "Gain On Sale Of Security": 980000.0,
        "Net Non Operating Interest Income Expense": 18513000.0,
        "Interest Expense Non Operating": 2029000.0,
        "Interest Income Non Operating": 20542000.0,
        "Operating Income": 24878000.0,
        "Operating Expense": 515202000.0,
        "Research And Development": 195490000.0,
        "Selling General And Administration": 319712000.0,
        "Selling And Marketing Expense": 250267000.0,
        "General And Administrative Expense": 69445000.0,
        "Other Gand A": 69445000.0,
        "Gross Profit": 540080000.0,
        "Cost Of Revenue": 223691000.0,
        "Total Revenue": 763771000.0,
        "Operating Revenue": 763771000.0
    },
    "2024-10-31": {
        "Tax Effect Of Unusual Items": -198980.154341,
        "Tax Rate For Calcs": 0.171831,
        "Normalized EBITDA": 107628000.0,
        "Total Unusual Items": -1158000.0,
        "Total Unusual Items Excluding Goodwill": -1158000.0,
        "Net Income From Continuing Operation Net Minority Interest": 63639000.0,
        "Reconciled Depreciation": 27702000.0,
        "Reconciled Cost Of Revenue": 248150000.0,
        "EBITDA": 106470000.0,
        "EBIT": 78768000.0,
        "Net Interest Income": 18224000.0,
        "Interest Expense": 1925000.0,
        "Interest Income": 20149000.0,
        "Normalized Income": 64598019.845659,
        "Net Income From Continuing And Discontinued Operation": 63639000.0,
        "Total Expenses": 771385000.0,
        "Total Operating Income As Reported": 59687000.0,
        "Diluted Average Shares": 340564000.0,
        "Basic Average Shares": 327675000.0,
        "Diluted EPS": 0.19,
        "Basic EPS": 0.19,
        "Diluted NI Availto Com Stockholders": 63639000.0,
        "Net Income Common Stockholders": 63639000.0,
        "Net Income": 63639000.0,
        "Net Income Including Noncontrolling Interests": 63639000.0,
        "Net Income Continuous Operations": 63639000.0,
        "Tax Provision": 13204000.0,
        "Pretax Income": 76843000.0,
        "Other Income Expense": -1068000.0,
        "Other Non Operating Income Expenses": 90000.0,
        "Special Income Charges": 0.0,
        "Write Off": NaN,
        "Restructuring And Mergern Acquisition": NaN,
        "Gain On Sale Of Security": -1158000.0,
        "Net Non Operating Interest Income Expense": 18224000.0,
        "Interest Expense Non Operating": 1925000.0,
        "Interest Income Non Operating": 20149000.0,
        "Operating Income": 59687000.0,
        "Operating Expense": 523235000.0,
        "Research And Development": 200086000.0,
        "Selling General And Administration": 323149000.0,
        "Selling And Marketing Expense": 255830000.0,
        "General And Administrative Expense": 67319000.0,
        "Other Gand A": 67319000.0,
        "Gross Profit": 582922000.0,
        "Cost Of Revenue": 248150000.0,
        "Total Revenue": 831072000.0,
        "Operating Revenue": 831072000.0
    },
    "2025-01-31": {
        "Tax Effect Of Unusual Items": -1493817.767067,
        "Tax Rate For Calcs": 0.219357,
        "Normalized EBITDA": 92141000.0,
        "Total Unusual Items": -6810000.0,
        "Total Unusual Items Excluding Goodwill": -6810000.0,
        "Net Income From Continuing Operation Net Minority Interest": 42435000.0,
        "Reconciled Depreciation": 29125000.0,
        "Reconciled Cost Of Revenue": 285841000.0,
        "EBITDA": 85331000.0,
        "EBIT": 56206000.0,
        "Net Interest Income": 15288000.0,
        "Interest Expense": 1847000.0,
        "Interest Income": 17135000.0,
        "Normalized Income": 47751182.232933,
        "Net Income From Continuing And Discontinued Operation": 42435000.0,
        "Total Expenses": 837375000.0,
        "Total Operating Income As Reported": 42467000.0,
        "Diluted Average Shares": NaN,
        "Basic Average Shares": NaN,
        "Diluted EPS": NaN,
        "Basic EPS": NaN,
        "Diluted NI Availto Com Stockholders": 42435000.0,
        "Net Income Common Stockholders": 42435000.0,
        "Net Income": 42435000.0,
        "Net Income Including Noncontrolling Interests": 42435000.0,
        "Net Income Continuous Operations": 42435000.0,
        "Tax Provision": 11924000.0,
        "Pretax Income": 54359000.0,
        "Other Income Expense": -3396000.0,
        "Other Non Operating Income Expenses": 3414000.0,
        "Special Income Charges": 0.0,
        "Write Off": NaN,
        "Restructuring And Mergern Acquisition": NaN,
        "Gain On Sale Of Security": -6810000.0,
        "Net Non Operating Interest Income Expense": 15288000.0,
        "Interest Expense Non Operating": 1847000.0,
        "Interest Income Non Operating": 17135000.0,
        "Operating Income": 42467000.0,
        "Operating Expense": 551534000.0,
        "Research And Development": 215009000.0,
        "Selling General And Administration": 336525000.0,
        "Selling And Marketing Expense": 263845000.0,
        "General And Administrative Expense": 72680000.0,
        "Other Gand A": 72680000.0,
        "Gross Profit": 594001000.0,
        "Cost Of Revenue": 285841000.0,
        "Total Revenue": 879842000.0,
        "Operating Revenue": 879842000.0
    },
    "2025-04-30": {
        "Tax Effect Of Unusual Items": 3040590.0,
        "Tax Rate For Calcs": 0.21,
        "Normalized EBITDA": 21582000.0,
        "Total Unusual Items": 14479000.0,
        "Total Unusual Items Excluding Goodwill": 14479000.0,
        "Net Income From Continuing Operation Net Minority Interest": -13995000.0,
        "Reconciled Depreciation": 33770000.0,
        "Reconciled Cost Of Revenue": 242332000.0,
        "EBITDA": 36061000.0,
        "EBIT": 2291000.0,
        "Net Interest Income": 15069000.0,
        "Interest Expense": 1807000.0,
        "Interest Income": 16876000.0,
        "Normalized Income": -25433410.0,
        "Net Income From Continuing And Discontinued Operation": -13995000.0,
        "Total Expenses": 809656000.0,
        "Total Operating Income As Reported": -31171000.0,
        "Diluted Average Shares": 326539000.0,
        "Basic Average Shares": 326539000.0,
        "Diluted EPS": -0.04,
        "Basic EPS": -0.04,
        "Diluted NI Availto Com Stockholders": -13995000.0,
        "Net Income Common Stockholders": -13995000.0,
        "Net Income": -13995000.0,
        "Net Income Including Noncontrolling Interests": -13995000.0,
        "Net Income Continuous Operations": -13995000.0,
        "Tax Provision": 14479000.0,
        "Pretax Income": 484000.0,
        "Other Income Expense": 16586000.0,
        "Other Non Operating Income Expenses": 2107000.0,
        "Special Income Charges": 0.0,
        "Write Off": NaN,
        "Restructuring And Mergern Acquisition": NaN,
        "Gain On Sale Of Security": 14479000.0,
        "Net Non Operating Interest Income Expense": 15069000.0,
        "Interest Expense Non Operating": 1807000.0,
        "Interest Income Non Operating": 16876000.0,
        "Operating Income": -31171000.0,
        "Operating Expense": 567324000.0,
        "Research And Development": 221740000.0,
        "Selling General And Administration": 345584000.0,
        "Selling And Marketing Expense": 278512000.0,
        "General And Administrative Expense": 67072000.0,
        "Other Gand A": 67072000.0,
        "Gross Profit": 536153000.0,
        "Cost Of Revenue": 242332000.0,
        "Total Revenue": 778485000.0,
        "Operating Revenue": 778485000.0
    }
}