{
    "2023-06-30": {
        "Tax Effect Of Unusual Items": NaN,
        "Tax Rate For Calcs": NaN,
        "Normalized EBITDA": NaN,
        "Total Unusual Items": NaN,
        "Total Unusual Items Excluding Goodwill": NaN,
        "Net Income From Continuing Operation Net Minority Interest": NaN,
        "Reconciled Depreciation": NaN,
        "Reconciled Cost Of Revenue": NaN,
        "EBITDA": NaN,
        "EBIT": NaN,
        "Net Interest Income": NaN,
        "Interest Expense": NaN,
        "Normalized Income": NaN,
        "Net Income From Continuing And Discontinued Operation": NaN,
        "Total Expenses": NaN,
        "Total Operating Income As Reported": NaN,
        "Diluted Average Shares": 119392000.0,
        "Basic Average Shares": 118483000.0,
        "Diluted EPS": 0.51,
        "Basic EPS": 0.52,
        "Diluted NI Availto Com Stockholders": NaN,
        "Net Income Common Stockholders": NaN,
        "Net Income": NaN,
        "Net Income Including Noncontrolling Interests": NaN,
        "Net Income Continuous Operations": NaN,
        "Tax Provision": NaN,
        "Pretax Income": NaN,
        "Other Income Expense": NaN,
        "Other Non Operating Income Expenses": NaN,
        "Special Income Charges": NaN,
        "Restructuring And Mergern Acquisition": NaN,
        "Net Non Operating Interest Income Expense": NaN,
        "Interest Expense Non Operating": NaN,
        "Operating Income": NaN,
        "Operating Expense": NaN,
        "Depreciation Amortization Depletion Income Statement": NaN,
        "Depreciation And Amortization In Income Statement": NaN,
        "Amortization": NaN,
        "Amortization Of Intangibles Income Statement": NaN,
        "Research And Development": NaN,
        "Selling General And Administration": NaN,
        "Selling And Marketing Expense": NaN,
        "General And Administrative Expense": NaN,
        "Other Gand A": NaN,
        "Gross Profit": NaN,
        "Cost Of Revenue": NaN,
        "Total Revenue": NaN,
        "Operating Revenue": NaN
    },
    "2023-03-31": {
        "Tax Effect Of Unusual Items": -220.0,
        "Tax Rate For Calcs": 0.22,
        "Normalized EBITDA": 158814000.0,
        "Total Unusual Items": -1000.0,
        "Total Unusual Items Excluding Goodwill": -1000.0,
        "Net Income From Continuing Operation Net Minority Interest": 63504000.0,
        "Reconciled Depreciation": 36219000.0,
        "Reconciled Cost Of Revenue": 87943000.0,
        "EBITDA": 158813000.0,
        "EBIT": 122594000.0,
        "Net Interest Income": -41525000.0,
        "Interest Expense": 41525000.0,
        "Normalized Income": 63504780.0,
        "Net Income From Continuing And Discontinued Operation": 63504000.0,
        "Total Expenses": 419641000.0,
        "Total Operating Income As Reported": 122539000.0,
        "Diluted Average Shares": 119041000.0,
        "Basic Average Shares": 118260000.0,
        "Diluted EPS": 0.53,
        "Basic EPS": 0.54,
        "Diluted NI Availto Com Stockholders": 63504000.0,
        "Net Income Common Stockholders": 63504000.0,
        "Net Income": 63504000.0,
        "Net Income Including Noncontrolling Interests": 63504000.0,
        "Net Income Continuous Operations": 63504000.0,
        "Tax Provision": 17565000.0,
        "Pretax Income": 81069000.0,
        "Other Income Expense": 54000.0,
        "Other Non Operating Income Expenses": 55000.0,
        "Special Income Charges": -1000.0,
        "Other Special Charges": NaN,
        "Restructuring And Mergern Acquisition": 1000.0,
        "Net Non Operating Interest Income Expense": -41525000.0,
        "Interest Expense Non Operating": 41525000.0,
        "Operating Income": 122540000.0,
        "Operating Expense": 306135000.0,
        "Depreciation Amortization Depletion Income Statement": 10656000.0,
        "Depreciation And Amortization In Income Statement": 10656000.0,
        "Amortization": 10656000.0,
        "Amortization Of Intangibles Income Statement": 10656000.0,
        "Research And Development": 100349000.0,
        "Selling General And Administration": 195130000.0,
        "Selling And Marketing Expense": 129207000.0,
        "General And Administrative Expense": 65923000.0,
        "Other Gand A": 65923000.0,
        "Gross Profit": 428675000.0,
        "Cost Of Revenue": 113506000.0,
        "Total Revenue": 542181000.0,
        "Operating Revenue": 542181000.0
    },
    "2022-12-31": {
        "Tax Effect Of Unusual Items": NaN,
        "Tax Rate For Calcs": NaN,
        "Normalized EBITDA": NaN,
        "Total Unusual Items": NaN,
        "Total Unusual Items Excluding Goodwill": NaN,
        "Net Income From Continuing Operation Net Minority Interest": NaN,
        "Reconciled Depreciation": NaN,
        "Reconciled Cost Of Revenue": NaN,
        "EBITDA": NaN,
        "EBIT": NaN,
        "Net Interest Income": NaN,
        "Interest Expense": NaN,
        "Normalized Income": NaN,
        "Net Income From Continuing And Discontinued Operation": NaN,
        "Total Expenses": NaN,
        "Total Operating Income As Reported": NaN,
        "Diluted Average Shares": NaN,
        "Basic Average Shares": NaN,
        "Diluted EPS": NaN,
        "Basic EPS": NaN,
        "Diluted NI Availto Com Stockholders": NaN,
        "Net Income Common Stockholders": NaN,
        "Net Income": NaN,
        "Net Income Including Noncontrolling Interests": NaN,
        "Net Income Continuous Operations": NaN,
        "Tax Provision": NaN,
        "Pretax Income": NaN,
        "Other Income Expense": NaN,
        "Other Non Operating Income Expenses": NaN,
        "Special Income Charges": NaN,
        "Other Special Charges": -338000.0,
        "Restructuring And Mergern Acquisition": NaN,
        "Net Non Operating Interest Income Expense": NaN,
        "Interest Expense Non Operating": NaN,
        "Operating Income": NaN,
        "Operating Expense": NaN,
        "Depreciation Amortization Depletion Income Statement": NaN,
        "Depreciation And Amortization In Income Statement": NaN,
        "Amortization": NaN,
        "Amortization Of Intangibles Income Statement": NaN,
        "Research And Development": NaN,
        "Selling General And Administration": NaN,
        "Selling And Marketing Expense": NaN,
        "General And Administrative Expense": NaN,
        "Other Gand A": NaN,
        "Gross Profit": NaN,
        "Cost Of Revenue": NaN,
        "Total Revenue": NaN,
        "Operating Revenue": NaN
    },
    "2022-09-30": {
        "Tax Effect Of Unusual Items": 145170.791539,
        "Tax Rate For Calcs": 0.222314,
        "Normalized EBITDA": 175147000.0,
        "Total Unusual Items": 653000.0,
        "Total Unusual Items Excluding Goodwill": 653000.0,
        "Net Income From Continuing Operation Net Minority Interest": 106837000.0,
        "Reconciled Depreciation": 30436000.0,
        "Reconciled Cost Of Revenue": 74199000.0,
        "EBITDA": 175800000.0,
        "EBIT": 145364000.0,
        "Net Interest Income": -12785000.0,
        "Interest Expense": 15285000.0,
        "Normalized Income": 106329170.791539,
        "Net Income From Continuing And Discontinued Operation": 106837000.0,
        "Total Expenses": 362561000.0,
        "Total Operating Income As Reported": 146017000.0,
        "Diluted Average Shares": 118634000.0,
        "Basic Average Shares": 117431000.0,
        "Diluted EPS": 0.9,
        "Basic EPS": 0.91,
        "Diluted NI Availto Com Stockholders": 106837000.0,
        "Net Income Common Stockholders": 106837000.0,
        "Net Income": 106837000.0,
        "Net Income Including Noncontrolling Interests": 106837000.0,
        "Net Income Continuous Operations": 106837000.0,
        "Tax Provision": 30541000.0,
        "Pretax Income": 137378000.0,
        "Other Income Expense": -7986000.0,
        "Other Non Operating Income Expenses": -8639000.0,
        "Special Income Charges": 653000.0,
        "Other Special Charges": NaN,
        "Restructuring And Mergern Acquisition": -653000.0,
        "Net Non Operating Interest Income Expense": -12785000.0,
        "Interest Expense Non Operating": 15285000.0,
        "Operating Income": 145364000.0,
        "Operating Expense": 267031000.0,
        "Depreciation Amortization Depletion Income Statement": 9105000.0,
        "Depreciation And Amortization In Income Statement": 9105000.0,
        "Amortization": 9105000.0,
        "Amortization Of Intangibles Income Statement": 9105000.0,
        "Research And Development": 88183000.0,
        "Selling General And Administration": 169743000.0,
        "Selling And Marketing Expense": 119038000.0,
        "General And Administrative Expense": 50705000.0,
        "Other Gand A": 50705000.0,
        "Gross Profit": 412395000.0,
        "Cost Of Revenue": 95530000.0,
        "Total Revenue": 507925000.0,
        "Operating Revenue": 507925000.0
    },
    "2022-06-30": {
        "Tax Effect Of Unusual Items": -1340434.578976,
        "Tax Rate For Calcs": 0.300681,
        "Normalized EBITDA": 119492000.0,
        "Total Unusual Items": -4458000.0,
        "Total Unusual Items Excluding Goodwill": -4458000.0,
        "Net Income From Continuing Operation Net Minority Interest": 70476000.0,
        "Reconciled Depreciation": 30599000.0,
        "Reconciled Cost Of Revenue": 80327000.0,
        "EBITDA": 115034000.0,
        "EBIT": 84435000.0,
        "Net Interest Income": -13758000.0,
        "Interest Expense": 13758000.0,
        "Normalized Income": 73593565.421024,
        "Net Income From Continuing And Discontinued Operation": 70476000.0,
        "Total Expenses": 378039000.0,
        "Total Operating Income As Reported": 79977000.0,
        "Diluted Average Shares": 117968000.0,
        "Basic Average Shares": 117073000.0,
        "Diluted EPS": 0.6,
        "Basic EPS": 0.6,
        "Diluted NI Availto Com Stockholders": 70476000.0,
        "Net Income Common Stockholders": 70476000.0,
        "Net Income": 70476000.0,
        "Net Income Including Noncontrolling Interests": 70476000.0,
        "Net Income Continuous Operations": 70476000.0,
        "Tax Provision": 30302000.0,
        "Pretax Income": 100778000.0,
        "Other Income Expense": 16343000.0,
        "Other Non Operating Income Expenses": 20801000.0,
        "Special Income Charges": -4458000.0,
        "Other Special Charges": NaN,
        "Restructuring And Mergern Acquisition": 4458000.0,
        "Net Non Operating Interest Income Expense": -13758000.0,
        "Interest Expense Non Operating": 13758000.0,
        "Operating Income": 84435000.0,
        "Operating Expense": 276044000.0,
        "Depreciation Amortization Depletion Income Statement": 8931000.0,
        "Depreciation And Amortization In Income Statement": 8931000.0,
        "Amortization": 8931000.0,
        "Amortization Of Intangibles Income Statement": 8931000.0,
        "Research And Development": 88170000.0,
        "Selling General And Administration": 178943000.0,
        "Selling And Marketing Expense": 124325000.0,
        "General And Administrative Expense": 54618000.0,
        "Other Gand A": 54618000.0,
        "Gross Profit": 360479000.0,
        "Cost Of Revenue": 101995000.0,
        "Total Revenue": 462474000.0,
        "Operating Revenue": 462474000.0
    },
    "2022-03-31": {
        "Diluted EPS": 0.76,
        "Total Revenue": 505,
        "Gross Profit": 412,
        "Operating Income": 159,
        "EBIT": 189,
        "Net Income": 90
    },
    "2021-12-31": {
        "Diluted EPS": 0.39,
        "Total Revenue": 458,
        "Gross Profit": 363,
        "Operating Income": 62,
        "EBIT": 93,
        "Net Income": 46
    },
    "2021-09-30": {
        "Diluted EPS": 2.48,
        "Total Revenue": 481,
        "Gross Profit": 381,
        "Operating Income": 115,
        "EBIT": 147,
        "Net Income": 293
    },
    "2021-06-30": {
        "Diluted EPS": 0.43,
        "Total Revenue": 436,
        "Gross Profit": 341,
        "Operating Income": 74,
        "EBIT": 105,
        "Net Income": 51
    },
    "2021-03-31": {
        "Diluted EPS": 0.92,
        "Total Revenue": 462,
        "Gross Profit": 372,
        "Operating Income": 102,
        "EBIT": 133,
        "Net Income": 109
    },
    "2020-12-31": {
        "Diluted EPS": 0.2,
        "Total Revenue": 429,
        "Gross Profit": 342,
        "Operating Income": 90,
        "EBIT": 119,
        "Net Income": 24
    },
    "2020-09-30": {
        "Diluted EPS": 0.45,
        "Total Revenue": 391,
        "Gross Profit": 306,
        "Operating Income": 67,
        "EBIT": 96,
        "Net Income": 53
    },
    "2020-06-30": {
        "Diluted EPS": 0.3,
        "Total Revenue": 352,
        "Gross Profit": 272,
        "Operating Income": 63,
        "EBIT": 94,
        "Net Income": 35
    },
    "2020-03-31": {
        "Diluted EPS": 0.06,
        "Total Revenue": 360,
        "Gross Profit": 277,
        "Operating Income": 50,
        "EBIT": 81,
        "Net Income": 7
    },
    "2019-12-31": {
        "Diluted EPS": 0.31,
        "Total Revenue": 356,
        "Gross Profit": 269,
        "Operating Income": 30,
        "EBIT": 59,
        "Net Income": 35
    },
    "2019-09-30": {
        "Diluted EPS": 0.09,
        "Total Revenue": 335,
        "Gross Profit": 250,
        "Operating Income": 47,
        "EBIT": 66,
        "Net Income": 10
    },
    "2019-06-30": {
        "Diluted EPS": -0.13,
        "Total Revenue": 295,
        "Gross Profit": 213,
        "Operating Income": 9,
        "EBIT": 28,
        "Net Income": -15
    },
    "2019-03-31": {
        "Diluted EPS": -0.37,
        "Total Revenue": 290,
        "Gross Profit": 211,
        "Operating Income": -23,
        "EBIT": -3,
        "Net Income": -44
    },
    "2018-12-31": {
        "Diluted EPS": 0.18,
        "Total Revenue": 335,
        "Gross Profit": 257,
        "Operating Income": 30,
        "EBIT": 50,
        "Net Income": 21
    },
    "2018-09-30": {
        "Diluted EPS": 0.11,
        "Total Revenue": 313,
        "Gross Profit": 234,
        "Operating Income": 12,
        "EBIT": 34,
        "Net Income": 13
    },
    "2018-06-30": {
        "Diluted EPS": 0.14,
        "Total Revenue": 315,
        "Gross Profit": 233,
        "Operating Income": 22,
        "EBIT": 44,
        "Net Income": 17
    },
    "2018-03-31": {
        "Diluted EPS": 0.07,
        "Total Revenue": 308,
        "Gross Profit": 224,
        "Operating Income": 22,
        "EBIT": 44,
        "Net Income": 8
    },
    "2017-12-31": {
        "Diluted EPS": 0.12,
        "Total Revenue": 307,
        "Gross Profit": 224,
        "Operating Income": 17,
        "EBIT": 38,
        "Net Income": 14
    },
    "2017-09-30": {
        "Diluted EPS": 0.15,
        "Total Revenue": 306,
        "Gross Profit": 224,
        "Operating Income": 18,
        "EBIT": 41,
        "Net Income": 17
    },
    "2017-06-30": {
        "Diluted EPS": -0.01,
        "Total Revenue": 291,
        "Gross Profit": 209,
        "Operating Income": 11,
        "EBIT": 33,
        "Net Income": -1
    },
    "2017-03-31": {
        "Diluted EPS": -0.01,
        "Total Revenue": 280,
        "Gross Profit": 198,
        "Operating Income": 8,
        "EBIT": 29,
        "Net Income": -1
    },
    "2016-12-31": {
        "Diluted EPS": -0.08,
        "Total Revenue": 286,
        "Gross Profit": 204,
        "Operating Income": 5,
        "EBIT": 26,
        "Net Income": -9
    },
    "2016-09-30": {
        "Diluted EPS": -0.25,
        "Total Revenue": 288,
        "Gross Profit": 205,
        "Operating Income": -33,
        "EBIT": -11,
        "Net Income": -28
    },
    "2016-06-30": {
        "Diluted EPS": 0.03,
        "Total Revenue": 289,
        "Gross Profit": 206,
        "Operating Income": 8,
        "EBIT": 29,
        "Net Income": 3
    },
    "2016-03-31": {
        "Diluted EPS": -0.05,
        "Total Revenue": 273,
        "Gross Profit": 192,
        "Operating Income": 2,
        "EBIT": 24,
        "Net Income": -5
    },
    "2015-12-31": {
        "Diluted EPS": -0.21,
        "Total Revenue": 291,
        "Gross Profit": 211,
        "Operating Income": -13,
        "EBIT": 7,
        "Net Income": -24
    },
    "2015-09-30": {
        "Diluted EPS": -0.05,
        "Total Revenue": 313,
        "Gross Profit": 236,
        "Operating Income": -22,
        "EBIT": -1,
        "Net Income": -6
    },
    "2015-06-30": {
        "Diluted EPS": 0.15,
        "Total Revenue": 303,
        "Gross Profit": 224,
        "Operating Income": 22,
        "EBIT": 43,
        "Net Income": 17
    },
    "2015-03-31": {
        "Diluted EPS": 0.05,
        "Total Revenue": 314,
        "Gross Profit": 228,
        "Operating Income": 4,
        "EBIT": 25,
        "Net Income": 5
    },
    "2014-12-31": {
        "Diluted EPS": 0.26,
        "Total Revenue": 325,
        "Gross Profit": 233,
        "Operating Income": 38,
        "EBIT": 59,
        "Net Income": 30
    },
    "2014-09-30": {
        "Diluted EPS": 0.33,
        "Total Revenue": 367,
        "Gross Profit": 271,
        "Operating Income": 36,
        "EBIT": 56,
        "Net Income": 39
    },
    "2014-06-30": {
        "Diluted EPS": 0.32,
        "Total Revenue": 337,
        "Gross Profit": 246,
        "Operating Income": 54,
        "EBIT": 73,
        "Net Income": 38
    },
    "2014-03-31": {
        "Diluted EPS": 0.36,
        "Total Revenue": 329,
        "Gross Profit": 235,
        "Operating Income": 51,
        "EBIT": 70,
        "Net Income": 44
    },
    "2013-12-31": {
        "Diluted EPS": 0.33,
        "Total Revenue": 325,
        "Gross Profit": 232,
        "Operating Income": 55,
        "EBIT": 74,
        "Net Income": 40
    },
    "2013-09-30": {
        "Diluted EPS": 0.47,
        "Total Revenue": 345,
        "Gross Profit": 253,
        "Operating Income": 49,
        "EBIT": 68,
        "Net Income": 56
    },
    "2013-06-30": {
        "Diluted EPS": 0.29,
        "Total Revenue": 315,
        "Gross Profit": 224,
        "Operating Income": 43,
        "EBIT": 62,
        "Net Income": 34
    },
    "2013-03-31": {
        "Diluted EPS": 0.14,
        "Total Revenue": 314,
        "Gross Profit": 221,
        "Operating Income": 21,
        "EBIT": 41,
        "Net Income": 17
    },
    "2012-12-31": {
        "Diluted EPS": 0.29,
        "Total Revenue": 320,
        "Gross Profit": 223,
        "Operating Income": 14,
        "EBIT": 33,
        "Net Income": 36
    },
    "2012-09-30": {
        "Diluted EPS": -0.71,
        "Total Revenue": 325,
        "Gross Profit": 237,
        "Operating Income": 58,
        "EBIT": 74,
        "Net Income": -84
    },
    "2012-06-30": {
        "Diluted EPS": 0.19,
        "Total Revenue": 311,
        "Gross Profit": 218,
        "Operating Income": 31,
        "EBIT": 48,
        "Net Income": 23
    },
    "2012-03-31": {
        "Diluted EPS": 0.03,
        "Total Revenue": 301,
        "Gross Profit": 208,
        "Operating Income": 7,
        "EBIT": 23,
        "Net Income": 4
    },
    "2011-12-31": {
        "Diluted EPS": 0.18,
        "Total Revenue": 318,
        "Gross Profit": 220,
        "Operating Income": 33,
        "EBIT": 50,
        "Net Income": 22
    },
    "2011-09-30": {
        "Diluted EPS": 0.31,
        "Total Revenue": 339,
        "Gross Profit": 241,
        "Operating Income": 51,
        "EBIT": 69,
        "Net Income": 38
    },
    "2011-06-30": {
        "Diluted EPS": 0.13,
        "Total Revenue": 292,
        "Gross Profit": 201,
        "Operating Income": 25,
        "EBIT": 40,
        "Net Income": 16
    },
    "2011-03-31": {
        "Diluted EPS": 0.16,
        "Total Revenue": 269,
        "Gross Profit": 187,
        "Operating Income": 24,
        "EBIT": 39,
        "Net Income": 19
    },
    "2010-12-31": {
        "Diluted EPS": 0.11,
        "Total Revenue": 267,
        "Gross Profit": 180,
        "Operating Income": 17,
        "EBIT": 31,
        "Net Income": 13
    },
    "2010-09-30": {
        "Diluted EPS": -0.12,
        "Total Revenue": 268,
        "Gross Profit": 191,
        "Operating Income": 29,
        "EBIT": 44,
        "Net Income": -13
    },
    "2010-06-30": {
        "Diluted EPS": 0.09,
        "Total Revenue": 243,
        "Gross Profit": 168,
        "Operating Income": 12,
        "EBIT": 28,
        "Net Income": 11
    },
    "2010-03-31": {
        "Diluted EPS": 0.08,
        "Total Revenue": 241,
        "Gross Profit": 163,
        "Operating Income": 12,
        "EBIT": 27,
        "Net Income": 9
    },
    "2009-12-31": {
        "Diluted EPS": 0.15,
        "Total Revenue": 258,
        "Gross Profit": 180,
        "Operating Income": 22,
        "EBIT": 38,
        "Net Income": 18
    },
    "2009-09-30": {
        "Diluted EPS": 0.14,
        "Total Revenue": 246,
        "Gross Profit": 173,
        "Operating Income": 15,
        "EBIT": 31,
        "Net Income": 16
    },
    "2009-06-30": {
        "Diluted EPS": 0.03,
        "Total Revenue": 226,
        "Gross Profit": 152,
        "Operating Income": 2,
        "EBIT": 18,
        "Net Income": 4
    },
    "2009-03-31": {
        "Diluted EPS": 0.06,
        "Total Revenue": 225,
        "Gross Profit": 146,
        "Operating Income": -1,
        "EBIT": 14,
        "Net Income": 7
    },
    "2023-09-30": {
        "Tax Effect Of Unusual Items": NaN,
        "Tax Rate For Calcs": NaN,
        "Normalized EBITDA": NaN,
        "Total Unusual Items": NaN,
        "Total Unusual Items Excluding Goodwill": NaN,
        "Net Income From Continuing Operation Net Minority Interest": NaN,
        "Reconciled Depreciation": NaN,
        "Reconciled Cost Of Revenue": NaN,
        "EBITDA": NaN,
        "EBIT": NaN,
        "Net Interest Income": NaN,
        "Interest Expense": NaN,
        "Interest Income": NaN,
        "Normalized Income": NaN,
        "Net Income From Continuing And Discontinued Operation": NaN,
        "Total Expenses": NaN,
        "Total Operating Income As Reported": NaN,
        "Diluted Average Shares": 120112000.0,
        "Basic Average Shares": 118803000.0,
        "Diluted EPS": 0.38,
        "Basic EPS": 0.38,
        "Diluted NI Availto Com Stockholders": NaN,
        "Net Income Common Stockholders": NaN,
        "Net Income": NaN,
        "Net Income Including Noncontrolling Interests": NaN,
        "Net Income Continuous Operations": NaN,
        "Tax Provision": NaN,
        "Pretax Income": NaN,
        "Other Income Expense": NaN,
        "Other Non Operating Income Expenses": NaN,
        "Special Income Charges": NaN,
        "Restructuring And Mergern Acquisition": NaN,
        "Net Non Operating Interest Income Expense": NaN,
        "Interest Expense Non Operating": NaN,
        "Interest Income Non Operating": NaN,
        "Operating Income": NaN,
        "Operating Expense": NaN,
        "Depreciation Amortization Depletion Income Statement": NaN,
        "Depreciation And Amortization In Income Statement": NaN,
        "Amortization": NaN,
        "Amortization Of Intangibles Income Statement": NaN,
        "Research And Development": NaN,
        "Selling General And Administration": NaN,
        "Selling And Marketing Expense": NaN,
        "General And Administrative Expense": NaN,
        "Other Gand A": NaN,
        "Gross Profit": NaN,
        "Cost Of Revenue": NaN,
        "Total Revenue": NaN,
        "Operating Revenue": NaN
    },
    "2023-12-31": {
        "Tax Effect Of Unusual Items": NaN,
        "Tax Rate For Calcs": NaN,
        "Normalized EBITDA": NaN,
        "Total Unusual Items": NaN,
        "Total Unusual Items Excluding Goodwill": NaN,
        "Net Income From Continuing Operation Net Minority Interest": NaN,
        "Reconciled Depreciation": NaN,
        "Reconciled Cost Of Revenue": NaN,
        "EBITDA": NaN,
        "EBIT": NaN,
        "Net Interest Income": NaN,
        "Interest Expense": NaN,
        "Interest Income": 1300000.0,
        "Normalized Income": NaN,
        "Net Income From Continuing And Discontinued Operation": NaN,
        "Total Expenses": NaN,
        "Total Operating Income As Reported": NaN,
        "Diluted Average Shares": NaN,
        "Basic Average Shares": NaN,
        "Diluted EPS": NaN,
        "Basic EPS": NaN,
        "Diluted NI Availto Com Stockholders": NaN,
        "Net Income Common Stockholders": NaN,
        "Net Income": NaN,
        "Net Income Including Noncontrolling Interests": NaN,
        "Net Income Continuous Operations": NaN,
        "Tax Provision": NaN,
        "Pretax Income": NaN,
        "Other Income Expense": NaN,
        "Other Non Operating Income Expenses": NaN,
        "Special Income Charges": NaN,
        "Restructuring And Mergern Acquisition": NaN,
        "Net Non Operating Interest Income Expense": NaN,
        "Interest Expense Non Operating": NaN,
        "Interest Income Non Operating": 1300000.0,
        "Operating Income": NaN,
        "Operating Expense": NaN,
        "Depreciation Amortization Depletion Income Statement": NaN,
        "Depreciation And Amortization In Income Statement": NaN,
        "Amortization": NaN,
        "Amortization Of Intangibles Income Statement": NaN,
        "Research And Development": NaN,
        "Selling General And Administration": NaN,
        "Selling And Marketing Expense": NaN,
        "General And Administrative Expense": NaN,
        "Other Gand A": NaN,
        "Gross Profit": NaN,
        "Cost Of Revenue": NaN,
        "Total Revenue": NaN,
        "Operating Revenue": NaN
    },
    "2024-03-31": {
        "Tax Effect Of Unusual Items": NaN,
        "Tax Rate For Calcs": NaN,
        "Normalized EBITDA": NaN,
        "Total Unusual Items": NaN,
        "Total Unusual Items Excluding Goodwill": NaN,
        "Net Income From Continuing Operation Net Minority Interest": NaN,
        "Reconciled Depreciation": NaN,
        "Reconciled Cost Of Revenue": NaN,
        "EBITDA": NaN,
        "EBIT": NaN,
        "Net Interest Income": NaN,
        "Interest Expense": NaN,
        "Interest Income": 1100000.0,
        "Normalized Income": NaN,
        "Net Income From Continuing And Discontinued Operation": NaN,
        "Total Expenses": NaN,
        "Total Operating Income As Reported": NaN,
        "Diluted Average Shares": NaN,
        "Basic Average Shares": NaN,
        "Diluted EPS": NaN,
        "Basic EPS": NaN,
        "Diluted NI Availto Com Stockholders": NaN,
        "Net Income Common Stockholders": NaN,
        "Net Income": NaN,
        "Net Income Including Noncontrolling Interests": NaN,
        "Net Income Continuous Operations": NaN,
        "Tax Provision": NaN,
        "Pretax Income": NaN,
        "Other Income Expense": NaN,
        "Other Non Operating Income Expenses": NaN,
        "Special Income Charges": NaN,
        "Restructuring And Mergern Acquisition": -7000.0,
        "Net Non Operating Interest Income Expense": NaN,
        "Interest Expense Non Operating": NaN,
        "Interest Income Non Operating": 1100000.0,
        "Operating Income": NaN,
        "Operating Expense": NaN,
        "Depreciation Amortization Depletion Income Statement": NaN,
        "Depreciation And Amortization In Income Statement": NaN,
        "Amortization": NaN,
        "Amortization Of Intangibles Income Statement": NaN,
        "Research And Development": NaN,
        "Selling General And Administration": NaN,
        "Selling And Marketing Expense": NaN,
        "General And Administrative Expense": NaN,
        "Other Gand A": NaN,
        "Gross Profit": NaN,
        "Cost Of Revenue": NaN,
        "Total Revenue": NaN,
        "Operating Revenue": NaN
    },
    "2024-06-30": {
        "Tax Effect Of Unusual Items": NaN,
        "Tax Rate For Calcs": NaN,
        "Normalized EBITDA": NaN,
        "Total Unusual Items": NaN,
        "Total Unusual Items Excluding Goodwill": NaN,
        "Net Income From Continuing Operation Net Minority Interest": NaN,
        "Reconciled Depreciation": NaN,
        "Reconciled Cost Of Revenue": NaN,
        "EBITDA": NaN,
        "EBIT": NaN,
        "Net Interest Income": NaN,
        "Interest Expense": NaN,
        "Interest Income": NaN,
        "Normalized Income": NaN,
        "Net Income From Continuing And Discontinued Operation": NaN,
        "Total Expenses": NaN,
        "Total Operating Income As Reported": NaN,
        "Diluted Average Shares": NaN,
        "Basic Average Shares": NaN,
        "Diluted EPS": NaN,
        "Basic EPS": NaN,
        "Diluted NI Availto Com Stockholders": NaN,
        "Net Income Common Stockholders": NaN,
        "Net Income": NaN,
        "Net Income Including Noncontrolling Interests": NaN,
        "Net Income Continuous Operations": NaN,
        "Tax Provision": NaN,
        "Pretax Income": NaN,
        "Other Income Expense": NaN,
        "Other Non Operating Income Expenses": NaN,
        "Special Income Charges": NaN,
        "Restructuring And Mergern Acquisition": 0.0,
        "Net Non Operating Interest Income Expense": NaN,
        "Interest Expense Non Operating": NaN,
        "Interest Income Non Operating": NaN,
        "Operating Income": NaN,
        "Operating Expense": NaN,
        "Depreciation Amortization Depletion Income Statement": NaN,
        "Depreciation And Amortization In Income Statement": NaN,
        "Amortization": NaN,
        "Amortization Of Intangibles Income Statement": NaN,
        "Research And Development": NaN,
        "Selling General And Administration": NaN,
        "Selling And Marketing Expense": NaN,
        "General And Administrative Expense": NaN,
        "Other Gand A": NaN,
        "Gross Profit": NaN,
        "Cost Of Revenue": NaN,
        "Total Revenue": NaN,
        "Operating Revenue": NaN
    },
    "2024-09-30": {
        "Tax Effect Of Unusual Items": NaN,
        "Tax Rate For Calcs": NaN,
        "Normalized EBITDA": NaN,
        "Total Unusual Items": 0.0,
        "Total Unusual Items Excluding Goodwill": 0.0,
        "Net Income From Continuing Operation Net Minority Interest": NaN,
        "Reconciled Depreciation": NaN,
        "Reconciled Cost Of Revenue": NaN,
        "EBITDA": NaN,
        "EBIT": NaN,
        "Net Interest Income": NaN,
        "Interest Expense": NaN,
        "Interest Income": NaN,
        "Normalized Income": NaN,
        "Net Income From Continuing And Discontinued Operation": NaN,
        "Total Expenses": NaN,
        "Total Operating Income As Reported": NaN,
        "Diluted Average Shares": NaN,
        "Basic Average Shares": NaN,
        "Diluted EPS": NaN,
        "Basic EPS": NaN,
        "Diluted NI Availto Com Stockholders": NaN,
        "Net Income Common Stockholders": NaN,
        "Net Income": NaN,
        "Net Income Including Noncontrolling Interests": NaN,
        "Net Income Continuous Operations": NaN,
        "Tax Provision": NaN,
        "Pretax Income": NaN,
        "Other Income Expense": NaN,
        "Other Non Operating Income Expenses": NaN,
        "Special Income Charges": 0.0,
        "Restructuring And Mergern Acquisition": 0.0,
        "Net Non Operating Interest Income Expense": NaN,
        "Interest Expense Non Operating": NaN,
        "Interest Income Non Operating": NaN,
        "Operating Income": NaN,
        "Operating Expense": NaN,
        "Depreciation Amortization Depletion Income Statement": NaN,
        "Depreciation And Amortization In Income Statement": NaN,
        "Amortization": NaN,
        "Amortization Of Intangibles Income Statement": NaN,
        "Research And Development": NaN,
        "Selling General And Administration": NaN,
        "Selling And Marketing Expense": NaN,
        "General And Administrative Expense": NaN,
        "Other Gand A": NaN,
        "Gross Profit": NaN,
        "Cost Of Revenue": NaN,
        "Total Revenue": NaN,
        "Operating Revenue": NaN
    },
    "2024-12-31": {
        "Tax Effect Of Unusual Items": 0.0,
        "Tax Rate For Calcs": 0.12,
        "Normalized EBITDA": 148953000.0,
        "Total Unusual Items": 0.0,
        "Total Unusual Items Excluding Goodwill": 0.0,
        "Net Income From Continuing Operation Net Minority Interest": 82232000.0,
        "Reconciled Depreciation": 33751000.0,
        "Reconciled Cost Of Revenue": 89486000.0,
        "EBITDA": 148953000.0,
        "EBIT": 115202000.0,
        "Net Interest Income": -22048000.0,
        "Interest Expense": 22048000.0,
        "Interest Income": 900000.0,
        "Normalized Income": 82232000.0,
        "Net Income From Continuing And Discontinued Operation": 82232000.0,
        "Total Expenses": 449604000.0,
        "Total Operating Income As Reported": 115524000.0,
        "Diluted Average Shares": 121145000.0,
        "Basic Average Shares": 120243000.0,
        "Diluted EPS": 0.68,
        "Basic EPS": 0.68,
        "Diluted NI Availto Com Stockholders": 82232000.0,
        "Net Income Common Stockholders": 82232000.0,
        "Net Income": 82232000.0,
        "Net Income Including Noncontrolling Interests": 82232000.0,
        "Net Income Continuous Operations": 82232000.0,
        "Tax Provision": 10922000.0,
        "Pretax Income": 93154000.0,
        "Other Income Expense": -322000.0,
        "Other Non Operating Income Expenses": -322000.0,
        "Special Income Charges": 0.0,
        "Restructuring And Mergern Acquisition": 0.0,
        "Net Non Operating Interest Income Expense": -22048000.0,
        "Interest Expense Non Operating": 22048000.0,
        "Interest Income Non Operating": 900000.0,
        "Operating Income": 115524000.0,
        "Operating Expense": 337807000.0,
        "Depreciation Amortization Depletion Income Statement": 11440000.0,
        "Depreciation And Amortization In Income Statement": 11440000.0,
        "Amortization": 11440000.0,
        "Amortization Of Intangibles Income Statement": 11440000.0,
        "Research And Development": 115516000.0,
        "Selling General And Administration": 210851000.0,
        "Selling And Marketing Expense": 157532000.0,
        "General And Administrative Expense": 53319000.0,
        "Other Gand A": 53319000.0,
        "Gross Profit": 453331000.0,
        "Cost Of Revenue": 111797000.0,
        "Total Revenue": 565128000.0,
        "Operating Revenue": 565128000.0
    },
    "2025-03-31": {
        "Tax Effect Of Unusual Items": -884730.0,
        "Tax Rate For Calcs": 0.21,
        "Normalized EBITDA": 262745000.0,
        "Total Unusual Items": -4213000.0,
        "Total Unusual Items Excluding Goodwill": -4213000.0,
        "Net Income From Continuing Operation Net Minority Interest": 162644000.0,
        "Reconciled Depreciation": 33677000.0,
        "Reconciled Cost Of Revenue": 83965000.0,
        "EBITDA": 258532000.0,
        "EBIT": 224855000.0,
        "Net Interest Income": -18806000.0,
        "Interest Expense": 19606000.0,
        "Interest Income": 800000.0,
        "Normalized Income": 165972270.0,
        "Net Income From Continuing And Discontinued Operation": 162644000.0,
        "Total Expenses": 408689000.0,
        "Total Operating Income As Reported": 223464000.0,
        "Diluted Average Shares": 120854000.0,
        "Basic Average Shares": 120177000.0,
        "Diluted EPS": 1.35,
        "Basic EPS": 1.35,
        "Diluted NI Availto Com Stockholders": 162644000.0,
        "Net Income Common Stockholders": 162644000.0,
        "Net Income": 162644000.0,
        "Net Income Including Noncontrolling Interests": 162644000.0,
        "Net Income Continuous Operations": 162644000.0,
        "Tax Provision": 42605000.0,
        "Pretax Income": 205249000.0,
        "Other Income Expense": -3613000.0,
        "Other Non Operating Income Expenses": 600000.0,
        "Special Income Charges": -4213000.0,
        "Restructuring And Mergern Acquisition": NaN,
        "Net Non Operating Interest Income Expense": -18806000.0,
        "Interest Expense Non Operating": 19606000.0,
        "Interest Income Non Operating": 800000.0,
        "Operating Income": 227677000.0,
        "Operating Expense": 302427000.0,
        "Depreciation Amortization Depletion Income Statement": 11380000.0,
        "Depreciation And Amortization In Income Statement": 11380000.0,
        "Amortization": 11380000.0,
        "Amortization Of Intangibles Income Statement": 11380000.0,
        "Research And Development": 111023000.0,
        "Selling General And Administration": 180024000.0,
        "Selling And Marketing Expense": 125031000.0,
        "General And Administrative Expense": 54993000.0,
        "Other Gand A": 54993000.0,
        "Gross Profit": 530104000.0,
        "Cost Of Revenue": 106262000.0,
        "Total Revenue": 636366000.0,
        "Operating Revenue": 636366000.0
    },
    "2025-06-30": {
        "Tax Effect Of Unusual Items": 0.0,
        "Tax Rate For Calcs": 0.27,
        "Normalized EBITDA": 245914000.0,
        "Total Unusual Items": 0.0,
        "Total Unusual Items Excluding Goodwill": 0.0,
        "Net Income From Continuing Operation Net Minority Interest": 141328000.0,
        "Reconciled Depreciation": 33834000.0,
        "Reconciled Cost Of Revenue": 87727000.0,
        "EBITDA": 245914000.0,
        "EBIT": 212080000.0,
        "Net Interest Income": -18404000.0,
        "Interest Expense": 18404000.0,
        "Interest Income": NaN,
        "Normalized Income": 141328000.0,
        "Net Income From Continuing And Discontinued Operation": 141328000.0,
        "Total Expenses": 434109000.0,
        "Total Operating Income As Reported": 209828000.0,
        "Diluted Average Shares": 120461000.0,
        "Basic Average Shares": 119913000.0,
        "Diluted EPS": 1.17,
        "Basic EPS": 1.18,
        "Diluted NI Availto Com Stockholders": 141328000.0,
        "Net Income Common Stockholders": 141328000.0,
        "Net Income": 141328000.0,
        "Net Income Including Noncontrolling Interests": 141328000.0,
        "Net Income Continuous Operations": 141328000.0,
        "Tax Provision": 52348000.0,
        "Pretax Income": 193676000.0,
        "Other Income Expense": 2252000.0,
        "Other Non Operating Income Expenses": 2252000.0,
        "Special Income Charges": 0.0,
        "Restructuring And Mergern Acquisition": 0.0,
        "Net Non Operating Interest Income Expense": -18404000.0,
        "Interest Expense Non Operating": 18404000.0,
        "Interest Income Non Operating": NaN,
        "Operating Income": 209828000.0,
        "Operating Expense": 324084000.0,
        "Depreciation Amortization Depletion Income Statement": 11536000.0,
        "Depreciation And Amortization In Income Statement": 11536000.0,
        "Amortization": 11536000.0,
        "Amortization Of Intangibles Income Statement": 11536000.0,
        "Research And Development": 116647000.0,
        "Selling General And Administration": 195901000.0,
        "Selling And Marketing Expense": 141756000.0,
        "General And Administrative Expense": 54145000.0,
        "Other Gand A": 54145000.0,
        "Gross Profit": 533912000.0,
        "Cost Of Revenue": 110025000.0,
        "Total Revenue": 643937000.0,
        "Operating Revenue": 643937000.0
    },
    "2025-09-30": {
        "Tax Effect Of Unusual Items": -2144102.868969,
        "Tax Rate For Calcs": 0.187586,
        "Normalized EBITDA": 490643000.0,
        "Total Unusual Items": -11430000.0,
        "Total Unusual Items Excluding Goodwill": -11430000.0,
        "Net Income From Continuing Operation Net Minority Interest": 347793000.0,
        "Reconciled Depreciation": 34154000.0,
        "Reconciled Cost Of Revenue": 94337000.0,
        "EBITDA": 479213000.0,
        "EBIT": 445059000.0,
        "Net Interest Income": -13561000.0,
        "Interest Expense": 16961000.0,
        "Interest Income": NaN,
        "Normalized Income": 357078897.131031,
        "Net Income From Continuing And Discontinued Operation": 347793000.0,
        "Total Expenses": 448796000.0,
        "Total Operating Income As Reported": 433569000.0,
        "Diluted Average Shares": 120674000.0,
        "Basic Average Shares": 119714000.0,
        "Diluted EPS": 2.94,
        "Basic EPS": 2.96,
        "Diluted NI Availto Com Stockholders": 347793000.0,
        "Net Income Common Stockholders": 347793000.0,
        "Net Income": 347793000.0,
        "Net Income Including Noncontrolling Interests": 347793000.0,
        "Net Income Continuous Operations": 347793000.0,
        "Tax Provision": 80305000.0,
        "Pretax Income": 428098000.0,
        "Other Income Expense": -3351000.0,
        "Other Non Operating Income Expenses": 8079000.0,
        "Special Income Charges": -11430000.0,
        "Restructuring And Mergern Acquisition": NaN,
        "Net Non Operating Interest Income Expense": -13561000.0,
        "Interest Expense Non Operating": 16961000.0,
        "Interest Income Non Operating": NaN,
        "Operating Income": 444999000.0,
        "Operating Expense": 331897000.0,
        "Depreciation Amortization Depletion Income Statement": 11592000.0,
        "Depreciation And Amortization In Income Statement": 11592000.0,
        "Amortization": 11592000.0,
        "Amortization Of Intangibles Income Statement": 11592000.0,
        "Research And Development": 114507000.0,
        "Selling General And Administration": 205798000.0,
        "Selling And Marketing Expense": 142197000.0,
        "General And Administrative Expense": 63601000.0,
        "Other Gand A": 63601000.0,
        "Gross Profit": 776896000.0,
        "Cost Of Revenue": 116899000.0,
        "Total Revenue": 893795000.0,
        "Operating Revenue": 893795000.0
    },
    "2025-12-31": {
        "Tax Effect Of Unusual Items": 0.0,
        "Tax Rate For Calcs": 0.18,
        "Normalized EBITDA": 254363000.0,
        "Total Unusual Items": NaN,
        "Total Unusual Items Excluding Goodwill": NaN,
        "Net Income From Continuing Operation Net Minority Interest": 166518000.0,
        "Reconciled Depreciation": 34128000.0,
        "Reconciled Cost Of Revenue": 95690000.0,
        "EBITDA": 254363000.0,
        "EBIT": 220235000.0,
        "Net Interest Income": -17260000.0,
        "Interest Expense": 17260000.0,
        "Interest Income": NaN,
        "Normalized Income": 166518000.0,
        "Net Income From Continuing And Discontinued Operation": 166518000.0,
        "Total Expenses": 464694000.0,
        "Total Operating Income As Reported": 221131000.0,
        "Diluted Average Shares": 119989000.0,
        "Basic Average Shares": 119330000.0,
        "Diluted EPS": 1.39,
        "Basic EPS": 1.4,
        "Diluted NI Availto Com Stockholders": 166518000.0,
        "Net Income Common Stockholders": 166518000.0,
        "Net Income": 166518000.0,
        "Net Income Including Noncontrolling Interests": 166518000.0,
        "Net Income Continuous Operations": 166518000.0,
        "Tax Provision": 36457000.0,
        "Pretax Income": 202975000.0,
        "Other Income Expense": -896000.0,
        "Other Non Operating Income Expenses": -896000.0,
        "Special Income Charges": NaN,
        "Restructuring And Mergern Acquisition": NaN,
        "Net Non Operating Interest Income Expense": -17260000.0,
        "Interest Expense Non Operating": 17260000.0,
        "Interest Income Non Operating": NaN,
        "Operating Income": 221131000.0,
        "Operating Expense": 346948000.0,
        "Depreciation Amortization Depletion Income Statement": 12072000.0,
        "Depreciation And Amortization In Income Statement": 12072000.0,
        "Amortization": 12072000.0,
        "Amortization Of Intangibles Income Statement": 12072000.0,
        "Research And Development": 119984000.0,
        "Selling General And Administration": 214892000.0,
        "Selling And Marketing Expense": 140891000.0,
        "General And Administrative Expense": 74001000.0,
        "Other Gand A": 74001000.0,
        "Gross Profit": 568079000.0,
        "Cost Of Revenue": 117746000.0,
        "Total Revenue": 685825000.0,
        "Operating Revenue": 685825000.0
    }
}