{
    "2023-03-31": {
        "Tax Effect Of Unusual Items": NaN,
        "Tax Rate For Calcs": NaN,
        "Normalized EBITDA": NaN,
        "Total Unusual Items": NaN,
        "Total Unusual Items Excluding Goodwill": NaN,
        "Net Income From Continuing Operation Net Minority Interest": NaN,
        "Reconciled Depreciation": NaN,
        "Reconciled Cost Of Revenue": NaN,
        "EBITDA": NaN,
        "EBIT": NaN,
        "Net Interest Income": NaN,
        "Interest Expense": NaN,
        "Normalized Income": NaN,
        "Net Income From Continuing And Discontinued Operation": NaN,
        "Total Expenses": NaN,
        "Total Operating Income As Reported": NaN,
        "Diluted Average Shares": 73729284.0,
        "Basic Average Shares": 73729284.0,
        "Diluted EPS": -1.88,
        "Basic EPS": -1.88,
        "Diluted NI Availto Com Stockholders": NaN,
        "Net Income Common Stockholders": NaN,
        "Net Income": NaN,
        "Net Income Including Noncontrolling Interests": NaN,
        "Net Income Continuous Operations": NaN,
        "Tax Provision": NaN,
        "Pretax Income": NaN,
        "Other Income Expense": NaN,
        "Other Non Operating Income Expenses": NaN,
        "Special Income Charges": NaN,
        "Impairment Of Capital Assets": NaN,
        "Restructuring And Mergern Acquisition": NaN,
        "Net Non Operating Interest Income Expense": NaN,
        "Interest Expense Non Operating": NaN,
        "Operating Income": NaN,
        "Operating Expense": NaN,
        "Depreciation Amortization Depletion Income Statement": NaN,
        "Depreciation And Amortization In Income Statement": NaN,
        "Amortization": NaN,
        "Amortization Of Intangibles Income Statement": NaN,
        "Research And Development": NaN,
        "Selling General And Administration": NaN,
        "General And Administrative Expense": NaN,
        "Other Gand A": NaN,
        "Salaries And Wages": NaN,
        "Gross Profit": NaN,
        "Cost Of Revenue": NaN,
        "Total Revenue": NaN,
        "Operating Revenue": NaN
    },
    "2022-12-31": {
        "Tax Effect Of Unusual Items": NaN,
        "Tax Rate For Calcs": NaN,
        "Normalized EBITDA": NaN,
        "Total Unusual Items": NaN,
        "Total Unusual Items Excluding Goodwill": NaN,
        "Net Income From Continuing Operation Net Minority Interest": NaN,
        "Reconciled Depreciation": NaN,
        "Reconciled Cost Of Revenue": NaN,
        "EBITDA": NaN,
        "EBIT": NaN,
        "Net Interest Income": NaN,
        "Interest Expense": NaN,
        "Normalized Income": NaN,
        "Net Income From Continuing And Discontinued Operation": NaN,
        "Total Expenses": NaN,
        "Total Operating Income As Reported": NaN,
        "Diluted Average Shares": 72656790.0,
        "Basic Average Shares": 72656790.0,
        "Diluted EPS": -2.35,
        "Basic EPS": -2.35,
        "Diluted NI Availto Com Stockholders": NaN,
        "Net Income Common Stockholders": NaN,
        "Net Income": NaN,
        "Net Income Including Noncontrolling Interests": NaN,
        "Net Income Continuous Operations": NaN,
        "Tax Provision": NaN,
        "Pretax Income": NaN,
        "Other Income Expense": NaN,
        "Other Non Operating Income Expenses": NaN,
        "Special Income Charges": NaN,
        "Impairment Of Capital Assets": NaN,
        "Restructuring And Mergern Acquisition": NaN,
        "Net Non Operating Interest Income Expense": NaN,
        "Interest Expense Non Operating": NaN,
        "Operating Income": NaN,
        "Operating Expense": NaN,
        "Depreciation Amortization Depletion Income Statement": NaN,
        "Depreciation And Amortization In Income Statement": NaN,
        "Amortization": NaN,
        "Amortization Of Intangibles Income Statement": NaN,
        "Research And Development": NaN,
        "Selling General And Administration": NaN,
        "General And Administrative Expense": NaN,
        "Other Gand A": NaN,
        "Salaries And Wages": NaN,
        "Gross Profit": NaN,
        "Cost Of Revenue": NaN,
        "Total Revenue": NaN,
        "Operating Revenue": NaN
    },
    "2022-09-30": {
        "Tax Effect Of Unusual Items": NaN,
        "Tax Rate For Calcs": NaN,
        "Normalized EBITDA": NaN,
        "Total Unusual Items": NaN,
        "Total Unusual Items Excluding Goodwill": NaN,
        "Net Income From Continuing Operation Net Minority Interest": NaN,
        "Reconciled Depreciation": NaN,
        "Reconciled Cost Of Revenue": NaN,
        "EBITDA": NaN,
        "EBIT": NaN,
        "Net Interest Income": NaN,
        "Interest Expense": NaN,
        "Normalized Income": NaN,
        "Net Income From Continuing And Discontinued Operation": NaN,
        "Total Expenses": NaN,
        "Total Operating Income As Reported": NaN,
        "Diluted Average Shares": NaN,
        "Basic Average Shares": NaN,
        "Diluted EPS": NaN,
        "Basic EPS": NaN,
        "Diluted NI Availto Com Stockholders": NaN,
        "Net Income Common Stockholders": NaN,
        "Net Income": NaN,
        "Net Income Including Noncontrolling Interests": NaN,
        "Net Income Continuous Operations": NaN,
        "Tax Provision": NaN,
        "Pretax Income": NaN,
        "Other Income Expense": NaN,
        "Other Non Operating Income Expenses": NaN,
        "Special Income Charges": NaN,
        "Impairment Of Capital Assets": 0.0,
        "Restructuring And Mergern Acquisition": NaN,
        "Net Non Operating Interest Income Expense": NaN,
        "Interest Expense Non Operating": NaN,
        "Operating Income": NaN,
        "Operating Expense": NaN,
        "Depreciation Amortization Depletion Income Statement": NaN,
        "Depreciation And Amortization In Income Statement": NaN,
        "Amortization": NaN,
        "Amortization Of Intangibles Income Statement": NaN,
        "Research And Development": NaN,
        "Selling General And Administration": NaN,
        "General And Administrative Expense": 80118000.0,
        "Other Gand A": 66511000.0,
        "Salaries And Wages": 13607000.0,
        "Gross Profit": NaN,
        "Cost Of Revenue": NaN,
        "Total Revenue": NaN,
        "Operating Revenue": NaN
    },
    "2022-06-30": {
        "Tax Effect Of Unusual Items": 6080000.0,
        "Tax Rate For Calcs": 0.4,
        "Normalized EBITDA": -112739000.0,
        "Total Unusual Items": 15200000.0,
        "Total Unusual Items Excluding Goodwill": 15200000.0,
        "Net Income From Continuing Operation Net Minority Interest": -152087000.0,
        "Reconciled Depreciation": 29180000.0,
        "Reconciled Cost Of Revenue": 6753000.0,
        "EBITDA": -97539000.0,
        "EBIT": -126719000.0,
        "Net Interest Income": -21976000.0,
        "Interest Expense": 21976000.0,
        "Normalized Income": -161207000.0,
        "Net Income From Continuing And Discontinued Operation": -152087000.0,
        "Total Expenses": 273088000.0,
        "Total Operating Income As Reported": -92362000.0,
        "Diluted Average Shares": 71372940.0,
        "Basic Average Shares": 71372940.0,
        "Diluted EPS": -2.13,
        "Basic EPS": -2.13,
        "Diluted NI Availto Com Stockholders": -152087000.0,
        "Net Income Common Stockholders": -152087000.0,
        "Net Income": -152087000.0,
        "Net Income Including Noncontrolling Interests": -152087000.0,
        "Net Income Continuous Operations": -152087000.0,
        "Tax Provision": 3392000.0,
        "Pretax Income": -148695000.0,
        "Other Income Expense": -19157000.0,
        "Other Non Operating Income Expenses": -34357000.0,
        "Special Income Charges": 15200000.0,
        "Impairment Of Capital Assets": NaN,
        "Restructuring And Mergern Acquisition": -15200000.0,
        "Net Non Operating Interest Income Expense": -21976000.0,
        "Interest Expense Non Operating": 21976000.0,
        "Operating Income": -107562000.0,
        "Operating Expense": 263449000.0,
        "Depreciation Amortization Depletion Income Statement": 26294000.0,
        "Depreciation And Amortization In Income Statement": 26294000.0,
        "Amortization": 26294000.0,
        "Amortization Of Intangibles Income Statement": 26294000.0,
        "Research And Development": 157263000.0,
        "Selling General And Administration": 79892000.0,
        "Gross Profit": 155887000.0,
        "Cost Of Revenue": 9639000.0,
        "Total Revenue": 165526000.0,
        "Operating Revenue": 165526000.0
    },
    "2023-06-30": {
        "Tax Effect Of Unusual Items": NaN,
        "Tax Rate For Calcs": NaN,
        "Normalized EBITDA": NaN,
        "Total Unusual Items": NaN,
        "Total Unusual Items Excluding Goodwill": NaN,
        "Net Income From Continuing Operation Net Minority Interest": NaN,
        "Reconciled Depreciation": NaN,
        "Reconciled Cost Of Revenue": NaN,
        "EBITDA": NaN,
        "EBIT": NaN,
        "Net Interest Income": NaN,
        "Interest Expense": NaN,
        "Normalized Income": NaN,
        "Net Income From Continuing And Discontinued Operation": NaN,
        "Total Expenses": NaN,
        "Total Operating Income As Reported": NaN,
        "Diluted Average Shares": 74730433.0,
        "Basic Average Shares": 74730433.0,
        "Diluted EPS": -2.66,
        "Basic EPS": -2.66,
        "Diluted NI Availto Com Stockholders": NaN,
        "Net Income Common Stockholders": NaN,
        "Net Income": NaN,
        "Net Income Including Noncontrolling Interests": NaN,
        "Net Income Continuous Operations": NaN,
        "Tax Provision": NaN,
        "Pretax Income": NaN,
        "Other Income Expense": NaN,
        "Other Non Operating Income Expenses": NaN,
        "Special Income Charges": NaN,
        "Impairment Of Capital Assets": NaN,
        "Restructuring And Mergern Acquisition": NaN,
        "Net Non Operating Interest Income Expense": NaN,
        "Interest Expense Non Operating": NaN,
        "Operating Income": NaN,
        "Operating Expense": NaN,
        "Depreciation Amortization Depletion Income Statement": NaN,
        "Depreciation And Amortization In Income Statement": NaN,
        "Amortization": NaN,
        "Amortization Of Intangibles Income Statement": NaN,
        "Research And Development": NaN,
        "Selling General And Administration": NaN,
        "General And Administrative Expense": NaN,
        "Other Gand A": NaN,
        "Salaries And Wages": NaN,
        "Gross Profit": NaN,
        "Cost Of Revenue": NaN,
        "Total Revenue": NaN,
        "Operating Revenue": NaN
    },
    "2022-03-31": {
        "Diluted EPS": -1.78,
        "Total Revenue": 149,
        "Gross Profit": 139,
        "Operating Income": -87,
        "EBIT": -59,
        "Net Income": -127
    },
    "2021-12-31": {
        "Diluted EPS": -2.03,
        "Total Revenue": 165,
        "Gross Profit": 156,
        "Operating Income": -85,
        "EBIT": -64,
        "Net Income": -143
    },
    "2021-09-30": {
        "Diluted EPS": -1.89,
        "Total Revenue": 139,
        "Gross Profit": 132,
        "Operating Income": -93,
        "EBIT": -74,
        "Net Income": -134
    },
    "2021-06-30": {
        "Diluted EPS": -1.68,
        "Total Revenue": 117,
        "Gross Profit": 109,
        "Operating Income": -98,
        "EBIT": -82,
        "Net Income": -118
    },
    "2021-03-31": {
        "Diluted EPS": -1.83,
        "Total Revenue": 118,
        "Gross Profit": 109,
        "Operating Income": -98,
        "EBIT": -83,
        "Net Income": -129
    },
    "2020-12-31": {
        "Diluted EPS": -1.02,
        "Total Revenue": 119,
        "Gross Profit": 114,
        "Operating Income": -96,
        "EBIT": -83,
        "Net Income": -74
    },
    "2020-09-30": {
        "Diluted EPS": -1.03,
        "Total Revenue": 118,
        "Gross Profit": 114,
        "Operating Income": -55,
        "EBIT": -43,
        "Net Income": -70
    },
    "2020-06-30": {
        "Diluted EPS": -2.78,
        "Total Revenue": 75,
        "Gross Profit": 70,
        "Operating Income": -187,
        "EBIT": -136,
        "Net Income": -181
    },
    "2020-03-31": {
        "Diluted EPS": -1.81,
        "Total Revenue": 68,
        "Gross Profit": 64,
        "Operating Income": -93,
        "EBIT": -84,
        "Net Income": -113
    },
    "2019-12-31": {
        "Diluted EPS": -1.17,
        "Total Revenue": 96,
        "Gross Profit": 93,
        "Operating Income": -73,
        "EBIT": -64,
        "Net Income": -78
    },
    "2019-09-30": {
        "Diluted EPS": -1.06,
        "Total Revenue": 71,
        "Gross Profit": 68,
        "Operating Income": -60,
        "EBIT": -53,
        "Net Income": -60
    },
    "2019-06-30": {
        "Diluted EPS": -0.75,
        "Total Revenue": 86,
        "Gross Profit": 82,
        "Operating Income": -39,
        "EBIT": -32,
        "Net Income": -42
    },
    "2019-03-31": {
        "Diluted EPS": -1.29,
        "Total Revenue": 54,
        "Gross Profit": 51,
        "Operating Income": -69,
        "EBIT": -62,
        "Net Income": -72
    },
    "2018-12-31": {
        "Diluted EPS": -1.02,
        "Total Revenue": 86,
        "Gross Profit": 83,
        "Operating Income": -45,
        "EBIT": -38,
        "Net Income": -48
    },
    "2018-09-30": {
        "Diluted EPS": -1.06,
        "Total Revenue": 54,
        "Gross Profit": 50,
        "Operating Income": -48,
        "EBIT": -41,
        "Net Income": -51
    },
    "2018-06-30": {
        "Diluted EPS": -0.21,
        "Total Revenue": 69,
        "Gross Profit": 66,
        "Operating Income": -6,
        "EBIT": 1,
        "Net Income": -10
    },
    "2018-03-31": {
        "Diluted EPS": -0.46,
        "Total Revenue": 56,
        "Gross Profit": 53,
        "Operating Income": -17,
        "EBIT": -11,
        "Net Income": -19
    },
    "2017-12-31": {
        "Diluted EPS": 0.09,
        "Total Revenue": 78,
        "Gross Profit": 76,
        "Operating Income": 5,
        "EBIT": 12,
        "Net Income": 1
    },
    "2017-09-30": {
        "Diluted EPS": -0.82,
        "Total Revenue": 42,
        "Gross Profit": 40,
        "Operating Income": -31,
        "EBIT": -20,
        "Net Income": -34
    },
    "2017-06-30": {
        "Diluted EPS": -0.44,
        "Total Revenue": 48,
        "Gross Profit": 47,
        "Operating Income": -12,
        "EBIT": -11,
        "Net Income": -17
    },
    "2017-03-31": {
        "Diluted EPS": -0.85,
        "Total Revenue": 27,
        "Gross Profit": 27,
        "Operating Income": -26,
        "EBIT": -25,
        "Net Income": -29
    },
    "2016-12-31": {
        "Diluted EPS": -0.78,
        "Total Revenue": 25,
        "Gross Profit": 25,
        "Operating Income": -25,
        "EBIT": -24,
        "Net Income": -27
    },
    "2016-09-30": {
        "Diluted EPS": -1.03,
        "Total Revenue": 23,
        "Gross Profit": 23,
        "Operating Income": -32,
        "EBIT": -31,
        "Net Income": -35
    },
    "2016-06-30": {
        "Diluted EPS": -1.14,
        "Total Revenue": 16,
        "Gross Profit": 16,
        "Operating Income": -37,
        "EBIT": -35,
        "Net Income": -39
    },
    "2016-03-31": {
        "Diluted EPS": -1.22,
        "Total Revenue": 19,
        "Gross Profit": 19,
        "Operating Income": -38,
        "EBIT": -37,
        "Net Income": -41
    },
    "2015-12-31": {
        "Diluted EPS": -1.51,
        "Total Revenue": 13,
        "Gross Profit": 13,
        "Operating Income": -48,
        "EBIT": -46,
        "Net Income": -51
    },
    "2015-09-30": {
        "Diluted EPS": -1.27,
        "Total Revenue": 10,
        "Gross Profit": 10,
        "Operating Income": -42,
        "EBIT": -41,
        "Net Income": -43
    },
    "2015-06-30": {
        "Diluted EPS": -1.14,
        "Total Revenue": 7,
        "Gross Profit": 7,
        "Operating Income": -39,
        "EBIT": -38,
        "Net Income": -38
    },
    "2015-03-31": {
        "Diluted EPS": -1.15,
        "Total Revenue": 7,
        "Gross Profit": 7,
        "Operating Income": -38,
        "EBIT": -37,
        "Net Income": -38
    },
    "2014-12-31": {
        "Diluted EPS": -0.6,
        "Total Revenue": 13,
        "Gross Profit": 13,
        "Operating Income": -32,
        "EBIT": -31,
        "Net Income": -27
    },
    "2014-09-30": {
        "Diluted EPS": -0.93,
        "Total Revenue": 2,
        "Gross Profit": 2,
        "Operating Income": -28,
        "EBIT": -27,
        "Net Income": -27
    },
    "2014-06-30": {
        "Diluted EPS": -0.86,
        "Total Revenue": 2,
        "Gross Profit": 2,
        "Operating Income": -25,
        "EBIT": -24,
        "Net Income": -25
    },
    "2014-03-31": {
        "Diluted EPS": -0.58,
        "Total Revenue": 9,
        "Gross Profit": 9,
        "Operating Income": -14,
        "EBIT": -13,
        "Net Income": -14
    },
    "2013-12-31": {
        "Diluted EPS": NaN,
        "Total Revenue": 4,
        "Gross Profit": 4,
        "Operating Income": -18,
        "EBIT": -18,
        "Net Income": -18
    },
    "2013-09-30": {
        "Diluted EPS": -0.19,
        "Total Revenue": 16,
        "Gross Profit": 16,
        "Operating Income": -4,
        "EBIT": -4,
        "Net Income": -4
    },
    "2013-06-30": {
        "Diluted EPS": -5.51,
        "Total Revenue": 7,
        "Gross Profit": 7,
        "Operating Income": -14,
        "EBIT": -14,
        "Net Income": -15
    },
    "2013-03-31": {
        "Diluted EPS": NaN,
        "Total Revenue": 7,
        "Gross Profit": 7,
        "Operating Income": -9,
        "EBIT": -8,
        "Net Income": -30
    },
    "2012-12-31": {
        "Diluted EPS": NaN,
        "Total Revenue": 7,
        "Gross Profit": 7,
        "Operating Income": -6,
        "EBIT": -5,
        "Net Income": -6
    },
    "2012-09-30": {
        "Diluted EPS": NaN,
        "Total Revenue": 7,
        "Gross Profit": 7,
        "Operating Income": -7,
        "EBIT": -6,
        "Net Income": -7
    },
    "2012-06-30": {
        "Diluted EPS": 48.29,
        "Total Revenue": 8,
        "Gross Profit": 8,
        "Operating Income": -7,
        "EBIT": -7,
        "Net Income": 154
    },
    "2012-03-31": {
        "Diluted EPS": NaN,
        "Total Revenue": 13,
        "Gross Profit": 13,
        "Operating Income": -6,
        "EBIT": -6,
        "Net Income": -7
    },
    "2011-12-31": {
        "Diluted EPS": 0.0,
        "Total Revenue": NaN,
        "Gross Profit": NaN,
        "Operating Income": NaN,
        "EBIT": NaN,
        "Net Income": NaN
    },
    "2023-09-30": {
        "Tax Effect Of Unusual Items": NaN,
        "Tax Rate For Calcs": NaN,
        "Normalized EBITDA": NaN,
        "Total Unusual Items": NaN,
        "Total Unusual Items Excluding Goodwill": NaN,
        "Net Income From Continuing Operation Net Minority Interest": NaN,
        "Reconciled Depreciation": NaN,
        "Reconciled Cost Of Revenue": NaN,
        "EBITDA": NaN,
        "EBIT": NaN,
        "Net Interest Income": NaN,
        "Interest Expense": NaN,
        "Normalized Income": NaN,
        "Net Income From Continuing And Discontinued Operation": NaN,
        "Total Expenses": NaN,
        "Total Operating Income As Reported": NaN,
        "Diluted Average Shares": NaN,
        "Basic Average Shares": NaN,
        "Diluted EPS": NaN,
        "Basic EPS": NaN,
        "Diluted NI Availto Com Stockholders": NaN,
        "Net Income Common Stockholders": NaN,
        "Net Income": NaN,
        "Net Income Including Noncontrolling Interests": NaN,
        "Net Income Continuous Operations": NaN,
        "Tax Provision": NaN,
        "Pretax Income": NaN,
        "Other Income Expense": NaN,
        "Other Non Operating Income Expenses": NaN,
        "Special Income Charges": NaN,
        "Impairment Of Capital Assets": NaN,
        "Restructuring And Mergern Acquisition": NaN,
        "Net Non Operating Interest Income Expense": NaN,
        "Interest Expense Non Operating": NaN,
        "Operating Income": NaN,
        "Operating Expense": NaN,
        "Depreciation Amortization Depletion Income Statement": NaN,
        "Depreciation And Amortization In Income Statement": NaN,
        "Amortization": NaN,
        "Amortization Of Intangibles Income Statement": NaN,
        "Research And Development": NaN,
        "Selling General And Administration": NaN,
        "General And Administrative Expense": 80886000.0,
        "Other Gand A": 67930000.0,
        "Salaries And Wages": 12956000.0,
        "Gross Profit": NaN,
        "Cost Of Revenue": NaN,
        "Total Revenue": NaN,
        "Operating Revenue": NaN
    },
    "2023-12-31": {
        "Tax Effect Of Unusual Items": -1081089.722447,
        "Tax Rate For Calcs": 0.008017,
        "Normalized EBITDA": 102787000.0,
        "Total Unusual Items": -134858000.0,
        "Total Unusual Items Excluding Goodwill": -134858000.0,
        "Net Income From Continuing Operation Net Minority Interest": -155792000.0,
        "Reconciled Depreciation": 80705000.0,
        "Reconciled Cost Of Revenue": 25587000.0,
        "EBITDA": -32071000.0,
        "EBIT": -112776000.0,
        "Net Interest Income": -44275000.0,
        "Interest Expense": 44275000.0,
        "Normalized Income": -22015089.722447,
        "Net Income From Continuing And Discontinued Operation": -155792000.0,
        "Total Expenses": 303936000.0,
        "Total Operating Income As Reported": 5820000.0,
        "Diluted Average Shares": NaN,
        "Basic Average Shares": NaN,
        "Diluted EPS": NaN,
        "Basic EPS": NaN,
        "Diluted NI Availto Com Stockholders": -155792000.0,
        "Net Income Common Stockholders": -155792000.0,
        "Net Income": -155792000.0,
        "Net Income Including Noncontrolling Interests": -155792000.0,
        "Net Income Continuous Operations": -155792000.0,
        "Tax Provision": -1259000.0,
        "Pretax Income": -157051000.0,
        "Other Income Expense": -115896000.0,
        "Other Non Operating Income Expenses": 18962000.0,
        "Special Income Charges": -134858000.0,
        "Impairment Of Capital Assets": 0.0,
        "Restructuring And Mergern Acquisition": -2700000.0,
        "Net Non Operating Interest Income Expense": -44275000.0,
        "Interest Expense Non Operating": 44275000.0,
        "Operating Income": 3120000.0,
        "Operating Expense": 274818000.0,
        "Depreciation Amortization Depletion Income Statement": 77174000.0,
        "Depreciation And Amortization In Income Statement": 77174000.0,
        "Amortization": 77174000.0,
        "Amortization Of Intangibles Income Statement": 77174000.0,
        "Research And Development": 121353000.0,
        "Selling General And Administration": 76291000.0,
        "General And Administrative Expense": NaN,
        "Other Gand A": NaN,
        "Salaries And Wages": NaN,
        "Gross Profit": 277938000.0,
        "Cost Of Revenue": 29118000.0,
        "Total Revenue": 307056000.0,
        "Operating Revenue": 307056000.0
    },
    "2024-03-31": {
        "Tax Effect Of Unusual Items": 21000.0,
        "Tax Rate For Calcs": 0.21,
        "Normalized EBITDA": 11433000.0,
        "Total Unusual Items": 100000.0,
        "Total Unusual Items Excluding Goodwill": 100000.0,
        "Net Income From Continuing Operation Net Minority Interest": -91576000.0,
        "Reconciled Depreciation": 55395000.0,
        "Reconciled Cost Of Revenue": 10875000.0,
        "EBITDA": 11533000.0,
        "EBIT": -43862000.0,
        "Net Interest Income": -40834000.0,
        "Interest Expense": 40834000.0,
        "Normalized Income": -91655000.0,
        "Net Income From Continuing And Discontinued Operation": -91576000.0,
        "Total Expenses": 255671000.0,
        "Total Operating Income As Reported": -45453000.0,
        "Diluted Average Shares": 76496127.0,
        "Basic Average Shares": 76496127.0,
        "Diluted EPS": -1.2,
        "Basic EPS": -1.2,
        "Diluted NI Availto Com Stockholders": -91576000.0,
        "Net Income Common Stockholders": -91576000.0,
        "Net Income": -91576000.0,
        "Net Income Including Noncontrolling Interests": -91576000.0,
        "Net Income Continuous Operations": -91576000.0,
        "Tax Provision": 6880000.0,
        "Pretax Income": -84696000.0,
        "Other Income Expense": 1691000.0,
        "Other Non Operating Income Expenses": 1591000.0,
        "Special Income Charges": 100000.0,
        "Impairment Of Capital Assets": 0.0,
        "Restructuring And Mergern Acquisition": -100000.0,
        "Net Non Operating Interest Income Expense": -40834000.0,
        "Interest Expense Non Operating": 40834000.0,
        "Operating Income": -45553000.0,
        "Operating Expense": 240931000.0,
        "Depreciation Amortization Depletion Income Statement": 51530000.0,
        "Depreciation And Amortization In Income Statement": 51530000.0,
        "Amortization": 51530000.0,
        "Amortization Of Intangibles Income Statement": 51530000.0,
        "Research And Development": 116129000.0,
        "Selling General And Administration": 73272000.0,
        "Gross Profit": 195378000.0,
        "Cost Of Revenue": 14740000.0,
        "Total Revenue": 210118000.0,
        "Operating Revenue": 210118000.0
    },
    "2024-06-30": {
        "Tax Effect Of Unusual Items": -1440810.0,
        "Tax Rate For Calcs": 0.21,
        "Normalized EBITDA": -28364000.0,
        "Total Unusual Items": -6861000.0,
        "Total Unusual Items Excluding Goodwill": -6861000.0,
        "Net Income From Continuing Operation Net Minority Interest": -99179000.0,
        "Reconciled Depreciation": 7018000.0,
        "Reconciled Cost Of Revenue": 11374000.0,
        "EBITDA": -35225000.0,
        "EBIT": -42243000.0,
        "Net Interest Income": -43490000.0,
        "Interest Expense": 43490000.0,
        "Normalized Income": -93758810.0,
        "Net Income From Continuing And Discontinued Operation": -99179000.0,
        "Total Expenses": 220061000.0,
        "Total Operating Income As Reported": -40218000.0,
        "Diluted Average Shares": 76725070.0,
        "Basic Average Shares": 76725070.0,
        "Diluted EPS": -1.29,
        "Basic EPS": -1.29,
        "Diluted NI Availto Com Stockholders": -99179000.0,
        "Net Income Common Stockholders": -99179000.0,
        "Net Income": -99179000.0,
        "Net Income Including Noncontrolling Interests": -99179000.0,
        "Net Income Continuous Operations": -99179000.0,
        "Tax Provision": 13446000.0,
        "Pretax Income": -85733000.0,
        "Other Income Expense": -8886000.0,
        "Other Non Operating Income Expenses": -2025000.0,
        "Special Income Charges": -6861000.0,
        "Impairment Of Capital Assets": 1761000.0,
        "Restructuring And Mergern Acquisition": 5100000.0,
        "Net Non Operating Interest Income Expense": -43490000.0,
        "Interest Expense Non Operating": 43490000.0,
        "Operating Income": -33357000.0,
        "Operating Expense": 204534000.0,
        "Depreciation Amortization Depletion Income Statement": 2865000.0,
        "Depreciation And Amortization In Income Statement": 2865000.0,
        "Amortization": 2865000.0,
        "Amortization Of Intangibles Income Statement": 2865000.0,
        "Research And Development": 132169000.0,
        "Selling General And Administration": 69500000.0,
        "Gross Profit": 171177000.0,
        "Cost Of Revenue": 15527000.0,
        "Total Revenue": 186704000.0,
        "Operating Revenue": 186704000.0
    },
    "2024-09-30": {
        "Tax Effect Of Unusual Items": -534240.0,
        "Tax Rate For Calcs": 0.21,
        "Normalized EBITDA": -47352000.0,
        "Total Unusual Items": -2544000.0,
        "Total Unusual Items Excluding Goodwill": -2544000.0,
        "Net Income From Continuing Operation Net Minority Interest": -106654000.0,
        "Reconciled Depreciation": 6486000.0,
        "Reconciled Cost Of Revenue": 7398000.0,
        "EBITDA": -49896000.0,
        "EBIT": -56382000.0,
        "Net Interest Income": -41609000.0,
        "Interest Expense": 41609000.0,
        "Normalized Income": -104644240.0,
        "Net Income From Continuing And Discontinued Operation": -106654000.0,
        "Total Expenses": 248752000.0,
        "Total Operating Income As Reported": -54510000.0,
        "Diluted Average Shares": 76925523.0,
        "Basic Average Shares": 76925523.0,
        "Diluted EPS": -1.39,
        "Basic EPS": -1.39,
        "Diluted NI Availto Com Stockholders": -106654000.0,
        "Net Income Common Stockholders": -106654000.0,
        "Net Income": -106654000.0,
        "Net Income Including Noncontrolling Interests": -106654000.0,
        "Net Income Continuous Operations": -106654000.0,
        "Tax Provision": 8663000.0,
        "Pretax Income": -97991000.0,
        "Other Income Expense": -4416000.0,
        "Other Non Operating Income Expenses": -1872000.0,
        "Special Income Charges": -2544000.0,
        "Impairment Of Capital Assets": 1844000.0,
        "Restructuring And Mergern Acquisition": 700000.0,
        "Net Non Operating Interest Income Expense": -41609000.0,
        "Interest Expense Non Operating": 41609000.0,
        "Operating Income": -51966000.0,
        "Operating Expense": 237904000.0,
        "Depreciation Amortization Depletion Income Statement": 3036000.0,
        "Depreciation And Amortization In Income Statement": 3036000.0,
        "Amortization": 3036000.0,
        "Amortization Of Intangibles Income Statement": 3036000.0,
        "Research And Development": 161412000.0,
        "Selling General And Administration": 73456000.0,
        "Gross Profit": 185938000.0,
        "Cost Of Revenue": 10848000.0,
        "Total Revenue": 196786000.0,
        "Operating Revenue": 196786000.0
    },
    "2024-12-31": {
        "Tax Effect Of Unusual Items": -44579384.513036,
        "Tax Rate For Calcs": 0.304259,
        "Normalized EBITDA": 99643000.0,
        "Total Unusual Items": -146518000.0,
        "Total Unusual Items Excluding Goodwill": -146518000.0,
        "Net Income From Continuing Operation Net Minority Interest": -65886000.0,
        "Reconciled Depreciation": 6764000.0,
        "Reconciled Cost Of Revenue": 12826000.0,
        "EBITDA": -46875000.0,
        "EBIT": -53639000.0,
        "Net Interest Income": -41060000.0,
        "Interest Expense": 41060000.0,
        "Normalized Income": 36052615.486964,
        "Net Income From Continuing And Discontinued Operation": -65886000.0,
        "Total Expenses": 229043000.0,
        "Total Operating Income As Reported": -162389000.0,
        "Diluted Average Shares": 77201783.0,
        "Basic Average Shares": 77201783.0,
        "Diluted EPS": -0.85,
        "Basic EPS": -0.85,
        "Diluted NI Availto Com Stockholders": -65886000.0,
        "Net Income Common Stockholders": -65886000.0,
        "Net Income": -65886000.0,
        "Net Income Including Noncontrolling Interests": -65886000.0,
        "Net Income Continuous Operations": -65886000.0,
        "Tax Provision": -28813000.0,
        "Pretax Income": -94699000.0,
        "Other Income Expense": -37768000.0,
        "Other Non Operating Income Expenses": 108750000.0,
        "Special Income Charges": -146518000.0,
        "Impairment Of Capital Assets": 156693000.0,
        "Restructuring And Mergern Acquisition": -10175000.0,
        "Net Non Operating Interest Income Expense": -41060000.0,
        "Interest Expense Non Operating": 41060000.0,
        "Operating Income": -15871000.0,
        "Operating Expense": 212760000.0,
        "Depreciation Amortization Depletion Income Statement": 3307000.0,
        "Depreciation And Amortization In Income Statement": 3307000.0,
        "Amortization": 3307000.0,
        "Amortization Of Intangibles Income Statement": 3307000.0,
        "Research And Development": 124770000.0,
        "Selling General And Administration": 84683000.0,
        "Gross Profit": 196889000.0,
        "Cost Of Revenue": 16283000.0,
        "Total Revenue": 213172000.0,
        "Operating Revenue": 213172000.0
    },
    "2025-03-31": {
        "Tax Effect Of Unusual Items": 49193.311021,
        "Tax Rate For Calcs": 0.068041,
        "Normalized EBITDA": 970418000.0,
        "Total Unusual Items": 723000.0,
        "Total Unusual Items Excluding Goodwill": 723000.0,
        "Net Income From Continuing Operation Net Minority Interest": 866562000.0,
        "Reconciled Depreciation": 7221000.0,
        "Reconciled Cost Of Revenue": 9439000.0,
        "EBITDA": 971141000.0,
        "EBIT": 963920000.0,
        "Net Interest Income": -34092000.0,
        "Interest Expense": 34092000.0,
        "Normalized Income": 865888193.311021,
        "Net Income From Continuing And Discontinued Operation": 866562000.0,
        "Total Expenses": 206594000.0,
        "Total Operating Income As Reported": 970225000.0,
        "Diluted Average Shares": 86385922.0,
        "Basic Average Shares": 78115836.0,
        "Diluted EPS": 10.04,
        "Basic EPS": 11.09,
        "Diluted NI Availto Com Stockholders": 866562000.0,
        "Net Income Common Stockholders": 866562000.0,
        "Net Income": 866562000.0,
        "Net Income Including Noncontrolling Interests": 866562000.0,
        "Net Income Continuous Operations": 866562000.0,
        "Tax Provision": 63266000.0,
        "Pretax Income": 929828000.0,
        "Other Income Expense": -5582000.0,
        "Other Non Operating Income Expenses": -6305000.0,
        "Special Income Charges": 723000.0,
        "Impairment Of Capital Assets": 77000.0,
        "Restructuring And Mergern Acquisition": -800000.0,
        "Net Non Operating Interest Income Expense": -34092000.0,
        "Interest Expense Non Operating": 34092000.0,
        "Operating Income": 969502000.0,
        "Operating Expense": 193732000.0,
        "Depreciation Amortization Depletion Income Statement": 3798000.0,
        "Depreciation And Amortization In Income Statement": 3798000.0,
        "Amortization": 3798000.0,
        "Amortization Of Intangibles Income Statement": 3798000.0,
        "Research And Development": 108973000.0,
        "Selling General And Administration": 80961000.0,
        "Gross Profit": 1163234000.0,
        "Cost Of Revenue": 12862000.0,
        "Total Revenue": 1176096000.0,
        "Operating Revenue": 1176096000.0
    },
    "2025-06-30": {
        "Tax Effect Of Unusual Items": -8642.923493,
        "Tax Rate For Calcs": 0.087302,
        "Normalized EBITDA": -33012000.0,
        "Total Unusual Items": -99000.0,
        "Total Unusual Items Excluding Goodwill": -99000.0,
        "Net Income From Continuing Operation Net Minority Interest": -64849000.0,
        "Reconciled Depreciation": 7583000.0,
        "Reconciled Cost Of Revenue": 7898000.0,
        "EBITDA": -33111000.0,
        "EBIT": -40694000.0,
        "Net Interest Income": -30358000.0,
        "Interest Expense": 30358000.0,
        "Normalized Income": -64758642.923493,
        "Net Income From Continuing And Discontinued Operation": -64849000.0,
        "Total Expenses": 213733000.0,
        "Total Operating Income As Reported": -34957000.0,
        "Diluted Average Shares": 78151240.0,
        "Basic Average Shares": 78151240.0,
        "Diluted EPS": -0.83,
        "Basic EPS": -0.83,
        "Diluted NI Availto Com Stockholders": -64849000.0,
        "Net Income Common Stockholders": -64849000.0,
        "Net Income": -64849000.0,
        "Net Income Including Noncontrolling Interests": -64849000.0,
        "Net Income Continuous Operations": -64849000.0,
        "Tax Provision": -6203000.0,
        "Pretax Income": -71052000.0,
        "Other Income Expense": -5836000.0,
        "Other Non Operating Income Expenses": -5737000.0,
        "Special Income Charges": -99000.0,
        "Impairment Of Capital Assets": 99000.0,
        "Restructuring And Mergern Acquisition": 0.0,
        "Net Non Operating Interest Income Expense": -30358000.0,
        "Interest Expense Non Operating": 30358000.0,
        "Operating Income": -34858000.0,
        "Operating Expense": 202313000.0,
        "Depreciation Amortization Depletion Income Statement": 4061000.0,
        "Depreciation And Amortization In Income Statement": 4061000.0,
        "Amortization": 4061000.0,
        "Amortization Of Intangibles Income Statement": 4061000.0,
        "Research And Development": 112990000.0,
        "Selling General And Administration": 85262000.0,
        "Gross Profit": 167455000.0,
        "Cost Of Revenue": 11420000.0,
        "Total Revenue": 178875000.0,
        "Operating Revenue": 178875000.0
    }
}