{
    "2023-03-31": {
        "Tax Effect Of Unusual Items": NaN,
        "Tax Rate For Calcs": NaN,
        "Normalized EBITDA": NaN,
        "Net Income From Continuing Operation Net Minority Interest": NaN,
        "Reconciled Depreciation": NaN,
        "EBITDA": NaN,
        "EBIT": NaN,
        "Net Interest Income": NaN,
        "Interest Income": NaN,
        "Normalized Income": NaN,
        "Net Income From Continuing And Discontinued Operation": NaN,
        "Total Expenses": NaN,
        "Total Operating Income As Reported": NaN,
        "Diluted Average Shares": NaN,
        "Basic Average Shares": NaN,
        "Diluted EPS": NaN,
        "Basic EPS": NaN,
        "Diluted NI Availto Com Stockholders": NaN,
        "Net Income Common Stockholders": NaN,
        "Net Income": NaN,
        "Net Income Including Noncontrolling Interests": NaN,
        "Net Income Continuous Operations": NaN,
        "Tax Provision": 0.0,
        "Pretax Income": NaN,
        "Other Income Expense": NaN,
        "Other Non Operating Income Expenses": NaN,
        "Net Non Operating Interest Income Expense": NaN,
        "Interest Income Non Operating": NaN,
        "Operating Income": NaN,
        "Operating Expense": NaN,
        "Research And Development": NaN,
        "Selling General And Administration": NaN,
        "General And Administrative Expense": NaN,
        "Other Gand A": NaN,
        "Total Revenue": NaN,
        "Operating Revenue": NaN
    },
    "2022-12-31": {
        "Tax Effect Of Unusual Items": 0.0,
        "Tax Rate For Calcs": 0.0,
        "Normalized EBITDA": -31696000.0,
        "Net Income From Continuing Operation Net Minority Interest": -34194000.0,
        "Reconciled Depreciation": 840000.0,
        "EBITDA": -31696000.0,
        "EBIT": -32536000.0,
        "Net Interest Income": 2251000.0,
        "Interest Income": 2251000.0,
        "Normalized Income": -34194000.0,
        "Net Income From Continuing And Discontinued Operation": -34194000.0,
        "Total Expenses": 36516000.0,
        "Total Operating Income As Reported": -36516000.0,
        "Diluted Average Shares": 49262643.0,
        "Basic Average Shares": 49262643.0,
        "Diluted EPS": -0.69,
        "Basic EPS": -0.69,
        "Diluted NI Availto Com Stockholders": -34194000.0,
        "Net Income Common Stockholders": -34194000.0,
        "Net Income": -34194000.0,
        "Net Income Including Noncontrolling Interests": -34194000.0,
        "Net Income Continuous Operations": -34194000.0,
        "Pretax Income": -34194000.0,
        "Other Income Expense": 71000.0,
        "Other Non Operating Income Expenses": 71000.0,
        "Net Non Operating Interest Income Expense": 2251000.0,
        "Interest Income Non Operating": 2251000.0,
        "Operating Income": -36516000.0,
        "Operating Expense": 36516000.0,
        "Research And Development": 29884000.0,
        "Selling General And Administration": 6632000.0,
        "General And Administrative Expense": 6632000.0,
        "Other Gand A": 6632000.0,
        "Total Revenue": 0.0,
        "Operating Revenue": 0.0
    },
    "2022-09-30": {
        "Tax Effect Of Unusual Items": 0.0,
        "Tax Rate For Calcs": 0.0,
        "Normalized EBITDA": -31450000.0,
        "Net Income From Continuing Operation Net Minority Interest": -31232000.0,
        "Reconciled Depreciation": 853000.0,
        "EBITDA": -31450000.0,
        "EBIT": -32303000.0,
        "Net Interest Income": 1157000.0,
        "Interest Income": 1157000.0,
        "Normalized Income": -31232000.0,
        "Net Income From Continuing And Discontinued Operation": -31232000.0,
        "Total Expenses": 32303000.0,
        "Total Operating Income As Reported": -32303000.0,
        "Diluted Average Shares": 49107639.0,
        "Basic Average Shares": 49107639.0,
        "Diluted EPS": -0.64,
        "Basic EPS": -0.64,
        "Diluted NI Availto Com Stockholders": -31232000.0,
        "Net Income Common Stockholders": -31232000.0,
        "Net Income": -31232000.0,
        "Net Income Including Noncontrolling Interests": -31232000.0,
        "Net Income Continuous Operations": -31232000.0,
        "Pretax Income": -31232000.0,
        "Other Income Expense": -86000.0,
        "Other Non Operating Income Expenses": -86000.0,
        "Net Non Operating Interest Income Expense": 1157000.0,
        "Interest Income Non Operating": 1157000.0,
        "Operating Income": -32303000.0,
        "Operating Expense": 32303000.0,
        "Research And Development": 25402000.0,
        "Selling General And Administration": 6901000.0,
        "General And Administrative Expense": 6901000.0,
        "Other Gand A": 6901000.0,
        "Total Revenue": 0.0,
        "Operating Revenue": 0.0
    },
    "2022-06-30": {
        "Tax Effect Of Unusual Items": 0.0,
        "Tax Rate For Calcs": 0.0,
        "Normalized EBITDA": -40600000.0,
        "Net Income From Continuing Operation Net Minority Interest": -41037000.0,
        "Reconciled Depreciation": 843000.0,
        "EBITDA": -40600000.0,
        "EBIT": -41443000.0,
        "Net Interest Income": 484000.0,
        "Interest Income": 484000.0,
        "Normalized Income": -41037000.0,
        "Net Income From Continuing And Discontinued Operation": -41037000.0,
        "Total Expenses": 42302000.0,
        "Total Operating Income As Reported": -41443000.0,
        "Diluted Average Shares": 49049902.0,
        "Basic Average Shares": 49049902.0,
        "Diluted EPS": -0.84,
        "Basic EPS": -0.84,
        "Diluted NI Availto Com Stockholders": -41037000.0,
        "Net Income Common Stockholders": -41037000.0,
        "Net Income": -41037000.0,
        "Net Income Including Noncontrolling Interests": -41037000.0,
        "Net Income Continuous Operations": -41037000.0,
        "Pretax Income": -41037000.0,
        "Other Income Expense": -78000.0,
        "Other Non Operating Income Expenses": -78000.0,
        "Net Non Operating Interest Income Expense": 484000.0,
        "Interest Income Non Operating": 484000.0,
        "Operating Income": -41443000.0,
        "Operating Expense": 42302000.0,
        "Research And Development": 34611000.0,
        "Selling General And Administration": 7691000.0,
        "General And Administrative Expense": 7691000.0,
        "Other Gand A": 7691000.0,
        "Total Revenue": 859000.0,
        "Operating Revenue": 859000.0
    },
    "2022-03-31": {
        "Diluted EPS": -0.43,
        "Total Revenue": 26,
        "Gross Profit": 26,
        "Operating Income": -21,
        "EBIT": -20,
        "Net Income": -21
    },
    "2021-12-31": {
        "Diluted EPS": -0.78,
        "Total Revenue": 9,
        "Gross Profit": 9,
        "Operating Income": -37,
        "EBIT": -36,
        "Net Income": -37
    },
    "2021-09-30": {
        "Diluted EPS": -0.7,
        "Total Revenue": 10,
        "Gross Profit": 10,
        "Operating Income": -34,
        "EBIT": -33,
        "Net Income": -34
    },
    "2021-06-30": {
        "Diluted EPS": -0.69,
        "Total Revenue": 2,
        "Gross Profit": 2,
        "Operating Income": -31,
        "EBIT": -30,
        "Net Income": -31
    },
    "2021-03-31": {
        "Diluted EPS": -0.54,
        "Total Revenue": 6,
        "Gross Profit": 6,
        "Operating Income": -24,
        "EBIT": -23,
        "Net Income": -24
    },
    "2020-12-31": {
        "Diluted EPS": -0.4,
        "Total Revenue": 6,
        "Gross Profit": 6,
        "Operating Income": -19,
        "EBIT": -18,
        "Net Income": -19
    },
    "2020-09-30": {
        "Diluted EPS": -0.21,
        "Total Revenue": 13,
        "Gross Profit": 13,
        "Operating Income": -8,
        "EBIT": -7,
        "Net Income": -8
    },
    "2020-06-30": {
        "Diluted EPS": -0.59,
        "Total Revenue": 6,
        "Gross Profit": 6,
        "Operating Income": -18,
        "EBIT": -18,
        "Net Income": -19
    },
    "2020-03-31": {
        "Diluted EPS": -0.72,
        "Total Revenue": 4,
        "Gross Profit": 4,
        "Operating Income": -20,
        "EBIT": -19,
        "Net Income": -20
    },
    "2019-12-31": {
        "Diluted EPS": -0.61,
        "Total Revenue": 3,
        "Gross Profit": 3,
        "Operating Income": -17,
        "EBIT": -17,
        "Net Income": -18
    },
    "2019-09-30": {
        "Diluted EPS": -0.61,
        "Total Revenue": 4,
        "Gross Profit": 4,
        "Operating Income": -17,
        "EBIT": -17,
        "Net Income": -16
    },
    "2019-06-30": {
        "Diluted EPS": -1.18,
        "Total Revenue": -8,
        "Gross Profit": -8,
        "Operating Income": -31,
        "EBIT": -31,
        "Net Income": -29
    },
    "2019-03-31": {
        "Diluted EPS": -0.58,
        "Total Revenue": 2,
        "Gross Profit": 2,
        "Operating Income": -15,
        "EBIT": -14,
        "Net Income": -14
    },
    "2018-12-31": {
        "Diluted EPS": -0.59,
        "Total Revenue": 2,
        "Gross Profit": 2,
        "Operating Income": -15,
        "EBIT": -15,
        "Net Income": -14
    },
    "2018-09-30": {
        "Diluted EPS": -0.38,
        "Total Revenue": 6,
        "Gross Profit": 6,
        "Operating Income": -9,
        "EBIT": -9,
        "Net Income": -9
    },
    "2018-06-30": {
        "Diluted EPS": -0.41,
        "Total Revenue": 12,
        "Gross Profit": 12,
        "Operating Income": -9,
        "EBIT": -9,
        "Net Income": -9
    },
    "2018-03-31": {
        "Diluted EPS": -0.36,
        "Total Revenue": 11,
        "Gross Profit": 11,
        "Operating Income": -8,
        "EBIT": -8,
        "Net Income": -8
    },
    "2017-12-31": {
        "Diluted EPS": -0.07,
        "Total Revenue": 11,
        "Gross Profit": 11,
        "Operating Income": -4,
        "EBIT": -3,
        "Net Income": -3
    },
    "2017-09-30": {
        "Diluted EPS": -0.29,
        "Total Revenue": 9,
        "Gross Profit": 9,
        "Operating Income": -5,
        "EBIT": -5,
        "Net Income": -5
    },
    "2017-06-30": {
        "Diluted EPS": -0.89,
        "Total Revenue": NaN,
        "Gross Profit": NaN,
        "Operating Income": -15,
        "EBIT": -15,
        "Net Income": -15
    },
    "2017-03-31": {
        "Diluted EPS": -0.84,
        "Total Revenue": NaN,
        "Gross Profit": NaN,
        "Operating Income": -14,
        "EBIT": -14,
        "Net Income": -14
    },
    "2016-12-31": {
        "Diluted EPS": 55.1,
        "Total Revenue": NaN,
        "Gross Profit": NaN,
        "Operating Income": -11,
        "EBIT": -11,
        "Net Income": -11
    },
    "2016-09-30": {
        "Diluted EPS": -0.87,
        "Total Revenue": NaN,
        "Gross Profit": NaN,
        "Operating Income": -7,
        "EBIT": -7,
        "Net Income": -7
    },
    "2016-06-30": {
        "Diluted EPS": -19.07,
        "Total Revenue": NaN,
        "Gross Profit": NaN,
        "Operating Income": -7,
        "EBIT": -7,
        "Net Income": -7
    },
    "2016-03-31": {
        "Diluted EPS": -40.96,
        "Total Revenue": NaN,
        "Gross Profit": NaN,
        "Operating Income": -7,
        "EBIT": -7,
        "Net Income": -12
    },
    "2015-12-31": {
        "Diluted EPS": 0.0,
        "Total Revenue": NaN,
        "Gross Profit": NaN,
        "Operating Income": NaN,
        "EBIT": NaN,
        "Net Income": NaN
    },
    "2015-09-30": {
        "Diluted EPS": -12.79,
        "Total Revenue": NaN,
        "Gross Profit": NaN,
        "Operating Income": -4,
        "EBIT": -4,
        "Net Income": -3
    },
    "2015-06-30": {
        "Diluted EPS": -13.78,
        "Total Revenue": NaN,
        "Gross Profit": NaN,
        "Operating Income": -3,
        "EBIT": -3,
        "Net Income": -3
    },
    "2014-12-31": {
        "Diluted EPS": 0.0,
        "Total Revenue": NaN,
        "Gross Profit": NaN,
        "Operating Income": NaN,
        "EBIT": NaN,
        "Net Income": NaN
    },
    "2023-06-30": {
        "Tax Effect Of Unusual Items": NaN,
        "Tax Rate For Calcs": NaN,
        "Normalized EBITDA": NaN,
        "Net Income From Continuing Operation Net Minority Interest": NaN,
        "Reconciled Depreciation": NaN,
        "EBITDA": NaN,
        "EBIT": NaN,
        "Net Interest Income": NaN,
        "Interest Income": NaN,
        "Normalized Income": NaN,
        "Net Income From Continuing And Discontinued Operation": NaN,
        "Total Expenses": NaN,
        "Total Operating Income As Reported": NaN,
        "Diluted Average Shares": NaN,
        "Basic Average Shares": NaN,
        "Diluted EPS": NaN,
        "Basic EPS": NaN,
        "Diluted NI Availto Com Stockholders": NaN,
        "Net Income Common Stockholders": NaN,
        "Net Income": NaN,
        "Net Income Including Noncontrolling Interests": NaN,
        "Net Income Continuous Operations": NaN,
        "Tax Provision": 0.0,
        "Pretax Income": NaN,
        "Other Income Expense": NaN,
        "Other Non Operating Income Expenses": NaN,
        "Net Non Operating Interest Income Expense": NaN,
        "Interest Income Non Operating": NaN,
        "Operating Income": NaN,
        "Operating Expense": NaN,
        "Research And Development": NaN,
        "Selling General And Administration": NaN,
        "General And Administrative Expense": NaN,
        "Other Gand A": NaN,
        "Total Revenue": NaN,
        "Operating Revenue": NaN
    },
    "2023-09-30": {
        "Tax Effect Of Unusual Items": NaN,
        "Tax Rate For Calcs": NaN,
        "Normalized EBITDA": NaN,
        "Net Income From Continuing Operation Net Minority Interest": NaN,
        "Reconciled Depreciation": NaN,
        "EBITDA": NaN,
        "EBIT": NaN,
        "Net Interest Income": NaN,
        "Interest Income": NaN,
        "Normalized Income": NaN,
        "Net Income From Continuing And Discontinued Operation": NaN,
        "Total Expenses": NaN,
        "Total Operating Income As Reported": NaN,
        "Diluted Average Shares": 59182899.0,
        "Basic Average Shares": 59182899.0,
        "Diluted EPS": -0.58,
        "Basic EPS": -0.58,
        "Diluted NI Availto Com Stockholders": NaN,
        "Net Income Common Stockholders": NaN,
        "Net Income": NaN,
        "Net Income Including Noncontrolling Interests": NaN,
        "Net Income Continuous Operations": NaN,
        "Tax Provision": 0.0,
        "Pretax Income": NaN,
        "Other Income Expense": NaN,
        "Other Non Operating Income Expenses": NaN,
        "Net Non Operating Interest Income Expense": NaN,
        "Interest Income Non Operating": NaN,
        "Operating Income": NaN,
        "Operating Expense": NaN,
        "Research And Development": NaN,
        "Selling General And Administration": NaN,
        "General And Administrative Expense": NaN,
        "Other Gand A": NaN,
        "Total Revenue": NaN,
        "Operating Revenue": NaN
    },
    "2023-12-31": {
        "Tax Effect Of Unusual Items": 0.0,
        "Tax Rate For Calcs": 0.21,
        "Normalized EBITDA": 23881000.0,
        "Net Income From Continuing Operation Net Minority Interest": 27335000.0,
        "Reconciled Depreciation": 832000.0,
        "EBITDA": 23881000.0,
        "EBIT": 23049000.0,
        "Net Interest Income": 4242000.0,
        "Interest Income": 4242000.0,
        "Normalized Income": 27335000.0,
        "Net Income From Continuing And Discontinued Operation": 27335000.0,
        "Total Expenses": 36951000.0,
        "Total Operating Income As Reported": 23049000.0,
        "Diluted Average Shares": 61796205.0,
        "Basic Average Shares": 60387606.0,
        "Diluted EPS": 0.44,
        "Basic EPS": 0.45,
        "Diluted NI Availto Com Stockholders": 27335000.0,
        "Net Income Common Stockholders": 27335000.0,
        "Net Income": 27335000.0,
        "Net Income Including Noncontrolling Interests": 27335000.0,
        "Net Income Continuous Operations": 27335000.0,
        "Tax Provision": NaN,
        "Pretax Income": 27335000.0,
        "Other Income Expense": 44000.0,
        "Other Non Operating Income Expenses": 44000.0,
        "Net Non Operating Interest Income Expense": 4242000.0,
        "Interest Income Non Operating": 4242000.0,
        "Operating Income": 23049000.0,
        "Operating Expense": 36951000.0,
        "Research And Development": 28899000.0,
        "Selling General And Administration": 8052000.0,
        "General And Administrative Expense": 8052000.0,
        "Other Gand A": 8052000.0,
        "Total Revenue": 60000000.0,
        "Operating Revenue": 60000000.0
    },
    "2024-03-31": {
        "Tax Effect Of Unusual Items": 0.0,
        "Tax Rate For Calcs": 0.0154,
        "Normalized EBITDA": 207129000.0,
        "Net Income From Continuing Operation Net Minority Interest": 207340000.0,
        "Reconciled Depreciation": 820000.0,
        "EBITDA": 207129000.0,
        "EBIT": 206309000.0,
        "Net Interest Income": 4376000.0,
        "Interest Income": 4376000.0,
        "Normalized Income": 207340000.0,
        "Net Income From Continuing And Discontinued Operation": 207340000.0,
        "Total Expenses": 48644000.0,
        "Total Operating Income As Reported": 206309000.0,
        "Diluted Average Shares": 63595328.0,
        "Basic Average Shares": 60855689.0,
        "Diluted EPS": 3.26,
        "Basic EPS": 3.41,
        "Diluted NI Availto Com Stockholders": 207340000.0,
        "Net Income Common Stockholders": 207340000.0,
        "Net Income": 207340000.0,
        "Net Income Including Noncontrolling Interests": 207340000.0,
        "Net Income Continuous Operations": 207340000.0,
        "Tax Provision": 3326000.0,
        "Pretax Income": 210666000.0,
        "Other Income Expense": -19000.0,
        "Other Non Operating Income Expenses": -19000.0,
        "Net Non Operating Interest Income Expense": 4376000.0,
        "Interest Income Non Operating": 4376000.0,
        "Operating Income": 206309000.0,
        "Operating Expense": 48644000.0,
        "Research And Development": 33734000.0,
        "Selling General And Administration": 14910000.0,
        "General And Administrative Expense": 14910000.0,
        "Other Gand A": 14910000.0,
        "Total Revenue": 254953000.0,
        "Operating Revenue": 254953000.0
    },
    "2024-06-30": {
        "Tax Effect Of Unusual Items": 0.0,
        "Tax Rate For Calcs": 0.0216,
        "Normalized EBITDA": -37901000.0,
        "Net Income From Continuing Operation Net Minority Interest": -30616000.0,
        "Reconciled Depreciation": 892000.0,
        "EBITDA": -37901000.0,
        "EBIT": -38793000.0,
        "Net Interest Income": 7404000.0,
        "Interest Income": 7404000.0,
        "Normalized Income": -30616000.0,
        "Net Income From Continuing And Discontinued Operation": -30616000.0,
        "Total Expenses": 42960000.0,
        "Total Operating Income As Reported": -38793000.0,
        "Diluted Average Shares": 61305289.0,
        "Basic Average Shares": 61305289.0,
        "Diluted EPS": -0.5,
        "Basic EPS": -0.5,
        "Diluted NI Availto Com Stockholders": -30616000.0,
        "Net Income Common Stockholders": -30616000.0,
        "Net Income": -30616000.0,
        "Net Income Including Noncontrolling Interests": -30616000.0,
        "Net Income Continuous Operations": -30616000.0,
        "Tax Provision": -676000.0,
        "Pretax Income": -31292000.0,
        "Other Income Expense": 97000.0,
        "Other Non Operating Income Expenses": 97000.0,
        "Net Non Operating Interest Income Expense": 7404000.0,
        "Interest Income Non Operating": 7404000.0,
        "Operating Income": -38793000.0,
        "Operating Expense": 42960000.0,
        "Research And Development": 33520000.0,
        "Selling General And Administration": 9440000.0,
        "General And Administrative Expense": 9440000.0,
        "Other Gand A": 9440000.0,
        "Total Revenue": 4167000.0,
        "Operating Revenue": 4167000.0
    },
    "2024-09-30": {
        "Tax Effect Of Unusual Items": 0.0,
        "Tax Rate For Calcs": 0.0125,
        "Normalized EBITDA": -40806000.0,
        "Net Income From Continuing Operation Net Minority Interest": -33210000.0,
        "Reconciled Depreciation": 647000.0,
        "EBITDA": -40806000.0,
        "EBIT": -41453000.0,
        "Net Interest Income": 7682000.0,
        "Interest Income": 7682000.0,
        "Normalized Income": -33210000.0,
        "Net Income From Continuing And Discontinued Operation": -33210000.0,
        "Total Expenses": 46128000.0,
        "Total Operating Income As Reported": -41453000.0,
        "Diluted Average Shares": 61767934.0,
        "Basic Average Shares": 61767934.0,
        "Diluted EPS": -0.54,
        "Basic EPS": -0.54,
        "Diluted NI Availto Com Stockholders": -33210000.0,
        "Net Income Common Stockholders": -33210000.0,
        "Net Income": -33210000.0,
        "Net Income Including Noncontrolling Interests": -33210000.0,
        "Net Income Continuous Operations": -33210000.0,
        "Tax Provision": -420000.0,
        "Pretax Income": -33630000.0,
        "Other Income Expense": 141000.0,
        "Other Non Operating Income Expenses": 141000.0,
        "Net Non Operating Interest Income Expense": 7682000.0,
        "Interest Income Non Operating": 7682000.0,
        "Operating Income": -41453000.0,
        "Operating Expense": 46128000.0,
        "Research And Development": 35970000.0,
        "Selling General And Administration": 10158000.0,
        "General And Administrative Expense": 10158000.0,
        "Other Gand A": 10158000.0,
        "Total Revenue": 4675000.0,
        "Operating Revenue": 4675000.0
    },
    "2024-12-31": {
        "Tax Effect Of Unusual Items": 0.0,
        "Tax Rate For Calcs": 0.014888,
        "Normalized EBITDA": 127316000.0,
        "Net Income From Continuing Operation Net Minority Interest": 131674000.0,
        "Reconciled Depreciation": 536000.0,
        "EBITDA": 127316000.0,
        "EBIT": 126780000.0,
        "Net Interest Income": 6853000.0,
        "Interest Income": 6853000.0,
        "Normalized Income": 131674000.0,
        "Net Income From Continuing And Discontinued Operation": 131674000.0,
        "Total Expenses": 43858000.0,
        "Total Operating Income As Reported": 126780000.0,
        "Diluted Average Shares": NaN,
        "Basic Average Shares": NaN,
        "Diluted EPS": NaN,
        "Basic EPS": NaN,
        "Diluted NI Availto Com Stockholders": 131674000.0,
        "Net Income Common Stockholders": 131674000.0,
        "Net Income": 131674000.0,
        "Net Income Including Noncontrolling Interests": 131674000.0,
        "Net Income Continuous Operations": 131674000.0,
        "Tax Provision": 1990000.0,
        "Pretax Income": 133664000.0,
        "Other Income Expense": 31000.0,
        "Other Non Operating Income Expenses": 31000.0,
        "Net Non Operating Interest Income Expense": 6853000.0,
        "Interest Income Non Operating": 6853000.0,
        "Operating Income": 126780000.0,
        "Operating Expense": 43858000.0,
        "Research And Development": 34904000.0,
        "Selling General And Administration": 8954000.0,
        "General And Administrative Expense": 8954000.0,
        "Other Gand A": 8954000.0,
        "Total Revenue": 170638000.0,
        "Operating Revenue": 170638000.0
    }
}