{
    "2023-03-31": {
        "Tax Effect Of Unusual Items": NaN,
        "Tax Rate For Calcs": NaN,
        "Normalized EBITDA": NaN,
        "Total Unusual Items": NaN,
        "Total Unusual Items Excluding Goodwill": NaN,
        "Net Income From Continuing Operation Net Minority Interest": NaN,
        "Reconciled Depreciation": NaN,
        "Reconciled Cost Of Revenue": NaN,
        "EBITDA": NaN,
        "EBIT": NaN,
        "Net Interest Income": NaN,
        "Interest Expense": NaN,
        "Interest Income": NaN,
        "Normalized Income": NaN,
        "Net Income From Continuing And Discontinued Operation": NaN,
        "Total Expenses": NaN,
        "Rent Expense Supplemental": NaN,
        "Total Operating Income As Reported": NaN,
        "Diluted Average Shares": 49599074.0,
        "Basic Average Shares": 49599074.0,
        "Diluted EPS": -0.01,
        "Basic EPS": -0.01,
        "Diluted NI Availto Com Stockholders": NaN,
        "Net Income Common Stockholders": NaN,
        "Net Income": NaN,
        "Minority Interests": NaN,
        "Net Income Including Noncontrolling Interests": NaN,
        "Net Income Continuous Operations": NaN,
        "Tax Provision": NaN,
        "Pretax Income": NaN,
        "Other Income Expense": NaN,
        "Other Non Operating Income Expenses": NaN,
        "Special Income Charges": NaN,
        "Other Special Charges": NaN,
        "Earnings From Equity Interest": NaN,
        "Net Non Operating Interest Income Expense": NaN,
        "Interest Expense Non Operating": NaN,
        "Interest Income Non Operating": NaN,
        "Operating Income": NaN,
        "Operating Expense": NaN,
        "Other Operating Expenses": NaN,
        "Depreciation Amortization Depletion Income Statement": NaN,
        "Depreciation And Amortization In Income Statement": NaN,
        "Selling General And Administration": NaN,
        "General And Administrative Expense": NaN,
        "Other Gand A": NaN,
        "Rent And Landing Fees": NaN,
        "Gross Profit": NaN,
        "Cost Of Revenue": NaN,
        "Total Revenue": NaN,
        "Operating Revenue": NaN
    },
    "2022-12-31": {
        "Tax Effect Of Unusual Items": NaN,
        "Tax Rate For Calcs": NaN,
        "Normalized EBITDA": NaN,
        "Total Unusual Items": NaN,
        "Total Unusual Items Excluding Goodwill": NaN,
        "Net Income From Continuing Operation Net Minority Interest": NaN,
        "Reconciled Depreciation": NaN,
        "Reconciled Cost Of Revenue": NaN,
        "EBITDA": NaN,
        "EBIT": NaN,
        "Net Interest Income": NaN,
        "Interest Expense": NaN,
        "Interest Income": NaN,
        "Normalized Income": NaN,
        "Net Income From Continuing And Discontinued Operation": NaN,
        "Total Expenses": NaN,
        "Rent Expense Supplemental": NaN,
        "Total Operating Income As Reported": NaN,
        "Diluted Average Shares": NaN,
        "Basic Average Shares": NaN,
        "Diluted EPS": NaN,
        "Basic EPS": NaN,
        "Diluted NI Availto Com Stockholders": NaN,
        "Net Income Common Stockholders": NaN,
        "Otherunder Preferred Stock Dividend": 0.0,
        "Net Income": NaN,
        "Minority Interests": NaN,
        "Net Income Including Noncontrolling Interests": NaN,
        "Net Income Continuous Operations": NaN,
        "Tax Provision": NaN,
        "Pretax Income": NaN,
        "Other Income Expense": NaN,
        "Other Non Operating Income Expenses": NaN,
        "Special Income Charges": NaN,
        "Other Special Charges": NaN,
        "Earnings From Equity Interest": NaN,
        "Net Non Operating Interest Income Expense": NaN,
        "Interest Expense Non Operating": NaN,
        "Interest Income Non Operating": NaN,
        "Operating Income": NaN,
        "Operating Expense": NaN,
        "Other Operating Expenses": NaN,
        "Depreciation Amortization Depletion Income Statement": NaN,
        "Depreciation And Amortization In Income Statement": NaN,
        "Selling General And Administration": NaN,
        "General And Administrative Expense": NaN,
        "Other Gand A": NaN,
        "Rent And Landing Fees": NaN,
        "Gross Profit": NaN,
        "Cost Of Revenue": NaN,
        "Total Revenue": NaN,
        "Operating Revenue": NaN
    },
    "2022-09-30": {
        "Tax Effect Of Unusual Items": NaN,
        "Tax Rate For Calcs": NaN,
        "Normalized EBITDA": NaN,
        "Total Unusual Items": NaN,
        "Total Unusual Items Excluding Goodwill": NaN,
        "Net Income From Continuing Operation Net Minority Interest": NaN,
        "Reconciled Depreciation": NaN,
        "Reconciled Cost Of Revenue": NaN,
        "EBITDA": NaN,
        "EBIT": NaN,
        "Net Interest Income": NaN,
        "Interest Expense": NaN,
        "Interest Income": 0.0,
        "Normalized Income": NaN,
        "Net Income From Continuing And Discontinued Operation": NaN,
        "Total Expenses": NaN,
        "Rent Expense Supplemental": NaN,
        "Total Operating Income As Reported": NaN,
        "Diluted Average Shares": NaN,
        "Basic Average Shares": NaN,
        "Diluted EPS": NaN,
        "Basic EPS": NaN,
        "Diluted NI Availto Com Stockholders": NaN,
        "Net Income Common Stockholders": NaN,
        "Otherunder Preferred Stock Dividend": 0.0,
        "Net Income": NaN,
        "Minority Interests": NaN,
        "Net Income Including Noncontrolling Interests": NaN,
        "Net Income Continuous Operations": NaN,
        "Tax Provision": NaN,
        "Pretax Income": NaN,
        "Other Income Expense": NaN,
        "Other Non Operating Income Expenses": NaN,
        "Special Income Charges": NaN,
        "Other Special Charges": NaN,
        "Earnings From Equity Interest": NaN,
        "Net Non Operating Interest Income Expense": NaN,
        "Interest Expense Non Operating": NaN,
        "Interest Income Non Operating": 0.0,
        "Operating Income": NaN,
        "Operating Expense": NaN,
        "Other Operating Expenses": NaN,
        "Depreciation Amortization Depletion Income Statement": NaN,
        "Depreciation And Amortization In Income Statement": NaN,
        "Selling General And Administration": NaN,
        "General And Administrative Expense": NaN,
        "Other Gand A": NaN,
        "Rent And Landing Fees": NaN,
        "Gross Profit": NaN,
        "Cost Of Revenue": NaN,
        "Total Revenue": NaN,
        "Operating Revenue": NaN
    },
    "2022-06-30": {
        "Tax Effect Of Unusual Items": 0.0,
        "Tax Rate For Calcs": 0.179,
        "Normalized EBITDA": 24502000.0,
        "Total Unusual Items": NaN,
        "Total Unusual Items Excluding Goodwill": NaN,
        "Net Income From Continuing Operation Net Minority Interest": 5111000.0,
        "Reconciled Depreciation": 5309000.0,
        "Reconciled Cost Of Revenue": 89680000.0,
        "EBITDA": 24502000.0,
        "EBIT": 19193000.0,
        "Net Interest Income": -6097000.0,
        "Interest Expense": 6097000.0,
        "Normalized Income": 5111000.0,
        "Net Income From Continuing And Discontinued Operation": 5111000.0,
        "Total Expenses": 133459000.0,
        "Rent Expense Supplemental": 7379000.0,
        "Total Operating Income As Reported": 17439000.0,
        "Diluted Average Shares": 39687090.0,
        "Basic Average Shares": 35991079.0,
        "Diluted EPS": 0.13,
        "Basic EPS": 0.14,
        "Diluted NI Availto Com Stockholders": 5111000.0,
        "Net Income Common Stockholders": 5111000.0,
        "Otherunder Preferred Stock Dividend": 0.0,
        "Net Income": 5111000.0,
        "Minority Interests": -5645000.0,
        "Net Income Including Noncontrolling Interests": 10756000.0,
        "Net Income Continuous Operations": 10756000.0,
        "Tax Provision": 2340000.0,
        "Pretax Income": 13096000.0,
        "Other Income Expense": 2029000.0,
        "Other Non Operating Income Expenses": 1754000.0,
        "Special Income Charges": NaN,
        "Other Special Charges": NaN,
        "Earnings From Equity Interest": 275000.0,
        "Net Non Operating Interest Income Expense": -6097000.0,
        "Interest Expense Non Operating": 6097000.0,
        "Operating Income": 17164000.0,
        "Operating Expense": 43779000.0,
        "Other Operating Expenses": 15229000.0,
        "Depreciation Amortization Depletion Income Statement": 5309000.0,
        "Depreciation And Amortization In Income Statement": 5309000.0,
        "Selling General And Administration": 23241000.0,
        "General And Administrative Expense": 23241000.0,
        "Other Gand A": 15862000.0,
        "Rent And Landing Fees": 7379000.0,
        "Gross Profit": 60943000.0,
        "Cost Of Revenue": 89680000.0,
        "Total Revenue": 150623000.0,
        "Operating Revenue": 150623000.0
    },
    "2022-03-31": {
        "Diluted EPS": 0.0,
        "Total Revenue": 134,
        "Gross Profit": 88,
        "Operating Income": 7,
        "EBIT": 13,
        "Net Income": 0
    },
    "2021-12-31": {
        "Diluted EPS": -0.48,
        "Total Revenue": 139,
        "Gross Profit": 94,
        "Operating Income": -23,
        "EBIT": -17,
        "Net Income": -19
    },
    "2021-09-30": {
        "Diluted EPS": 0.01,
        "Total Revenue": 138,
        "Gross Profit": 94,
        "Operating Income": 17,
        "EBIT": 24,
        "Net Income": 1
    },
    "2021-06-30": {
        "Diluted EPS": 0.16,
        "Total Revenue": 141,
        "Gross Profit": 99,
        "Operating Income": 24,
        "EBIT": 32,
        "Net Income": 8
    },
    "2021-03-31": {
        "Diluted EPS": -0.11,
        "Total Revenue": 117,
        "Gross Profit": 82,
        "Operating Income": 11,
        "EBIT": 18,
        "Net Income": -5
    },
    "2020-12-31": {
        "Diluted EPS": 0.0,
        "Total Revenue": NaN,
        "Gross Profit": NaN,
        "Operating Income": NaN,
        "EBIT": NaN,
        "Net Income": NaN
    },
    "2020-09-30": {
        "Diluted EPS": 0.05,
        "Total Revenue": 120,
        "Gross Profit": 83,
        "Operating Income": 19,
        "EBIT": 26,
        "Net Income": 3
    },
    "2020-06-30": {
        "Diluted EPS": 0.0,
        "Total Revenue": NaN,
        "Gross Profit": NaN,
        "Operating Income": NaN,
        "EBIT": NaN,
        "Net Income": NaN
    },
    "2019-12-31": {
        "Diluted EPS": 0.0,
        "Total Revenue": NaN,
        "Gross Profit": NaN,
        "Operating Income": NaN,
        "EBIT": NaN,
        "Net Income": NaN
    },
    "2023-06-30": {
        "Tax Effect Of Unusual Items": NaN,
        "Tax Rate For Calcs": NaN,
        "Normalized EBITDA": NaN,
        "Total Unusual Items": NaN,
        "Total Unusual Items Excluding Goodwill": NaN,
        "Net Income From Continuing Operation Net Minority Interest": NaN,
        "Reconciled Depreciation": NaN,
        "Reconciled Cost Of Revenue": NaN,
        "EBITDA": NaN,
        "EBIT": NaN,
        "Net Interest Income": NaN,
        "Interest Expense": NaN,
        "Interest Income": NaN,
        "Normalized Income": NaN,
        "Net Income From Continuing And Discontinued Operation": NaN,
        "Total Expenses": NaN,
        "Rent Expense Supplemental": NaN,
        "Total Operating Income As Reported": NaN,
        "Diluted Average Shares": NaN,
        "Basic Average Shares": NaN,
        "Diluted EPS": NaN,
        "Basic EPS": NaN,
        "Diluted NI Availto Com Stockholders": NaN,
        "Net Income Common Stockholders": NaN,
        "Net Income": NaN,
        "Minority Interests": NaN,
        "Net Income Including Noncontrolling Interests": NaN,
        "Net Income Continuous Operations": NaN,
        "Tax Provision": NaN,
        "Pretax Income": NaN,
        "Other Income Expense": NaN,
        "Other Non Operating Income Expenses": 579000.0,
        "Special Income Charges": NaN,
        "Other Special Charges": NaN,
        "Earnings From Equity Interest": NaN,
        "Net Non Operating Interest Income Expense": NaN,
        "Interest Expense Non Operating": NaN,
        "Interest Income Non Operating": NaN,
        "Operating Income": NaN,
        "Operating Expense": NaN,
        "Other Operating Expenses": NaN,
        "Other Taxes": NaN,
        "Depreciation Amortization Depletion Income Statement": NaN,
        "Depreciation And Amortization In Income Statement": NaN,
        "Selling General And Administration": NaN,
        "General And Administrative Expense": NaN,
        "Other Gand A": NaN,
        "Rent And Landing Fees": NaN,
        "Gross Profit": NaN,
        "Cost Of Revenue": NaN,
        "Total Revenue": NaN,
        "Operating Revenue": NaN
    },
    "2023-09-30": {
        "Tax Effect Of Unusual Items": NaN,
        "Tax Rate For Calcs": NaN,
        "Normalized EBITDA": NaN,
        "Total Unusual Items": NaN,
        "Total Unusual Items Excluding Goodwill": NaN,
        "Net Income From Continuing Operation Net Minority Interest": NaN,
        "Reconciled Depreciation": NaN,
        "Reconciled Cost Of Revenue": NaN,
        "EBITDA": NaN,
        "EBIT": NaN,
        "Net Interest Income": NaN,
        "Interest Expense": NaN,
        "Interest Income": NaN,
        "Normalized Income": NaN,
        "Net Income From Continuing And Discontinued Operation": NaN,
        "Total Expenses": NaN,
        "Rent Expense Supplemental": NaN,
        "Total Operating Income As Reported": NaN,
        "Diluted Average Shares": NaN,
        "Basic Average Shares": NaN,
        "Diluted EPS": NaN,
        "Basic EPS": NaN,
        "Diluted NI Availto Com Stockholders": NaN,
        "Net Income Common Stockholders": NaN,
        "Net Income": NaN,
        "Minority Interests": NaN,
        "Net Income Including Noncontrolling Interests": NaN,
        "Net Income Continuous Operations": NaN,
        "Tax Provision": NaN,
        "Pretax Income": NaN,
        "Other Income Expense": NaN,
        "Other Non Operating Income Expenses": 528000.0,
        "Special Income Charges": NaN,
        "Other Special Charges": NaN,
        "Earnings From Equity Interest": NaN,
        "Net Non Operating Interest Income Expense": NaN,
        "Interest Expense Non Operating": NaN,
        "Interest Income Non Operating": NaN,
        "Operating Income": NaN,
        "Operating Expense": NaN,
        "Other Operating Expenses": NaN,
        "Other Taxes": NaN,
        "Depreciation Amortization Depletion Income Statement": NaN,
        "Depreciation And Amortization In Income Statement": NaN,
        "Selling General And Administration": NaN,
        "General And Administrative Expense": NaN,
        "Other Gand A": NaN,
        "Rent And Landing Fees": NaN,
        "Gross Profit": NaN,
        "Cost Of Revenue": NaN,
        "Total Revenue": NaN,
        "Operating Revenue": NaN
    },
    "2023-12-31": {
        "Tax Effect Of Unusual Items": NaN,
        "Tax Rate For Calcs": NaN,
        "Normalized EBITDA": NaN,
        "Total Unusual Items": NaN,
        "Total Unusual Items Excluding Goodwill": NaN,
        "Net Income From Continuing Operation Net Minority Interest": NaN,
        "Reconciled Depreciation": NaN,
        "Reconciled Cost Of Revenue": NaN,
        "EBITDA": NaN,
        "EBIT": NaN,
        "Net Interest Income": NaN,
        "Interest Expense": NaN,
        "Interest Income": NaN,
        "Normalized Income": NaN,
        "Net Income From Continuing And Discontinued Operation": NaN,
        "Total Expenses": NaN,
        "Rent Expense Supplemental": NaN,
        "Total Operating Income As Reported": NaN,
        "Diluted Average Shares": NaN,
        "Basic Average Shares": NaN,
        "Diluted EPS": NaN,
        "Basic EPS": NaN,
        "Diluted NI Availto Com Stockholders": NaN,
        "Net Income Common Stockholders": NaN,
        "Net Income": NaN,
        "Minority Interests": NaN,
        "Net Income Including Noncontrolling Interests": NaN,
        "Net Income Continuous Operations": NaN,
        "Tax Provision": NaN,
        "Pretax Income": NaN,
        "Other Income Expense": NaN,
        "Other Non Operating Income Expenses": 1658000.0,
        "Special Income Charges": NaN,
        "Other Special Charges": NaN,
        "Earnings From Equity Interest": NaN,
        "Net Non Operating Interest Income Expense": NaN,
        "Interest Expense Non Operating": NaN,
        "Interest Income Non Operating": NaN,
        "Operating Income": NaN,
        "Operating Expense": NaN,
        "Other Operating Expenses": NaN,
        "Other Taxes": NaN,
        "Depreciation Amortization Depletion Income Statement": NaN,
        "Depreciation And Amortization In Income Statement": NaN,
        "Selling General And Administration": NaN,
        "General And Administrative Expense": NaN,
        "Other Gand A": NaN,
        "Rent And Landing Fees": NaN,
        "Gross Profit": NaN,
        "Cost Of Revenue": NaN,
        "Total Revenue": NaN,
        "Operating Revenue": NaN
    },
    "2024-03-31": {
        "Tax Effect Of Unusual Items": NaN,
        "Tax Rate For Calcs": NaN,
        "Normalized EBITDA": NaN,
        "Total Unusual Items": NaN,
        "Total Unusual Items Excluding Goodwill": NaN,
        "Net Income From Continuing Operation Net Minority Interest": NaN,
        "Reconciled Depreciation": NaN,
        "Reconciled Cost Of Revenue": NaN,
        "EBITDA": NaN,
        "EBIT": NaN,
        "Net Interest Income": NaN,
        "Interest Expense": NaN,
        "Interest Income": NaN,
        "Normalized Income": NaN,
        "Net Income From Continuing And Discontinued Operation": NaN,
        "Total Expenses": NaN,
        "Rent Expense Supplemental": NaN,
        "Total Operating Income As Reported": NaN,
        "Diluted Average Shares": NaN,
        "Basic Average Shares": NaN,
        "Diluted EPS": NaN,
        "Basic EPS": NaN,
        "Diluted NI Availto Com Stockholders": NaN,
        "Net Income Common Stockholders": NaN,
        "Net Income": NaN,
        "Minority Interests": NaN,
        "Net Income Including Noncontrolling Interests": NaN,
        "Net Income Continuous Operations": NaN,
        "Tax Provision": NaN,
        "Pretax Income": NaN,
        "Other Income Expense": NaN,
        "Other Non Operating Income Expenses": 561000.0,
        "Special Income Charges": NaN,
        "Other Special Charges": NaN,
        "Earnings From Equity Interest": NaN,
        "Net Non Operating Interest Income Expense": NaN,
        "Interest Expense Non Operating": NaN,
        "Interest Income Non Operating": NaN,
        "Operating Income": NaN,
        "Operating Expense": NaN,
        "Other Operating Expenses": NaN,
        "Other Taxes": NaN,
        "Depreciation Amortization Depletion Income Statement": NaN,
        "Depreciation And Amortization In Income Statement": NaN,
        "Selling General And Administration": NaN,
        "General And Administrative Expense": NaN,
        "Other Gand A": NaN,
        "Rent And Landing Fees": NaN,
        "Gross Profit": NaN,
        "Cost Of Revenue": NaN,
        "Total Revenue": NaN,
        "Operating Revenue": NaN
    },
    "2024-06-30": {
        "Tax Effect Of Unusual Items": -610477.299185,
        "Tax Rate For Calcs": 0.290703,
        "Normalized EBITDA": 27835000.0,
        "Total Unusual Items": -2100000.0,
        "Total Unusual Items Excluding Goodwill": -2100000.0,
        "Net Income From Continuing Operation Net Minority Interest": 6470000.0,
        "Reconciled Depreciation": 7106000.0,
        "Reconciled Cost Of Revenue": 108124000.0,
        "EBITDA": 25735000.0,
        "EBIT": 18629000.0,
        "Net Interest Income": -6528000.0,
        "Interest Expense": 6603000.0,
        "Interest Income": 75000.0,
        "Normalized Income": 7959522.700815,
        "Net Income From Continuing And Discontinued Operation": 6470000.0,
        "Total Expenses": 161543000.0,
        "Rent Expense Supplemental": 9211000.0,
        "Total Operating Income As Reported": 18115000.0,
        "Diluted Average Shares": 64608698.0,
        "Basic Average Shares": 61650118.0,
        "Diluted EPS": 0.1,
        "Basic EPS": 0.1,
        "Diluted NI Availto Com Stockholders": 6470000.0,
        "Net Income Common Stockholders": 6470000.0,
        "Net Income": 6470000.0,
        "Minority Interests": -2060000.0,
        "Net Income Including Noncontrolling Interests": 8530000.0,
        "Net Income Continuous Operations": 8530000.0,
        "Tax Provision": 3496000.0,
        "Pretax Income": 12026000.0,
        "Other Income Expense": -1765000.0,
        "Other Non Operating Income Expenses": 439000.0,
        "Special Income Charges": -2100000.0,
        "Other Special Charges": 2100000.0,
        "Earnings From Equity Interest": 335000.0,
        "Net Non Operating Interest Income Expense": -6528000.0,
        "Interest Expense Non Operating": 6603000.0,
        "Interest Income Non Operating": 75000.0,
        "Operating Income": 20319000.0,
        "Operating Expense": 53419000.0,
        "Other Operating Expenses": 19600000.0,
        "Other Taxes": -439000.0,
        "Depreciation Amortization Depletion Income Statement": 7106000.0,
        "Depreciation And Amortization In Income Statement": 7106000.0,
        "Selling General And Administration": 27152000.0,
        "General And Administrative Expense": 27152000.0,
        "Other Gand A": 17941000.0,
        "Rent And Landing Fees": 9211000.0,
        "Gross Profit": 73738000.0,
        "Cost Of Revenue": 108124000.0,
        "Total Revenue": 181862000.0,
        "Operating Revenue": 181862000.0
    },
    "2024-09-30": {
        "Tax Effect Of Unusual Items": -391328.0,
        "Tax Rate For Calcs": 0.224,
        "Normalized EBITDA": 26188000.0,
        "Total Unusual Items": -1747000.0,
        "Total Unusual Items Excluding Goodwill": -1747000.0,
        "Net Income From Continuing Operation Net Minority Interest": 7220000.0,
        "Reconciled Depreciation": 6679000.0,
        "Reconciled Cost Of Revenue": 106081000.0,
        "EBITDA": 24441000.0,
        "EBIT": 17762000.0,
        "Net Interest Income": -6400000.0,
        "Interest Expense": 6450000.0,
        "Interest Income": 50000.0,
        "Normalized Income": 8575672.0,
        "Net Income From Continuing And Discontinued Operation": 7220000.0,
        "Total Expenses": 159176000.0,
        "Rent Expense Supplemental": 9172000.0,
        "Total Operating Income As Reported": 15988000.0,
        "Diluted Average Shares": 64894558.0,
        "Basic Average Shares": 61921564.0,
        "Diluted EPS": 0.11,
        "Basic EPS": 0.12,
        "Diluted NI Availto Com Stockholders": 7220000.0,
        "Net Income Common Stockholders": 7220000.0,
        "Net Income": 7220000.0,
        "Minority Interests": -1553000.0,
        "Net Income Including Noncontrolling Interests": 8773000.0,
        "Net Income Continuous Operations": 8773000.0,
        "Tax Provision": 2539000.0,
        "Pretax Income": 11312000.0,
        "Other Income Expense": -1364000.0,
        "Other Non Operating Income Expenses": NaN,
        "Special Income Charges": -1747000.0,
        "Other Special Charges": 1747000.0,
        "Earnings From Equity Interest": 383000.0,
        "Net Non Operating Interest Income Expense": -6400000.0,
        "Interest Expense Non Operating": 6450000.0,
        "Interest Income Non Operating": 50000.0,
        "Operating Income": 19076000.0,
        "Operating Expense": 53095000.0,
        "Other Operating Expenses": 20663000.0,
        "Other Taxes": -1724000.0,
        "Depreciation Amortization Depletion Income Statement": 6679000.0,
        "Depreciation And Amortization In Income Statement": 6679000.0,
        "Selling General And Administration": 27477000.0,
        "General And Administrative Expense": 27477000.0,
        "Other Gand A": 18305000.0,
        "Rent And Landing Fees": 9172000.0,
        "Gross Profit": 72171000.0,
        "Cost Of Revenue": 106081000.0,
        "Total Revenue": 178252000.0,
        "Operating Revenue": 178252000.0
    },
    "2024-12-31": {
        "Tax Effect Of Unusual Items": -526124.633636,
        "Tax Rate For Calcs": 0.132659,
        "Normalized EBITDA": 30897000.0,
        "Total Unusual Items": -3966000.0,
        "Total Unusual Items Excluding Goodwill": -3966000.0,
        "Net Income From Continuing Operation Net Minority Interest": 11265000.0,
        "Reconciled Depreciation": 6568000.0,
        "Reconciled Cost Of Revenue": 108302000.0,
        "EBITDA": 26931000.0,
        "EBIT": 20363000.0,
        "Net Interest Income": -5928000.0,
        "Interest Expense": 6033000.0,
        "Interest Income": 105000.0,
        "Normalized Income": 14704875.366364,
        "Net Income From Continuing And Discontinued Operation": 11265000.0,
        "Total Expenses": 160691000.0,
        "Rent Expense Supplemental": 8909000.0,
        "Total Operating Income As Reported": 13833000.0,
        "Diluted Average Shares": 65885627.0,
        "Basic Average Shares": 63192284.0,
        "Diluted EPS": 0.17,
        "Basic EPS": 0.18,
        "Diluted NI Availto Com Stockholders": 11265000.0,
        "Net Income Common Stockholders": 11265000.0,
        "Net Income": 11265000.0,
        "Minority Interests": -1164000.0,
        "Net Income Including Noncontrolling Interests": 12429000.0,
        "Net Income Continuous Operations": 12429000.0,
        "Tax Provision": 1901000.0,
        "Pretax Income": 14330000.0,
        "Other Income Expense": -3660000.0,
        "Other Non Operating Income Expenses": NaN,
        "Special Income Charges": -3966000.0,
        "Other Special Charges": 3966000.0,
        "Earnings From Equity Interest": 306000.0,
        "Net Non Operating Interest Income Expense": -5928000.0,
        "Interest Expense Non Operating": 6033000.0,
        "Interest Income Non Operating": 105000.0,
        "Operating Income": 23918000.0,
        "Operating Expense": 52389000.0,
        "Other Operating Expenses": 23034000.0,
        "Other Taxes": -6425000.0,
        "Depreciation Amortization Depletion Income Statement": 6568000.0,
        "Depreciation And Amortization In Income Statement": 6568000.0,
        "Selling General And Administration": 29212000.0,
        "General And Administrative Expense": 29212000.0,
        "Other Gand A": 20303000.0,
        "Rent And Landing Fees": 8909000.0,
        "Gross Profit": 76307000.0,
        "Cost Of Revenue": 108302000.0,
        "Total Revenue": 184609000.0,
        "Operating Revenue": 184609000.0
    },
    "2025-03-31": {
        "Tax Effect Of Unusual Items": -129032.0,
        "Tax Rate For Calcs": 0.254,
        "Normalized EBITDA": 18647000.0,
        "Total Unusual Items": -508000.0,
        "Total Unusual Items Excluding Goodwill": -508000.0,
        "Net Income From Continuing Operation Net Minority Interest": 3313000.0,
        "Reconciled Depreciation": 7040000.0,
        "Reconciled Cost Of Revenue": 107970000.0,
        "EBITDA": 18139000.0,
        "EBIT": 11099000.0,
        "Net Interest Income": -5678000.0,
        "Interest Expense": 5749000.0,
        "Interest Income": 71000.0,
        "Normalized Income": 3691968.0,
        "Net Income From Continuing And Discontinued Operation": 3313000.0,
        "Total Expenses": 165065000.0,
        "Rent Expense Supplemental": 10021000.0,
        "Total Operating Income As Reported": 10381000.0,
        "Diluted Average Shares": 66468491.0,
        "Basic Average Shares": 63837940.0,
        "Diluted EPS": 0.05,
        "Basic EPS": 0.05,
        "Diluted NI Availto Com Stockholders": 3313000.0,
        "Net Income Common Stockholders": 3313000.0,
        "Net Income": 3313000.0,
        "Minority Interests": -677000.0,
        "Net Income Including Noncontrolling Interests": 3990000.0,
        "Net Income Continuous Operations": 3990000.0,
        "Tax Provision": 1360000.0,
        "Pretax Income": 5350000.0,
        "Other Income Expense": -344000.0,
        "Other Non Operating Income Expenses": NaN,
        "Special Income Charges": -508000.0,
        "Other Special Charges": 508000.0,
        "Earnings From Equity Interest": 164000.0,
        "Net Non Operating Interest Income Expense": -5678000.0,
        "Interest Expense Non Operating": 5749000.0,
        "Interest Income Non Operating": 71000.0,
        "Operating Income": 11372000.0,
        "Operating Expense": 57095000.0,
        "Other Operating Expenses": 21778000.0,
        "Other Taxes": -647000.0,
        "Depreciation Amortization Depletion Income Statement": 7040000.0,
        "Depreciation And Amortization In Income Statement": 7040000.0,
        "Selling General And Administration": 28924000.0,
        "General And Administrative Expense": 28924000.0,
        "Other Gand A": 18903000.0,
        "Rent And Landing Fees": 10021000.0,
        "Gross Profit": 68467000.0,
        "Cost Of Revenue": 107970000.0,
        "Total Revenue": 176437000.0,
        "Operating Revenue": 176437000.0
    },
    "2025-06-30": {
        "Tax Effect Of Unusual Items": -454981.999708,
        "Tax Rate For Calcs": 0.26811,
        "Normalized EBITDA": 28282000.0,
        "Total Unusual Items": -1697000.0,
        "Total Unusual Items Excluding Goodwill": -1697000.0,
        "Net Income From Continuing Operation Net Minority Interest": 8704000.0,
        "Reconciled Depreciation": 7137000.0,
        "Reconciled Cost Of Revenue": 112090000.0,
        "EBITDA": 26585000.0,
        "EBIT": 19448000.0,
        "Net Interest Income": -5647000.0,
        "Interest Expense": 5726000.0,
        "Interest Income": 79000.0,
        "Normalized Income": 9946018.000292,
        "Net Income From Continuing And Discontinued Operation": 8704000.0,
        "Total Expenses": 167772000.0,
        "Rent Expense Supplemental": 9966000.0,
        "Total Operating Income As Reported": 17531000.0,
        "Diluted Average Shares": 69867802.0,
        "Basic Average Shares": 67595224.0,
        "Diluted EPS": 0.12,
        "Basic EPS": 0.13,
        "Diluted NI Availto Com Stockholders": 8704000.0,
        "Net Income Common Stockholders": 8704000.0,
        "Net Income": 8704000.0,
        "Minority Interests": -1339000.0,
        "Net Income Including Noncontrolling Interests": 10043000.0,
        "Net Income Continuous Operations": 10043000.0,
        "Tax Provision": 3679000.0,
        "Pretax Income": 13722000.0,
        "Other Income Expense": -1315000.0,
        "Other Non Operating Income Expenses": NaN,
        "Special Income Charges": -1697000.0,
        "Other Special Charges": 1697000.0,
        "Earnings From Equity Interest": 382000.0,
        "Net Non Operating Interest Income Expense": -5647000.0,
        "Interest Expense Non Operating": 5726000.0,
        "Interest Income Non Operating": 79000.0,
        "Operating Income": 20684000.0,
        "Operating Expense": 55682000.0,
        "Other Operating Expenses": 21619000.0,
        "Other Taxes": -1838000.0,
        "Depreciation Amortization Depletion Income Statement": 7137000.0,
        "Depreciation And Amortization In Income Statement": 7137000.0,
        "Selling General And Administration": 28764000.0,
        "General And Administrative Expense": 28764000.0,
        "Other Gand A": 18798000.0,
        "Rent And Landing Fees": 9966000.0,
        "Gross Profit": 76366000.0,
        "Cost Of Revenue": 112090000.0,
        "Total Revenue": 188456000.0,
        "Operating Revenue": 188456000.0
    }
}