{
    "2023-03-31": {
        "Tax Effect Of Unusual Items": 0.0,
        "Tax Rate For Calcs": 0.37,
        "Normalized EBITDA": 760000.0,
        "Net Income From Continuing Operation Net Minority Interest": -5871000.0,
        "Reconciled Depreciation": 11432000.0,
        "Reconciled Cost Of Revenue": 23863000.0,
        "EBITDA": 760000.0,
        "EBIT": -10672000.0,
        "Net Interest Income": 1891000.0,
        "Interest Income": 1891000.0,
        "Normalized Income": -5871000.0,
        "Net Income From Continuing And Discontinued Operation": -5871000.0,
        "Total Expenses": 66079000.0,
        "Total Operating Income As Reported": -10672000.0,
        "Diluted Average Shares": 52740000.0,
        "Basic Average Shares": 52740000.0,
        "Diluted EPS": -0.11,
        "Basic EPS": -0.11,
        "Diluted NI Availto Com Stockholders": -5871000.0,
        "Net Income Common Stockholders": -5871000.0,
        "Net Income": -5871000.0,
        "Net Income Including Noncontrolling Interests": -5871000.0,
        "Net Income Continuous Operations": -5871000.0,
        "Tax Provision": -3375000.0,
        "Pretax Income": -9246000.0,
        "Other Income Expense": -465000.0,
        "Other Non Operating Income Expenses": -465000.0,
        "Net Non Operating Interest Income Expense": 1891000.0,
        "Interest Income Non Operating": 1891000.0,
        "Operating Income": -10672000.0,
        "Operating Expense": 42216000.0,
        "Research And Development": 6517000.0,
        "Selling General And Administration": 35699000.0,
        "Selling And Marketing Expense": 23127000.0,
        "General And Administrative Expense": 12572000.0,
        "Other Gand A": 12572000.0,
        "Gross Profit": 31544000.0,
        "Cost Of Revenue": 23863000.0,
        "Total Revenue": 55407000.0,
        "Operating Revenue": 55407000.0
    },
    "2022-12-31": {
        "Tax Effect Of Unusual Items": 0.0,
        "Tax Rate For Calcs": 0.239905,
        "Normalized EBITDA": 27185000.0,
        "Net Income From Continuing Operation Net Minority Interest": 12781000.0,
        "Reconciled Depreciation": 10662000.0,
        "Reconciled Cost Of Revenue": 22955000.0,
        "EBITDA": 27185000.0,
        "EBIT": 16523000.0,
        "Net Interest Income": NaN,
        "Interest Income": NaN,
        "Normalized Income": 12781000.0,
        "Net Income From Continuing And Discontinued Operation": 12781000.0,
        "Total Expenses": 57773000.0,
        "Total Operating Income As Reported": 16523000.0,
        "Diluted Average Shares": 56943742.0,
        "Basic Average Shares": 52601917.0,
        "Diluted EPS": 0.22,
        "Basic EPS": 0.24,
        "Diluted NI Availto Com Stockholders": 12781000.0,
        "Net Income Common Stockholders": 12781000.0,
        "Net Income": 12781000.0,
        "Net Income Including Noncontrolling Interests": 12781000.0,
        "Net Income Continuous Operations": 12781000.0,
        "Tax Provision": 4034000.0,
        "Pretax Income": 16815000.0,
        "Other Income Expense": -1922000.0,
        "Other Non Operating Income Expenses": 4026000.0,
        "Net Non Operating Interest Income Expense": NaN,
        "Interest Income Non Operating": NaN,
        "Operating Income": 16523000.0,
        "Operating Expense": 34818000.0,
        "Research And Development": 5918000.0,
        "Selling General And Administration": 28900000.0,
        "Selling And Marketing Expense": 17807000.0,
        "General And Administrative Expense": 11093000.0,
        "Other Gand A": 11093000.0,
        "Gross Profit": 51341000.0,
        "Cost Of Revenue": 22955000.0,
        "Total Revenue": 74296000.0,
        "Operating Revenue": 74296000.0
    },
    "2022-09-30": {
        "Tax Effect Of Unusual Items": 0.0,
        "Tax Rate For Calcs": 0.3,
        "Normalized EBITDA": 18704000.0,
        "Net Income From Continuing Operation Net Minority Interest": 3326000.0,
        "Reconciled Depreciation": 9082000.0,
        "Reconciled Cost Of Revenue": 21591000.0,
        "EBITDA": 18704000.0,
        "EBIT": 9622000.0,
        "Net Interest Income": NaN,
        "Interest Income": NaN,
        "Normalized Income": 3326000.0,
        "Net Income From Continuing And Discontinued Operation": 3326000.0,
        "Total Expenses": 54878000.0,
        "Total Operating Income As Reported": 9622000.0,
        "Diluted Average Shares": 56944000.0,
        "Basic Average Shares": 52436000.0,
        "Diluted EPS": 0.06,
        "Basic EPS": 0.06,
        "Diluted NI Availto Com Stockholders": 3326000.0,
        "Net Income Common Stockholders": 3326000.0,
        "Net Income": 3326000.0,
        "Net Income Including Noncontrolling Interests": 3326000.0,
        "Net Income Continuous Operations": 3326000.0,
        "Tax Provision": 1398000.0,
        "Pretax Income": 4724000.0,
        "Other Income Expense": -4898000.0,
        "Other Non Operating Income Expenses": -4898000.0,
        "Net Non Operating Interest Income Expense": NaN,
        "Interest Income Non Operating": NaN,
        "Operating Income": 9622000.0,
        "Operating Expense": 33287000.0,
        "Research And Development": 5080000.0,
        "Selling General And Administration": 28207000.0,
        "Selling And Marketing Expense": 16087000.0,
        "General And Administrative Expense": 12120000.0,
        "Other Gand A": 12120000.0,
        "Gross Profit": 42909000.0,
        "Cost Of Revenue": 21591000.0,
        "Total Revenue": 64500000.0,
        "Operating Revenue": 64500000.0
    },
    "2022-06-30": {
        "Tax Effect Of Unusual Items": 0.0,
        "Tax Rate For Calcs": 0.197722,
        "Normalized EBITDA": 9794000.0,
        "Net Income From Continuing Operation Net Minority Interest": 7819000.0,
        "Reconciled Depreciation": 7322000.0,
        "Reconciled Cost Of Revenue": 18974000.0,
        "EBITDA": 9794000.0,
        "EBIT": 9794000.0,
        "Net Interest Income": NaN,
        "Interest Income": NaN,
        "Normalized Income": 7819000.0,
        "Net Income From Continuing And Discontinued Operation": 7819000.0,
        "Total Expenses": 53238000.0,
        "Total Operating Income As Reported": 9794000.0,
        "Diluted Average Shares": 56847000.0,
        "Basic Average Shares": 52155000.0,
        "Diluted EPS": 0.14,
        "Basic EPS": 0.15,
        "Diluted NI Availto Com Stockholders": 7819000.0,
        "Net Income Common Stockholders": 7819000.0,
        "Net Income": 7819000.0,
        "Net Income Including Noncontrolling Interests": 7819000.0,
        "Net Income Continuous Operations": 7819000.0,
        "Tax Provision": 1927000.0,
        "Pretax Income": 9746000.0,
        "Other Income Expense": -48000.0,
        "Other Non Operating Income Expenses": -48000.0,
        "Net Non Operating Interest Income Expense": NaN,
        "Interest Income Non Operating": NaN,
        "Operating Income": 9794000.0,
        "Operating Expense": 34264000.0,
        "Research And Development": 5075000.0,
        "Selling General And Administration": 29189000.0,
        "Selling And Marketing Expense": 18212000.0,
        "General And Administrative Expense": 10977000.0,
        "Other Gand A": 10977000.0,
        "Gross Profit": 44058000.0,
        "Cost Of Revenue": 18974000.0,
        "Total Revenue": 63032000.0,
        "Operating Revenue": 63032000.0
    },
    "2022-03-31": {
        "Diluted EPS": 0.08,
        "Total Revenue": 55,
        "Gross Profit": 37,
        "Operating Income": 5,
        "EBIT": 12,
        "Net Income": 5
    },
    "2021-12-31": {
        "Diluted EPS": 0.49,
        "Total Revenue": 76,
        "Gross Profit": 59,
        "Operating Income": 28,
        "EBIT": 35,
        "Net Income": 28
    },
    "2021-09-30": {
        "Diluted EPS": 0.24,
        "Total Revenue": 58,
        "Gross Profit": 42,
        "Operating Income": 14,
        "EBIT": 20,
        "Net Income": 14
    },
    "2021-06-30": {
        "Diluted EPS": 0.18,
        "Total Revenue": 50,
        "Gross Profit": 37,
        "Operating Income": 10,
        "EBIT": 15,
        "Net Income": 10
    },
    "2021-03-31": {
        "Diluted EPS": 0.09,
        "Total Revenue": 44,
        "Gross Profit": 31,
        "Operating Income": 7,
        "EBIT": 11,
        "Net Income": 5
    },
    "2020-12-31": {
        "Diluted EPS": 0.34,
        "Total Revenue": 56,
        "Gross Profit": 45,
        "Operating Income": 22,
        "EBIT": 26,
        "Net Income": 19
    },
    "2020-09-30": {
        "Diluted EPS": 0.1,
        "Total Revenue": 38,
        "Gross Profit": 27,
        "Operating Income": 8,
        "EBIT": 12,
        "Net Income": 6
    },
    "2020-06-30": {
        "Diluted EPS": 0.05,
        "Total Revenue": 26,
        "Gross Profit": 17,
        "Operating Income": 1,
        "EBIT": 5,
        "Net Income": 1
    },
    "2020-03-31": {
        "Diluted EPS": 0.07,
        "Total Revenue": 28,
        "Gross Profit": 18,
        "Operating Income": 1,
        "EBIT": 5,
        "Net Income": 1
    },
    "2019-12-31": {
        "Diluted EPS": 0.0,
        "Total Revenue": NaN,
        "Gross Profit": NaN,
        "Operating Income": NaN,
        "EBIT": NaN,
        "Net Income": NaN
    },
    "2018-12-31": {
        "Diluted EPS": 0.0,
        "Total Revenue": NaN,
        "Gross Profit": NaN,
        "Operating Income": NaN,
        "EBIT": NaN,
        "Net Income": NaN
    },
    "2023-06-30": {
        "Tax Effect Of Unusual Items": 0.0,
        "Tax Rate For Calcs": 0.21,
        "Normalized EBITDA": 3764000.0,
        "Net Income From Continuing Operation Net Minority Interest": -5724000.0,
        "Reconciled Depreciation": 10898000.0,
        "Reconciled Cost Of Revenue": 25067000.0,
        "EBITDA": 3764000.0,
        "EBIT": -7134000.0,
        "Net Interest Income": 2176000.0,
        "Interest Income": 2176000.0,
        "Normalized Income": -5724000.0,
        "Net Income From Continuing And Discontinued Operation": -5724000.0,
        "Total Expenses": 70464000.0,
        "Total Operating Income As Reported": -7134000.0,
        "Diluted Average Shares": 52029000.0,
        "Basic Average Shares": 52029000.0,
        "Diluted EPS": -0.11,
        "Basic EPS": -0.11,
        "Diluted NI Availto Com Stockholders": -5724000.0,
        "Net Income Common Stockholders": -5724000.0,
        "Net Income": -5724000.0,
        "Net Income Including Noncontrolling Interests": -5724000.0,
        "Net Income Continuous Operations": -5724000.0,
        "Tax Provision": 545000.0,
        "Pretax Income": -5179000.0,
        "Other Income Expense": -221000.0,
        "Other Non Operating Income Expenses": -221000.0,
        "Net Non Operating Interest Income Expense": 2176000.0,
        "Interest Income Non Operating": 2176000.0,
        "Operating Income": -7134000.0,
        "Operating Expense": 45397000.0,
        "Research And Development": 6730000.0,
        "Selling General And Administration": 38667000.0,
        "Selling And Marketing Expense": 19810000.0,
        "General And Administrative Expense": 18857000.0,
        "Other Gand A": 18857000.0,
        "Gross Profit": 38263000.0,
        "Cost Of Revenue": 25067000.0,
        "Total Revenue": 63330000.0,
        "Operating Revenue": 63330000.0
    },
    "2023-09-30": {
        "Tax Effect Of Unusual Items": 0.0,
        "Tax Rate For Calcs": 0.06,
        "Normalized EBITDA": 10830000.0,
        "Net Income From Continuing Operation Net Minority Interest": 1774000.0,
        "Reconciled Depreciation": 11401000.0,
        "Reconciled Cost Of Revenue": 26091000.0,
        "EBITDA": 10830000.0,
        "EBIT": -571000.0,
        "Net Interest Income": 2246000.0,
        "Interest Income": 2246000.0,
        "Normalized Income": 1774000.0,
        "Net Income From Continuing And Discontinued Operation": 1774000.0,
        "Total Expenses": 64248000.0,
        "Total Operating Income As Reported": -571000.0,
        "Diluted Average Shares": 55979000.0,
        "Basic Average Shares": 51638000.0,
        "Diluted EPS": 0.03,
        "Basic EPS": 0.03,
        "Diluted NI Availto Com Stockholders": 1774000.0,
        "Net Income Common Stockholders": 1774000.0,
        "Net Income": 1774000.0,
        "Net Income Including Noncontrolling Interests": 1774000.0,
        "Net Income Continuous Operations": 1774000.0,
        "Tax Provision": 111000.0,
        "Pretax Income": 1885000.0,
        "Other Income Expense": 210000.0,
        "Other Non Operating Income Expenses": 210000.0,
        "Net Non Operating Interest Income Expense": 2246000.0,
        "Interest Income Non Operating": 2246000.0,
        "Operating Income": -571000.0,
        "Operating Expense": 38157000.0,
        "Research And Development": 6634000.0,
        "Selling General And Administration": 31523000.0,
        "Selling And Marketing Expense": 19513000.0,
        "General And Administrative Expense": 12010000.0,
        "Other Gand A": 12010000.0,
        "Gross Profit": 37586000.0,
        "Cost Of Revenue": 26091000.0,
        "Total Revenue": 63677000.0,
        "Operating Revenue": 63677000.0
    },
    "2023-12-31": {
        "Tax Effect Of Unusual Items": 0.0,
        "Tax Rate For Calcs": 0.188457,
        "Normalized EBITDA": 31452000.0,
        "Net Income From Continuing Operation Net Minority Interest": 18702000.0,
        "Reconciled Depreciation": 11039000.0,
        "Reconciled Cost Of Revenue": 24208000.0,
        "EBITDA": 31452000.0,
        "EBIT": 20413000.0,
        "Net Interest Income": 2515000.0,
        "Interest Income": 2515000.0,
        "Normalized Income": 18702000.0,
        "Net Income From Continuing And Discontinued Operation": 18702000.0,
        "Total Expenses": 64187000.0,
        "Total Operating Income As Reported": 20413000.0,
        "Diluted Average Shares": 54940000.0,
        "Basic Average Shares": 50659000.0,
        "Diluted EPS": 0.34,
        "Basic EPS": 0.37,
        "Diluted NI Availto Com Stockholders": 18702000.0,
        "Net Income Common Stockholders": 18702000.0,
        "Net Income": 18702000.0,
        "Net Income Including Noncontrolling Interests": 18702000.0,
        "Net Income Continuous Operations": 18702000.0,
        "Tax Provision": 4343000.0,
        "Pretax Income": 23045000.0,
        "Other Income Expense": 117000.0,
        "Other Non Operating Income Expenses": 117000.0,
        "Net Non Operating Interest Income Expense": 2515000.0,
        "Interest Income Non Operating": 2515000.0,
        "Operating Income": 20413000.0,
        "Operating Expense": 39979000.0,
        "Research And Development": 6846000.0,
        "Selling General And Administration": 38833000.0,
        "Selling And Marketing Expense": 20353000.0,
        "General And Administrative Expense": 18480000.0,
        "Other Gand A": 18480000.0,
        "Gross Profit": 60392000.0,
        "Cost Of Revenue": 24208000.0,
        "Total Revenue": 84600000.0,
        "Operating Revenue": 84600000.0
    },
    "2024-03-31": {
        "Tax Effect Of Unusual Items": 0.0,
        "Tax Rate For Calcs": 0.21,
        "Normalized EBITDA": 5687000.0,
        "Net Income From Continuing Operation Net Minority Interest": -2454000.0,
        "Reconciled Depreciation": 11212000.0,
        "Reconciled Cost Of Revenue": 25424000.0,
        "EBITDA": 5687000.0,
        "EBIT": -5525000.0,
        "Net Interest Income": 2564000.0,
        "Interest Income": 2564000.0,
        "Normalized Income": -2454000.0,
        "Net Income From Continuing And Discontinued Operation": -2454000.0,
        "Total Expenses": 72226000.0,
        "Total Operating Income As Reported": -5525000.0,
        "Diluted Average Shares": 50039000.0,
        "Basic Average Shares": 50039000.0,
        "Diluted EPS": -0.05,
        "Basic EPS": -0.05,
        "Diluted NI Availto Com Stockholders": -2454000.0,
        "Net Income Common Stockholders": -2454000.0,
        "Net Income": -2454000.0,
        "Net Income Including Noncontrolling Interests": -2454000.0,
        "Net Income Continuous Operations": -2454000.0,
        "Tax Provision": -249000.0,
        "Pretax Income": -2703000.0,
        "Other Income Expense": 258000.0,
        "Other Non Operating Income Expenses": 258000.0,
        "Net Non Operating Interest Income Expense": 2564000.0,
        "Interest Income Non Operating": 2564000.0,
        "Operating Income": -5525000.0,
        "Operating Expense": 46802000.0,
        "Research And Development": 7960000.0,
        "Selling General And Administration": 38842000.0,
        "Selling And Marketing Expense": 24815000.0,
        "General And Administrative Expense": 14027000.0,
        "Other Gand A": 14027000.0,
        "Gross Profit": 41277000.0,
        "Cost Of Revenue": 25424000.0,
        "Total Revenue": 66701000.0,
        "Operating Revenue": 66701000.0
    },
    "2024-06-30": {
        "Tax Effect Of Unusual Items": 0.0,
        "Tax Rate For Calcs": 0.17,
        "Normalized EBITDA": 7351000.0,
        "Net Income From Continuing Operation Net Minority Interest": 1971000.0,
        "Reconciled Depreciation": 11336000.0,
        "Reconciled Cost Of Revenue": 25160000.0,
        "EBITDA": 7351000.0,
        "EBIT": -3985000.0,
        "Net Interest Income": 2340000.0,
        "Interest Income": 2340000.0,
        "Normalized Income": 1971000.0,
        "Net Income From Continuing And Discontinued Operation": 1971000.0,
        "Total Expenses": 71252000.0,
        "Total Operating Income As Reported": -3985000.0,
        "Diluted Average Shares": 55577000.0,
        "Basic Average Shares": 49780000.0,
        "Diluted EPS": 0.04,
        "Basic EPS": 0.04,
        "Diluted NI Availto Com Stockholders": 1971000.0,
        "Net Income Common Stockholders": 1971000.0,
        "Net Income": 1971000.0,
        "Net Income Including Noncontrolling Interests": 1971000.0,
        "Net Income Continuous Operations": 1971000.0,
        "Tax Provision": 412000.0,
        "Pretax Income": 2383000.0,
        "Other Income Expense": 4028000.0,
        "Other Non Operating Income Expenses": 4028000.0,
        "Net Non Operating Interest Income Expense": 2340000.0,
        "Interest Income Non Operating": 2340000.0,
        "Operating Income": -3985000.0,
        "Operating Expense": 46092000.0,
        "Research And Development": 8659000.0,
        "Selling General And Administration": 37433000.0,
        "Selling And Marketing Expense": 23095000.0,
        "General And Administrative Expense": 14338000.0,
        "Other Gand A": 14338000.0,
        "Gross Profit": 42107000.0,
        "Cost Of Revenue": 25160000.0,
        "Total Revenue": 67267000.0,
        "Operating Revenue": 67267000.0
    },
    "2024-09-30": {
        "Tax Effect Of Unusual Items": 0.0,
        "Tax Rate For Calcs": 0.21,
        "Normalized EBITDA": 10018000.0,
        "Net Income From Continuing Operation Net Minority Interest": -912000.0,
        "Reconciled Depreciation": 11383000.0,
        "Reconciled Cost Of Revenue": 25508000.0,
        "EBITDA": 10018000.0,
        "EBIT": -1365000.0,
        "Net Interest Income": 1969000.0,
        "Interest Income": 1969000.0,
        "Normalized Income": -912000.0,
        "Net Income From Continuing And Discontinued Operation": -912000.0,
        "Total Expenses": 73151000.0,
        "Total Operating Income As Reported": -1365000.0,
        "Diluted Average Shares": 49056000.0,
        "Basic Average Shares": 49056000.0,
        "Diluted EPS": -0.02,
        "Basic EPS": -0.02,
        "Diluted NI Availto Com Stockholders": -912000.0,
        "Net Income Common Stockholders": -912000.0,
        "Net Income": -912000.0,
        "Net Income Including Noncontrolling Interests": -912000.0,
        "Net Income Continuous Operations": -912000.0,
        "Tax Provision": 586000.0,
        "Pretax Income": -326000.0,
        "Other Income Expense": -930000.0,
        "Other Non Operating Income Expenses": -930000.0,
        "Net Non Operating Interest Income Expense": 1969000.0,
        "Interest Income Non Operating": 1969000.0,
        "Operating Income": -1365000.0,
        "Operating Expense": 47643000.0,
        "Research And Development": 8813000.0,
        "Selling General And Administration": 38830000.0,
        "Selling And Marketing Expense": 23696000.0,
        "General And Administrative Expense": 15134000.0,
        "Other Gand A": 15134000.0,
        "Gross Profit": 46278000.0,
        "Cost Of Revenue": 25508000.0,
        "Total Revenue": 71786000.0,
        "Operating Revenue": 71786000.0
    },
    "2024-12-31": {
        "Tax Effect Of Unusual Items": 0.0,
        "Tax Rate For Calcs": 0.24544,
        "Normalized EBITDA": 26223000.0,
        "Net Income From Continuing Operation Net Minority Interest": 13899000.0,
        "Reconciled Depreciation": 11421000.0,
        "Reconciled Cost Of Revenue": 24935000.0,
        "EBITDA": 26223000.0,
        "EBIT": 14802000.0,
        "Net Interest Income": 1604000.0,
        "Interest Income": 1604000.0,
        "Normalized Income": 13899000.0,
        "Net Income From Continuing And Discontinued Operation": 13899000.0,
        "Total Expenses": 70700000.0,
        "Total Operating Income As Reported": 14802000.0,
        "Diluted Average Shares": 52623000.0,
        "Basic Average Shares": 47993000.0,
        "Diluted EPS": 0.26,
        "Basic EPS": 0.29,
        "Diluted NI Availto Com Stockholders": 13899000.0,
        "Net Income Common Stockholders": 13899000.0,
        "Net Income": 13899000.0,
        "Net Income Including Noncontrolling Interests": 13899000.0,
        "Net Income Continuous Operations": 13899000.0,
        "Tax Provision": 4521000.0,
        "Pretax Income": 18420000.0,
        "Other Income Expense": 2014000.0,
        "Other Non Operating Income Expenses": 2014000.0,
        "Net Non Operating Interest Income Expense": 1604000.0,
        "Interest Income Non Operating": 1604000.0,
        "Operating Income": 14802000.0,
        "Operating Expense": 45765000.0,
        "Research And Development": 7831000.0,
        "Selling General And Administration": 37934000.0,
        "Selling And Marketing Expense": 23763000.0,
        "General And Administrative Expense": 14171000.0,
        "Other Gand A": 14171000.0,
        "Gross Profit": 60567000.0,
        "Cost Of Revenue": 24935000.0,
        "Total Revenue": 85502000.0,
        "Operating Revenue": 85502000.0
    }
}