{
    "2023-03-31": {
        "Tax Effect Of Unusual Items": -7786575.0,
        "Tax Rate For Calcs": 0.225,
        "Normalized EBITDA": 110634000.0,
        "Total Unusual Items": -34607000.0,
        "Total Unusual Items Excluding Goodwill": -34607000.0,
        "Net Income From Continuing Operation Net Minority Interest": 28733000.0,
        "Reconciled Depreciation": 38271000.0,
        "Reconciled Cost Of Revenue": 318757000.0,
        "EBITDA": 76027000.0,
        "EBIT": 37756000.0,
        "Net Interest Income": -667000.0,
        "Interest Expense": 667000.0,
        "Normalized Income": 55553425.0,
        "Net Income From Continuing And Discontinued Operation": 28733000.0,
        "Total Expenses": 347503000.0,
        "Total Operating Income As Reported": 41460000.0,
        "Diluted Average Shares": 115331000.0,
        "Basic Average Shares": 114881000.0,
        "Diluted EPS": 0.25,
        "Basic EPS": 0.25,
        "Diluted NI Availto Com Stockholders": 28733000.0,
        "Net Income Common Stockholders": 28733000.0,
        "Net Income": 28733000.0,
        "Net Income Including Noncontrolling Interests": 28733000.0,
        "Net Income Continuous Operations": 28733000.0,
        "Tax Provision": 8356000.0,
        "Pretax Income": 37089000.0,
        "Other Income Expense": -38311000.0,
        "Other Non Operating Income Expenses": -3704000.0,
        "Special Income Charges": -34607000.0,
        "Gain On Sale Of Ppe": -34607000.0,
        "Impairment Of Capital Assets": NaN,
        "Net Non Operating Interest Income Expense": -667000.0,
        "Interest Expense Non Operating": 667000.0,
        "Operating Income": 76067000.0,
        "Operating Expense": 28746000.0,
        "Selling General And Administration": 28746000.0,
        "General And Administrative Expense": 28746000.0,
        "Other Gand A": 28746000.0,
        "Gross Profit": 104813000.0,
        "Cost Of Revenue": 318757000.0,
        "Total Revenue": 423570000.0,
        "Operating Revenue": 423570000.0
    },
    "2022-12-31": {
        "Tax Effect Of Unusual Items": NaN,
        "Tax Rate For Calcs": NaN,
        "Normalized EBITDA": NaN,
        "Total Unusual Items": NaN,
        "Total Unusual Items Excluding Goodwill": NaN,
        "Net Income From Continuing Operation Net Minority Interest": NaN,
        "Reconciled Depreciation": NaN,
        "Reconciled Cost Of Revenue": NaN,
        "EBITDA": NaN,
        "EBIT": NaN,
        "Net Interest Income": NaN,
        "Interest Expense": NaN,
        "Normalized Income": NaN,
        "Net Income From Continuing And Discontinued Operation": NaN,
        "Total Expenses": NaN,
        "Total Operating Income As Reported": NaN,
        "Diluted Average Shares": NaN,
        "Basic Average Shares": NaN,
        "Diluted EPS": NaN,
        "Basic EPS": NaN,
        "Diluted NI Availto Com Stockholders": NaN,
        "Net Income Common Stockholders": NaN,
        "Net Income": NaN,
        "Net Income Including Noncontrolling Interests": NaN,
        "Net Income Continuous Operations": NaN,
        "Tax Provision": NaN,
        "Pretax Income": NaN,
        "Other Income Expense": NaN,
        "Other Non Operating Income Expenses": NaN,
        "Special Income Charges": NaN,
        "Gain On Sale Of Ppe": NaN,
        "Impairment Of Capital Assets": 0.0,
        "Net Non Operating Interest Income Expense": NaN,
        "Interest Expense Non Operating": NaN,
        "Operating Income": NaN,
        "Operating Expense": NaN,
        "Selling General And Administration": NaN,
        "General And Administrative Expense": NaN,
        "Other Gand A": NaN,
        "Gross Profit": NaN,
        "Cost Of Revenue": NaN,
        "Total Revenue": NaN,
        "Operating Revenue": NaN
    },
    "2022-09-30": {
        "Tax Effect Of Unusual Items": NaN,
        "Tax Rate For Calcs": NaN,
        "Normalized EBITDA": NaN,
        "Total Unusual Items": NaN,
        "Total Unusual Items Excluding Goodwill": NaN,
        "Net Income From Continuing Operation Net Minority Interest": NaN,
        "Reconciled Depreciation": NaN,
        "Reconciled Cost Of Revenue": NaN,
        "EBITDA": NaN,
        "EBIT": NaN,
        "Net Interest Income": NaN,
        "Interest Expense": NaN,
        "Normalized Income": NaN,
        "Net Income From Continuing And Discontinued Operation": NaN,
        "Total Expenses": NaN,
        "Total Operating Income As Reported": NaN,
        "Diluted Average Shares": NaN,
        "Basic Average Shares": NaN,
        "Diluted EPS": NaN,
        "Basic EPS": NaN,
        "Diluted NI Availto Com Stockholders": NaN,
        "Net Income Common Stockholders": NaN,
        "Net Income": NaN,
        "Net Income Including Noncontrolling Interests": NaN,
        "Net Income Continuous Operations": NaN,
        "Tax Provision": NaN,
        "Pretax Income": NaN,
        "Other Income Expense": NaN,
        "Other Non Operating Income Expenses": NaN,
        "Special Income Charges": NaN,
        "Gain On Sale Of Ppe": NaN,
        "Impairment Of Capital Assets": 0.0,
        "Net Non Operating Interest Income Expense": NaN,
        "Interest Expense Non Operating": NaN,
        "Operating Income": NaN,
        "Operating Expense": NaN,
        "Selling General And Administration": NaN,
        "General And Administrative Expense": NaN,
        "Other Gand A": NaN,
        "Gross Profit": NaN,
        "Cost Of Revenue": NaN,
        "Total Revenue": NaN,
        "Operating Revenue": NaN
    },
    "2022-06-30": {
        "Tax Effect Of Unusual Items": -15759676.293093,
        "Tax Rate For Calcs": 0.197146,
        "Normalized EBITDA": 71142000.0,
        "Total Unusual Items": -79939000.0,
        "Total Unusual Items Excluding Goodwill": -79939000.0,
        "Net Income From Continuing Operation Net Minority Interest": -32860000.0,
        "Reconciled Depreciation": 31463000.0,
        "Reconciled Cost Of Revenue": 250275000.0,
        "EBITDA": -8797000.0,
        "EBIT": -40260000.0,
        "Net Interest Income": -669000.0,
        "Interest Expense": 669000.0,
        "Normalized Income": 31319323.706907,
        "Net Income From Continuing And Discontinued Operation": -32860000.0,
        "Total Expenses": 275410000.0,
        "Total Operating Income As Reported": -40266000.0,
        "Diluted Average Shares": 104236000.0,
        "Basic Average Shares": 104236000.0,
        "Diluted EPS": -0.32,
        "Basic EPS": -0.32,
        "Diluted NI Availto Com Stockholders": -32860000.0,
        "Net Income Common Stockholders": -32860000.0,
        "Net Income": -32860000.0,
        "Net Income Including Noncontrolling Interests": -32860000.0,
        "Net Income Continuous Operations": -32860000.0,
        "Tax Provision": -8069000.0,
        "Pretax Income": -40929000.0,
        "Other Income Expense": -79933000.0,
        "Other Non Operating Income Expenses": 6000.0,
        "Special Income Charges": -79939000.0,
        "Gain On Sale Of Ppe": -22485000.0,
        "Impairment Of Capital Assets": 57454000.0,
        "Net Non Operating Interest Income Expense": -669000.0,
        "Interest Expense Non Operating": 669000.0,
        "Operating Income": 39673000.0,
        "Operating Expense": 25135000.0,
        "Selling General And Administration": 25135000.0,
        "General And Administrative Expense": 25135000.0,
        "Other Gand A": 25135000.0,
        "Gross Profit": 64808000.0,
        "Cost Of Revenue": 250275000.0,
        "Total Revenue": 315083000.0,
        "Operating Revenue": 315083000.0
    },
    "2023-06-30": {
        "Tax Effect Of Unusual Items": NaN,
        "Tax Rate For Calcs": NaN,
        "Normalized EBITDA": NaN,
        "Total Unusual Items": NaN,
        "Total Unusual Items Excluding Goodwill": NaN,
        "Net Income From Continuing Operation Net Minority Interest": NaN,
        "Reconciled Depreciation": NaN,
        "Reconciled Cost Of Revenue": NaN,
        "EBITDA": NaN,
        "EBIT": NaN,
        "Net Interest Income": NaN,
        "Interest Expense": NaN,
        "Normalized Income": NaN,
        "Net Income From Continuing And Discontinued Operation": NaN,
        "Total Expenses": NaN,
        "Total Operating Income As Reported": NaN,
        "Diluted Average Shares": NaN,
        "Basic Average Shares": NaN,
        "Diluted EPS": NaN,
        "Basic EPS": NaN,
        "Diluted NI Availto Com Stockholders": NaN,
        "Net Income Common Stockholders": NaN,
        "Net Income": NaN,
        "Net Income Including Noncontrolling Interests": NaN,
        "Net Income Continuous Operations": NaN,
        "Tax Provision": NaN,
        "Pretax Income": NaN,
        "Other Income Expense": NaN,
        "Other Non Operating Income Expenses": NaN,
        "Special Income Charges": NaN,
        "Gain On Sale Of Ppe": NaN,
        "Impairment Of Capital Assets": 0.0,
        "Net Non Operating Interest Income Expense": NaN,
        "Interest Expense Non Operating": NaN,
        "Operating Income": NaN,
        "Operating Expense": NaN,
        "Selling General And Administration": NaN,
        "General And Administrative Expense": NaN,
        "Other Gand A": NaN,
        "Gross Profit": NaN,
        "Cost Of Revenue": NaN,
        "Total Revenue": NaN,
        "Operating Revenue": NaN
    },
    "2022-03-31": {
        "Diluted EPS": 0.11,
        "Total Revenue": 283,
        "Gross Profit": 85,
        "Operating Income": 6,
        "EBIT": 38,
        "Net Income": 12
    },
    "2021-12-31": {
        "Diluted EPS": -0.2,
        "Total Revenue": 246,
        "Gross Profit": 59,
        "Operating Income": -22,
        "EBIT": 11,
        "Net Income": -20
    },
    "2021-09-30": {
        "Diluted EPS": -0.05,
        "Total Revenue": 250,
        "Gross Profit": 61,
        "Operating Income": -6,
        "EBIT": 28,
        "Net Income": -5
    },
    "2021-06-30": {
        "Diluted EPS": -0.08,
        "Total Revenue": 217,
        "Gross Profit": 54,
        "Operating Income": -12,
        "EBIT": 22,
        "Net Income": -9
    },
    "2021-03-31": {
        "Diluted EPS": -0.2,
        "Total Revenue": 161,
        "Gross Profit": 38,
        "Operating Income": -29,
        "EBIT": 5,
        "Net Income": -20
    },
    "2020-12-31": {
        "Diluted EPS": -0.43,
        "Total Revenue": 154,
        "Gross Profit": 39,
        "Operating Income": -56,
        "EBIT": -20,
        "Net Income": -44
    },
    "2020-09-30": {
        "Diluted EPS": -0.29,
        "Total Revenue": 134,
        "Gross Profit": 34,
        "Operating Income": -36,
        "EBIT": 1,
        "Net Income": -29
    },
    "2020-06-30": {
        "Diluted EPS": -0.26,
        "Total Revenue": 106,
        "Gross Profit": 38,
        "Operating Income": -31,
        "EBIT": -8,
        "Net Income": -26
    },
    "2020-03-31": {
        "Diluted EPS": -0.08,
        "Total Revenue": 395,
        "Gross Profit": 94,
        "Operating Income": -7,
        "EBIT": 50,
        "Net Income": -8
    },
    "2019-12-31": {
        "Diluted EPS": 0.22,
        "Total Revenue": 435,
        "Gross Profit": 129,
        "Operating Income": 30,
        "EBIT": 69,
        "Net Income": 23
    },
    "2019-09-30": {
        "Diluted EPS": 0.33,
        "Total Revenue": 542,
        "Gross Profit": 145,
        "Operating Income": 49,
        "EBIT": 86,
        "Net Income": 34
    },
    "2019-06-30": {
        "Diluted EPS": 0.35,
        "Total Revenue": 529,
        "Gross Profit": 143,
        "Operating Income": 49,
        "EBIT": 84,
        "Net Income": 36
    },
    "2019-03-31": {
        "Diluted EPS": 0.67,
        "Total Revenue": 546,
        "Gross Profit": 165,
        "Operating Income": 94,
        "EBIT": 127,
        "Net Income": 70
    },
    "2018-12-31": {
        "Diluted EPS": 0.6,
        "Total Revenue": 425,
        "Gross Profit": 125,
        "Operating Income": 69,
        "EBIT": 94,
        "Net Income": 52
    },
    "2018-09-30": {
        "Diluted EPS": 0.53,
        "Total Revenue": 434,
        "Gross Profit": 114,
        "Operating Income": 61,
        "EBIT": 85,
        "Net Income": 46
    },
    "2018-06-30": {
        "Diluted EPS": 0.45,
        "Total Revenue": 460,
        "Gross Profit": 108,
        "Operating Income": 54,
        "EBIT": 75,
        "Net Income": 39
    },
    "2018-03-31": {
        "Diluted EPS": 0.42,
        "Total Revenue": 385,
        "Gross Profit": 87,
        "Operating Income": 49,
        "EBIT": 68,
        "Net Income": 37
    },
    "2017-12-31": {
        "Diluted EPS": 0.28,
        "Total Revenue": 314,
        "Gross Profit": 52,
        "Operating Income": 14,
        "EBIT": 32,
        "Net Income": 10
    },
    "2017-09-30": {
        "Diluted EPS": 0.25,
        "Total Revenue": 283,
        "Gross Profit": 57,
        "Operating Income": 23,
        "EBIT": 38,
        "Net Income": 22
    },
    "2017-06-30": {
        "Diluted EPS": 0.06,
        "Total Revenue": 213,
        "Gross Profit": 37,
        "Operating Income": 6,
        "EBIT": 20,
        "Net Income": 5
    },
    "2017-03-31": {
        "Diluted EPS": -0.43,
        "Total Revenue": 172,
        "Gross Profit": 22,
        "Operating Income": -19,
        "EBIT": -4,
        "Net Income": -24
    },
    "2016-12-31": {
        "Diluted EPS": -0.32,
        "Total Revenue": 164,
        "Gross Profit": 15,
        "Operating Income": -22,
        "EBIT": -10,
        "Net Income": -17
    },
    "2016-09-30": {
        "Diluted EPS": -0.26,
        "Total Revenue": 117,
        "Gross Profit": 7,
        "Operating Income": -16,
        "EBIT": -4,
        "Net Income": -14
    },
    "2016-06-30": {
        "Diluted EPS": -0.24,
        "Total Revenue": 68,
        "Gross Profit": 3,
        "Operating Income": -15,
        "EBIT": -3,
        "Net Income": -9
    },
    "2016-03-31": {
        "Diluted EPS": -0.37,
        "Total Revenue": 88,
        "Gross Profit": 8,
        "Operating Income": -14,
        "EBIT": -2,
        "Net Income": -13
    },
    "2015-12-31": {
        "Diluted EPS": 0.0,
        "Total Revenue": NaN,
        "Gross Profit": NaN,
        "Operating Income": NaN,
        "EBIT": NaN,
        "Net Income": NaN
    },
    "2023-09-30": {
        "Tax Effect Of Unusual Items": NaN,
        "Tax Rate For Calcs": NaN,
        "Normalized EBITDA": NaN,
        "Total Unusual Items": NaN,
        "Total Unusual Items Excluding Goodwill": NaN,
        "Net Income From Continuing Operation Net Minority Interest": NaN,
        "Reconciled Depreciation": NaN,
        "Reconciled Cost Of Revenue": NaN,
        "EBITDA": NaN,
        "EBIT": NaN,
        "Net Interest Income": NaN,
        "Interest Expense": NaN,
        "Normalized Income": NaN,
        "Net Income From Continuing And Discontinued Operation": NaN,
        "Total Expenses": NaN,
        "Total Operating Income As Reported": NaN,
        "Diluted Average Shares": NaN,
        "Basic Average Shares": NaN,
        "Diluted EPS": NaN,
        "Basic EPS": NaN,
        "Diluted NI Availto Com Stockholders": NaN,
        "Net Income Common Stockholders": NaN,
        "Net Income": NaN,
        "Net Income Including Noncontrolling Interests": NaN,
        "Net Income Continuous Operations": NaN,
        "Tax Provision": NaN,
        "Pretax Income": NaN,
        "Other Income Expense": NaN,
        "Other Non Operating Income Expenses": NaN,
        "Special Income Charges": NaN,
        "Gain On Sale Of Ppe": NaN,
        "Impairment Of Capital Assets": 0.0,
        "Net Non Operating Interest Income Expense": NaN,
        "Interest Expense Non Operating": NaN,
        "Operating Income": NaN,
        "Operating Expense": NaN,
        "Selling General And Administration": NaN,
        "General And Administrative Expense": NaN,
        "Other Gand A": NaN,
        "Gross Profit": NaN,
        "Cost Of Revenue": NaN,
        "Total Revenue": NaN,
        "Operating Revenue": NaN
    },
    "2023-12-31": {
        "Tax Effect Of Unusual Items": NaN,
        "Tax Rate For Calcs": NaN,
        "Normalized EBITDA": NaN,
        "Total Unusual Items": NaN,
        "Total Unusual Items Excluding Goodwill": NaN,
        "Net Income From Continuing Operation Net Minority Interest": NaN,
        "Reconciled Depreciation": NaN,
        "Reconciled Cost Of Revenue": NaN,
        "EBITDA": NaN,
        "EBIT": NaN,
        "Net Interest Income": NaN,
        "Interest Expense": NaN,
        "Normalized Income": NaN,
        "Net Income From Continuing And Discontinued Operation": NaN,
        "Total Expenses": NaN,
        "Total Operating Income As Reported": NaN,
        "Diluted Average Shares": NaN,
        "Basic Average Shares": NaN,
        "Diluted EPS": NaN,
        "Basic EPS": NaN,
        "Diluted NI Availto Com Stockholders": NaN,
        "Net Income Common Stockholders": NaN,
        "Net Income": NaN,
        "Net Income Including Noncontrolling Interests": NaN,
        "Net Income Continuous Operations": NaN,
        "Tax Provision": NaN,
        "Pretax Income": NaN,
        "Other Income Expense": NaN,
        "Other Non Operating Income Expenses": NaN,
        "Special Income Charges": NaN,
        "Gain On Sale Of Ppe": NaN,
        "Impairment Of Capital Assets": 0.0,
        "Net Non Operating Interest Income Expense": NaN,
        "Interest Expense Non Operating": NaN,
        "Operating Income": NaN,
        "Operating Expense": NaN,
        "Depreciation Amortization Depletion Income Statement": NaN,
        "Depreciation And Amortization In Income Statement": NaN,
        "Selling General And Administration": NaN,
        "General And Administrative Expense": NaN,
        "Other Gand A": NaN,
        "Gross Profit": NaN,
        "Cost Of Revenue": NaN,
        "Total Revenue": NaN,
        "Operating Revenue": NaN
    },
    "2024-03-31": {
        "Tax Effect Of Unusual Items": -2124682.0,
        "Tax Rate For Calcs": 0.329,
        "Normalized EBITDA": 90381000.0,
        "Total Unusual Items": -6458000.0,
        "Total Unusual Items Excluding Goodwill": -6458000.0,
        "Net Income From Continuing Operation Net Minority Interest": 19930000.0,
        "Reconciled Depreciation": 52206000.0,
        "Reconciled Cost Of Revenue": 340847000.0,
        "EBITDA": 83923000.0,
        "EBIT": 31717000.0,
        "Net Interest Income": -2029000.0,
        "Interest Expense": 2029000.0,
        "Normalized Income": 24263318.0,
        "Net Income From Continuing And Discontinued Operation": 19930000.0,
        "Total Expenses": 369073000.0,
        "Total Operating Income As Reported": 30312000.0,
        "Diluted Average Shares": 108989000.0,
        "Basic Average Shares": 108540000.0,
        "Diluted EPS": 0.18,
        "Basic EPS": 0.18,
        "Diluted NI Availto Com Stockholders": 19930000.0,
        "Net Income Common Stockholders": 19930000.0,
        "Net Income": 19930000.0,
        "Net Income Including Noncontrolling Interests": 19930000.0,
        "Net Income Continuous Operations": 19930000.0,
        "Tax Provision": 9758000.0,
        "Pretax Income": 29688000.0,
        "Other Income Expense": -5053000.0,
        "Other Non Operating Income Expenses": 1405000.0,
        "Special Income Charges": -6458000.0,
        "Gain On Sale Of Ppe": -6458000.0,
        "Impairment Of Capital Assets": NaN,
        "Net Non Operating Interest Income Expense": -2029000.0,
        "Interest Expense Non Operating": 2029000.0,
        "Operating Income": 36770000.0,
        "Operating Expense": 28226000.0,
        "Selling General And Administration": 28226000.0,
        "General And Administrative Expense": 28226000.0,
        "Other Gand A": 28226000.0,
        "Gross Profit": 64996000.0,
        "Cost Of Revenue": 340847000.0,
        "Total Revenue": 405843000.0,
        "Operating Revenue": 405843000.0
    },
    "2024-06-30": {
        "Tax Effect Of Unusual Items": NaN,
        "Tax Rate For Calcs": NaN,
        "Normalized EBITDA": NaN,
        "Total Unusual Items": NaN,
        "Total Unusual Items Excluding Goodwill": NaN,
        "Net Income From Continuing Operation Net Minority Interest": NaN,
        "Reconciled Depreciation": NaN,
        "Reconciled Cost Of Revenue": NaN,
        "EBITDA": NaN,
        "EBIT": NaN,
        "Net Interest Income": NaN,
        "Interest Expense": NaN,
        "Normalized Income": NaN,
        "Net Income From Continuing And Discontinued Operation": NaN,
        "Total Expenses": NaN,
        "Total Operating Income As Reported": NaN,
        "Diluted Average Shares": NaN,
        "Basic Average Shares": NaN,
        "Diluted EPS": NaN,
        "Basic EPS": NaN,
        "Diluted NI Availto Com Stockholders": NaN,
        "Net Income Common Stockholders": NaN,
        "Net Income": NaN,
        "Net Income Including Noncontrolling Interests": NaN,
        "Net Income Continuous Operations": NaN,
        "Tax Provision": NaN,
        "Pretax Income": NaN,
        "Other Income Expense": NaN,
        "Other Non Operating Income Expenses": NaN,
        "Special Income Charges": NaN,
        "Gain On Sale Of Ppe": NaN,
        "Impairment Of Capital Assets": NaN,
        "Net Non Operating Interest Income Expense": NaN,
        "Interest Expense Non Operating": NaN,
        "Operating Income": NaN,
        "Operating Expense": NaN,
        "Depreciation Amortization Depletion Income Statement": 1730000.0,
        "Depreciation And Amortization In Income Statement": 1730000.0,
        "Selling General And Administration": NaN,
        "General And Administrative Expense": NaN,
        "Other Gand A": NaN,
        "Gross Profit": NaN,
        "Cost Of Revenue": NaN,
        "Total Revenue": NaN,
        "Operating Revenue": NaN
    },
    "2024-09-30": {
        "Tax Effect Of Unusual Items": -43712048.0,
        "Tax Rate For Calcs": 0.232,
        "Normalized EBITDA": 56883000.0,
        "Total Unusual Items": -188414000.0,
        "Total Unusual Items Excluding Goodwill": -188414000.0,
        "Net Income From Continuing Operation Net Minority Interest": -137067000.0,
        "Reconciled Depreciation": 44962000.0,
        "Reconciled Cost Of Revenue": 324190000.0,
        "EBITDA": -131531000.0,
        "EBIT": -176493000.0,
        "Net Interest Income": -1939000.0,
        "Interest Expense": 1939000.0,
        "Normalized Income": 7634952.0,
        "Net Income From Continuing And Discontinued Operation": -137067000.0,
        "Total Expenses": 350746000.0,
        "Total Operating Income As Reported": -178292000.0,
        "Diluted Average Shares": 104121000.0,
        "Basic Average Shares": 104121000.0,
        "Diluted EPS": -1.32,
        "Basic EPS": -1.32,
        "Diluted NI Availto Com Stockholders": -137067000.0,
        "Net Income Common Stockholders": -137067000.0,
        "Net Income": -137067000.0,
        "Net Income Including Noncontrolling Interests": -137067000.0,
        "Net Income Continuous Operations": -137067000.0,
        "Tax Provision": -41365000.0,
        "Pretax Income": -178432000.0,
        "Other Income Expense": -186615000.0,
        "Other Non Operating Income Expenses": 1799000.0,
        "Special Income Charges": -188414000.0,
        "Gain On Sale Of Ppe": 187000.0,
        "Impairment Of Capital Assets": 188601000.0,
        "Net Non Operating Interest Income Expense": -1939000.0,
        "Interest Expense Non Operating": 1939000.0,
        "Operating Income": 10122000.0,
        "Operating Expense": 26556000.0,
        "Depreciation Amortization Depletion Income Statement": NaN,
        "Depreciation And Amortization In Income Statement": NaN,
        "Selling General And Administration": 26556000.0,
        "General And Administrative Expense": 26556000.0,
        "Other Gand A": 26556000.0,
        "Gross Profit": 36678000.0,
        "Cost Of Revenue": 324190000.0,
        "Total Revenue": 360868000.0,
        "Operating Revenue": 360868000.0
    },
    "2024-12-31": {
        "Tax Effect Of Unusual Items": -3144893.854749,
        "Tax Rate For Calcs": 0.163873,
        "Normalized EBITDA": 48373000.0,
        "Total Unusual Items": -19191000.0,
        "Total Unusual Items Excluding Goodwill": -19191000.0,
        "Net Income From Continuing Operation Net Minority Interest": -17062000.0,
        "Reconciled Depreciation": 47706000.0,
        "Reconciled Cost Of Revenue": 291179000.0,
        "EBITDA": 29182000.0,
        "EBIT": -18524000.0,
        "Net Interest Income": -1882000.0,
        "Interest Expense": 1882000.0,
        "Normalized Income": -1015893.854749,
        "Net Income From Continuing And Discontinued Operation": -17062000.0,
        "Total Expenses": 318010000.0,
        "Total Operating Income As Reported": -16647000.0,
        "Diluted Average Shares": 102953000.0,
        "Basic Average Shares": 102953000.0,
        "Diluted EPS": -0.17,
        "Basic EPS": -0.17,
        "Diluted NI Availto Com Stockholders": -17062000.0,
        "Net Income Common Stockholders": -17062000.0,
        "Net Income": -17062000.0,
        "Net Income Including Noncontrolling Interests": -17062000.0,
        "Net Income Continuous Operations": -17062000.0,
        "Tax Provision": -3344000.0,
        "Pretax Income": -20406000.0,
        "Other Income Expense": -21068000.0,
        "Other Non Operating Income Expenses": -1877000.0,
        "Special Income Charges": -19191000.0,
        "Gain On Sale Of Ppe": 4433000.0,
        "Impairment Of Capital Assets": 23624000.0,
        "Net Non Operating Interest Income Expense": -1882000.0,
        "Interest Expense Non Operating": 1882000.0,
        "Operating Income": 2544000.0,
        "Operating Expense": 26831000.0,
        "Depreciation Amortization Depletion Income Statement": NaN,
        "Depreciation And Amortization In Income Statement": NaN,
        "Selling General And Administration": 26831000.0,
        "General And Administrative Expense": 26831000.0,
        "Other Gand A": 26831000.0,
        "Gross Profit": 29375000.0,
        "Cost Of Revenue": 291179000.0,
        "Total Revenue": 320554000.0,
        "Operating Revenue": 320554000.0
    },
    "2025-03-31": {
        "Tax Effect Of Unusual Items": -1013584.0,
        "Tax Rate For Calcs": 0.104,
        "Normalized EBITDA": 70871000.0,
        "Total Unusual Items": -9746000.0,
        "Total Unusual Items Excluding Goodwill": -9746000.0,
        "Net Income From Continuing Operation Net Minority Interest": 9602000.0,
        "Reconciled Depreciation": 48681000.0,
        "Reconciled Cost Of Revenue": 312537000.0,
        "EBITDA": 61125000.0,
        "EBIT": 12444000.0,
        "Net Interest Income": -1730000.0,
        "Interest Expense": 1730000.0,
        "Normalized Income": 18334416.0,
        "Net Income From Continuing And Discontinued Operation": 9602000.0,
        "Total Expenses": 340169000.0,
        "Total Operating Income As Reported": 9501000.0,
        "Diluted Average Shares": 105118000.0,
        "Basic Average Shares": 103319000.0,
        "Diluted EPS": 0.09,
        "Basic EPS": 0.09,
        "Diluted NI Availto Com Stockholders": 9602000.0,
        "Net Income Common Stockholders": 9602000.0,
        "Net Income": 9602000.0,
        "Net Income Including Noncontrolling Interests": 9602000.0,
        "Net Income Continuous Operations": 9602000.0,
        "Tax Provision": 1112000.0,
        "Pretax Income": 10714000.0,
        "Other Income Expense": -6803000.0,
        "Other Non Operating Income Expenses": 2943000.0,
        "Special Income Charges": -9746000.0,
        "Gain On Sale Of Ppe": -9746000.0,
        "Impairment Of Capital Assets": NaN,
        "Net Non Operating Interest Income Expense": -1730000.0,
        "Interest Expense Non Operating": 1730000.0,
        "Operating Income": 19247000.0,
        "Operating Expense": 27632000.0,
        "Depreciation Amortization Depletion Income Statement": NaN,
        "Depreciation And Amortization In Income Statement": NaN,
        "Selling General And Administration": 27632000.0,
        "General And Administrative Expense": 27632000.0,
        "Other Gand A": 27632000.0,
        "Gross Profit": 46879000.0,
        "Cost Of Revenue": 312537000.0,
        "Total Revenue": 359416000.0,
        "Operating Revenue": 359416000.0
    },
    "2025-06-30": {
        "Tax Effect Of Unusual Items": -912660.0,
        "Tax Rate For Calcs": 0.21,
        "Normalized EBITDA": 44683000.0,
        "Total Unusual Items": -4346000.0,
        "Total Unusual Items Excluding Goodwill": -4346000.0,
        "Net Income From Continuing Operation Net Minority Interest": -7155000.0,
        "Reconciled Depreciation": 43309000.0,
        "Reconciled Cost Of Revenue": 255556000.0,
        "EBITDA": 40337000.0,
        "EBIT": -2972000.0,
        "Net Interest Income": -1811000.0,
        "Interest Expense": 1811000.0,
        "Normalized Income": -3721660.0,
        "Net Income From Continuing And Discontinued Operation": -7155000.0,
        "Total Expenses": 324972000.0,
        "Total Operating Income As Reported": -3167000.0,
        "Diluted Average Shares": 103900000.0,
        "Basic Average Shares": 103900000.0,
        "Diluted EPS": -0.07,
        "Basic EPS": -0.07,
        "Diluted NI Availto Com Stockholders": -7155000.0,
        "Net Income Common Stockholders": -7155000.0,
        "Net Income": -7155000.0,
        "Net Income Including Noncontrolling Interests": -7155000.0,
        "Net Income Continuous Operations": -7155000.0,
        "Tax Provision": 2372000.0,
        "Pretax Income": -4783000.0,
        "Other Income Expense": -4151000.0,
        "Other Non Operating Income Expenses": 195000.0,
        "Special Income Charges": -4346000.0,
        "Gain On Sale Of Ppe": -4346000.0,
        "Impairment Of Capital Assets": NaN,
        "Net Non Operating Interest Income Expense": -1811000.0,
        "Interest Expense Non Operating": 1811000.0,
        "Operating Income": 1179000.0,
        "Operating Expense": 28490000.0,
        "Depreciation Amortization Depletion Income Statement": 2383000.0,
        "Depreciation And Amortization In Income Statement": 2383000.0,
        "Selling General And Administration": 26107000.0,
        "General And Administrative Expense": 26107000.0,
        "Other Gand A": 26107000.0,
        "Gross Profit": 29669000.0,
        "Cost Of Revenue": 296482000.0,
        "Total Revenue": 326151000.0,
        "Operating Revenue": 326151000.0
    },
    "2025-09-30": {
        "Tax Effect Of Unusual Items": 154346.0,
        "Tax Rate For Calcs": 0.229,
        "Normalized EBITDA": 40027000.0,
        "Total Unusual Items": 674000.0,
        "Total Unusual Items Excluding Goodwill": 674000.0,
        "Net Income From Continuing Operation Net Minority Interest": -2365000.0,
        "Reconciled Depreciation": 41660000.0,
        "Reconciled Cost Of Revenue": 278160000.0,
        "EBITDA": 40701000.0,
        "EBIT": -959000.0,
        "Net Interest Income": -2110000.0,
        "Interest Expense": 2110000.0,
        "Normalized Income": -2884654.0,
        "Net Income From Continuing And Discontinued Operation": -2365000.0,
        "Total Expenses": 300656000.0,
        "Total Operating Income As Reported": -6066000.0,
        "Diluted Average Shares": 103974000.0,
        "Basic Average Shares": 103974000.0,
        "Diluted EPS": -0.02,
        "Basic EPS": -0.02,
        "Diluted NI Availto Com Stockholders": -2365000.0,
        "Net Income Common Stockholders": -2365000.0,
        "Net Income": -2365000.0,
        "Net Income Including Noncontrolling Interests": -2365000.0,
        "Net Income Continuous Operations": -2365000.0,
        "Tax Provision": -704000.0,
        "Pretax Income": -3069000.0,
        "Other Income Expense": 5781000.0,
        "Other Non Operating Income Expenses": 5107000.0,
        "Special Income Charges": 674000.0,
        "Gain On Sale Of Ppe": 674000.0,
        "Impairment Of Capital Assets": 0.0,
        "Net Non Operating Interest Income Expense": -2110000.0,
        "Interest Expense Non Operating": 2110000.0,
        "Operating Income": -6740000.0,
        "Operating Expense": 22496000.0,
        "Depreciation Amortization Depletion Income Statement": NaN,
        "Depreciation And Amortization In Income Statement": NaN,
        "Selling General And Administration": 22496000.0,
        "General And Administrative Expense": 22496000.0,
        "Other Gand A": 22496000.0,
        "Gross Profit": 15756000.0,
        "Cost Of Revenue": 278160000.0,
        "Total Revenue": 293916000.0,
        "Operating Revenue": 293916000.0
    }
}