{
    "2023-06-30": {
        "Tax Effect Of Unusual Items": NaN,
        "Tax Rate For Calcs": NaN,
        "Total Unusual Items": 0.0,
        "Total Unusual Items Excluding Goodwill": 0.0,
        "Net Income From Continuing Operation Net Minority Interest": NaN,
        "Reconciled Depreciation": NaN,
        "Net Interest Income": NaN,
        "Interest Expense": NaN,
        "Interest Income": NaN,
        "Normalized Income": NaN,
        "Net Income From Continuing And Discontinued Operation": NaN,
        "Diluted Average Shares": NaN,
        "Basic Average Shares": NaN,
        "Diluted EPS": NaN,
        "Basic EPS": NaN,
        "Diluted NI Availto Com Stockholders": NaN,
        "Net Income Common Stockholders": NaN,
        "Net Income": NaN,
        "Net Income Including Noncontrolling Interests": NaN,
        "Net Income Continuous Operations": NaN,
        "Tax Provision": NaN,
        "Pretax Income": NaN,
        "Special Income Charges": 0.0,
        "Write Off": 0.0,
        "Depreciation Amortization Depletion Income Statement": NaN,
        "Depreciation And Amortization In Income Statement": NaN,
        "Amortization": NaN,
        "Amortization Of Intangibles Income Statement": NaN,
        "Selling General And Administration": NaN,
        "Selling And Marketing Expense": NaN,
        "General And Administrative Expense": NaN,
        "Insurance And Claims": NaN,
        "Salaries And Wages": NaN,
        "Total Revenue": NaN,
        "Operating Revenue": NaN,
        "Occupancy And Equipment": NaN,
        "Professional Expense And Contract Services Expense": NaN,
        "Other Non Interest Expense": NaN
    },
    "2023-03-31": {
        "Tax Effect Of Unusual Items": NaN,
        "Tax Rate For Calcs": NaN,
        "Total Unusual Items": 0.0,
        "Total Unusual Items Excluding Goodwill": 0.0,
        "Net Income From Continuing Operation Net Minority Interest": NaN,
        "Reconciled Depreciation": NaN,
        "Net Interest Income": NaN,
        "Interest Expense": NaN,
        "Interest Income": NaN,
        "Normalized Income": NaN,
        "Net Income From Continuing And Discontinued Operation": NaN,
        "Diluted Average Shares": NaN,
        "Basic Average Shares": NaN,
        "Diluted EPS": NaN,
        "Basic EPS": NaN,
        "Diluted NI Availto Com Stockholders": NaN,
        "Net Income Common Stockholders": NaN,
        "Net Income": NaN,
        "Net Income Including Noncontrolling Interests": NaN,
        "Net Income Continuous Operations": NaN,
        "Tax Provision": NaN,
        "Pretax Income": NaN,
        "Special Income Charges": 0.0,
        "Write Off": 0.0,
        "Depreciation Amortization Depletion Income Statement": NaN,
        "Depreciation And Amortization In Income Statement": NaN,
        "Amortization": NaN,
        "Amortization Of Intangibles Income Statement": NaN,
        "Selling General And Administration": NaN,
        "Selling And Marketing Expense": NaN,
        "General And Administrative Expense": NaN,
        "Insurance And Claims": NaN,
        "Salaries And Wages": NaN,
        "Total Revenue": NaN,
        "Operating Revenue": NaN,
        "Occupancy And Equipment": NaN,
        "Professional Expense And Contract Services Expense": NaN,
        "Other Non Interest Expense": NaN
    },
    "2022-12-31": {
        "Tax Effect Of Unusual Items": 0.0,
        "Tax Rate For Calcs": 0.393524,
        "Total Unusual Items": NaN,
        "Total Unusual Items Excluding Goodwill": NaN,
        "Net Income From Continuing Operation Net Minority Interest": 2697000.0,
        "Reconciled Depreciation": 283000.0,
        "Net Interest Income": 18745000.0,
        "Interest Expense": 2273000.0,
        "Interest Income": 21018000.0,
        "Normalized Income": 2697000.0,
        "Net Income From Continuing And Discontinued Operation": 2697000.0,
        "Diluted Average Shares": 16607719.0,
        "Basic Average Shares": 16496543.0,
        "Diluted EPS": 0.16,
        "Basic EPS": 0.16,
        "Diluted NI Availto Com Stockholders": 2697000.0,
        "Net Income Common Stockholders": 2697000.0,
        "Net Income": 2697000.0,
        "Net Income Including Noncontrolling Interests": 2697000.0,
        "Net Income Continuous Operations": 2697000.0,
        "Tax Provision": 1750000.0,
        "Pretax Income": 4447000.0,
        "Special Income Charges": NaN,
        "Write Off": NaN,
        "Depreciation Amortization Depletion Income Statement": 431000.0,
        "Depreciation And Amortization In Income Statement": 431000.0,
        "Amortization": 431000.0,
        "Amortization Of Intangibles Income Statement": 431000.0,
        "Selling General And Administration": 10977000.0,
        "Selling And Marketing Expense": 149000.0,
        "General And Administrative Expense": 10828000.0,
        "Insurance And Claims": 1005000.0,
        "Salaries And Wages": 9823000.0,
        "Total Revenue": 19752000.0,
        "Operating Revenue": 19752000.0
    },
    "2022-09-30": {
        "Tax Effect Of Unusual Items": NaN,
        "Tax Rate For Calcs": NaN,
        "Total Unusual Items": 0.0,
        "Total Unusual Items Excluding Goodwill": 0.0,
        "Net Income From Continuing Operation Net Minority Interest": NaN,
        "Reconciled Depreciation": NaN,
        "Net Interest Income": NaN,
        "Interest Expense": NaN,
        "Interest Income": NaN,
        "Normalized Income": NaN,
        "Net Income From Continuing And Discontinued Operation": NaN,
        "Diluted Average Shares": NaN,
        "Basic Average Shares": NaN,
        "Diluted EPS": NaN,
        "Basic EPS": NaN,
        "Diluted NI Availto Com Stockholders": NaN,
        "Net Income Common Stockholders": NaN,
        "Net Income": NaN,
        "Net Income Including Noncontrolling Interests": NaN,
        "Net Income Continuous Operations": NaN,
        "Tax Provision": NaN,
        "Pretax Income": NaN,
        "Special Income Charges": 0.0,
        "Write Off": 0.0,
        "Depreciation Amortization Depletion Income Statement": NaN,
        "Depreciation And Amortization In Income Statement": NaN,
        "Amortization": NaN,
        "Amortization Of Intangibles Income Statement": NaN,
        "Selling General And Administration": NaN,
        "Selling And Marketing Expense": NaN,
        "General And Administrative Expense": NaN,
        "Insurance And Claims": NaN,
        "Salaries And Wages": NaN,
        "Total Revenue": NaN,
        "Operating Revenue": NaN
    },
    "2022-06-30": {
        "Tax Effect Of Unusual Items": 0.0,
        "Tax Rate For Calcs": 0.280446,
        "Total Unusual Items": 0.0,
        "Total Unusual Items Excluding Goodwill": 0.0,
        "Net Income From Continuing Operation Net Minority Interest": 5619000.0,
        "Reconciled Depreciation": 327000.0,
        "Net Interest Income": 18605000.0,
        "Interest Expense": 547000.0,
        "Interest Income": 19152000.0,
        "Normalized Income": 5619000.0,
        "Net Income From Continuing And Discontinued Operation": 5619000.0,
        "Diluted Average Shares": 16882933.0,
        "Basic Average Shares": 16460248.0,
        "Diluted EPS": 0.33,
        "Basic EPS": 0.34,
        "Diluted NI Availto Com Stockholders": 5619000.0,
        "Net Income Common Stockholders": 5619000.0,
        "Net Income": 5619000.0,
        "Net Income Including Noncontrolling Interests": 5619000.0,
        "Net Income Continuous Operations": 5619000.0,
        "Tax Provision": 2190000.0,
        "Pretax Income": 7809000.0,
        "Special Income Charges": 0.0,
        "Write Off": 0.0,
        "Depreciation Amortization Depletion Income Statement": 327000.0,
        "Depreciation And Amortization In Income Statement": 327000.0,
        "Amortization": 327000.0,
        "Amortization Of Intangibles Income Statement": 327000.0,
        "Selling General And Administration": 8605000.0,
        "Selling And Marketing Expense": 70000.0,
        "General And Administrative Expense": 8535000.0,
        "Other Gand A": 344000.0,
        "Insurance And Claims": 602000.0,
        "Salaries And Wages": 7589000.0,
        "Total Revenue": 20157000.0,
        "Operating Revenue": 20157000.0
    },
    "2022-03-31": {
        "Diluted EPS": 0.32,
        "Total Revenue": 20,
        "Gross Profit": 19,
        "Operating Income": 8,
        "EBIT": NaN,
        "Net Income": 6
    },
    "2021-12-31": {
        "Diluted EPS": 0.21,
        "Total Revenue": 18,
        "Gross Profit": 18,
        "Operating Income": 4,
        "EBIT": NaN,
        "Net Income": 4
    },
    "2021-09-30": {
        "Diluted EPS": 0.3,
        "Total Revenue": 18,
        "Gross Profit": 17,
        "Operating Income": 7,
        "EBIT": NaN,
        "Net Income": 5
    },
    "2021-06-30": {
        "Diluted EPS": 0.18,
        "Total Revenue": 17,
        "Gross Profit": 16,
        "Operating Income": 5,
        "EBIT": NaN,
        "Net Income": 3
    },
    "2021-03-31": {
        "Diluted EPS": 0.24,
        "Total Revenue": 17,
        "Gross Profit": 16,
        "Operating Income": 6,
        "EBIT": NaN,
        "Net Income": 4
    },
    "2020-12-31": {
        "Diluted EPS": 0.23,
        "Total Revenue": 17,
        "Gross Profit": 16,
        "Operating Income": 6,
        "EBIT": NaN,
        "Net Income": 4
    },
    "2020-09-30": {
        "Diluted EPS": 0.18,
        "Total Revenue": 16,
        "Gross Profit": 15,
        "Operating Income": 6,
        "EBIT": NaN,
        "Net Income": 3
    },
    "2020-06-30": {
        "Diluted EPS": 0.18,
        "Total Revenue": 15,
        "Gross Profit": 14,
        "Operating Income": 5,
        "EBIT": NaN,
        "Net Income": 3
    },
    "2020-03-31": {
        "Diluted EPS": 0.07,
        "Total Revenue": 15,
        "Gross Profit": 13,
        "Operating Income": 2,
        "EBIT": NaN,
        "Net Income": 1
    },
    "2019-12-31": {
        "Diluted EPS": 0.16,
        "Total Revenue": 14,
        "Gross Profit": 13,
        "Operating Income": 4,
        "EBIT": NaN,
        "Net Income": 3
    },
    "2019-09-30": {
        "Diluted EPS": 0.19,
        "Total Revenue": 14,
        "Gross Profit": 12,
        "Operating Income": 5,
        "EBIT": NaN,
        "Net Income": 4
    },
    "2019-06-30": {
        "Diluted EPS": 0.13,
        "Total Revenue": 14,
        "Gross Profit": 12,
        "Operating Income": 3,
        "EBIT": NaN,
        "Net Income": 3
    },
    "2019-03-31": {
        "Diluted EPS": 0.12,
        "Total Revenue": 13,
        "Gross Profit": 11,
        "Operating Income": 3,
        "EBIT": NaN,
        "Net Income": 2
    },
    "2018-12-31": {
        "Diluted EPS": 0.04,
        "Total Revenue": 12,
        "Gross Profit": 11,
        "Operating Income": 4,
        "EBIT": NaN,
        "Net Income": 3
    },
    "2018-09-30": {
        "Diluted EPS": 0.22,
        "Total Revenue": 12,
        "Gross Profit": 10,
        "Operating Income": 3,
        "EBIT": NaN,
        "Net Income": 2
    },
    "2018-06-30": {
        "Diluted EPS": 0.13,
        "Total Revenue": 11,
        "Gross Profit": 10,
        "Operating Income": 3,
        "EBIT": NaN,
        "Net Income": 2
    },
    "2018-03-31": {
        "Diluted EPS": 0.11,
        "Total Revenue": 11,
        "Gross Profit": 10,
        "Operating Income": 3,
        "EBIT": NaN,
        "Net Income": 2
    },
    "2017-12-31": {
        "Diluted EPS": 0.09,
        "Total Revenue": 14,
        "Gross Profit": 13,
        "Operating Income": 6,
        "EBIT": NaN,
        "Net Income": 2
    },
    "2017-09-30": {
        "Diluted EPS": 0.15,
        "Total Revenue": 12,
        "Gross Profit": 11,
        "Operating Income": 4,
        "EBIT": NaN,
        "Net Income": 3
    },
    "2017-06-30": {
        "Diluted EPS": 0.08,
        "Total Revenue": 10,
        "Gross Profit": 9,
        "Operating Income": 2,
        "EBIT": NaN,
        "Net Income": 2
    },
    "2017-03-31": {
        "Diluted EPS": 0.1,
        "Total Revenue": 10,
        "Gross Profit": 9,
        "Operating Income": 3,
        "EBIT": NaN,
        "Net Income": 2
    },
    "2016-12-31": {
        "Diluted EPS": 0.09,
        "Total Revenue": 9,
        "Gross Profit": 8,
        "Operating Income": 2,
        "EBIT": NaN,
        "Net Income": 2
    },
    "2016-09-30": {
        "Diluted EPS": 0.09,
        "Total Revenue": 9,
        "Gross Profit": 8,
        "Operating Income": 3,
        "EBIT": NaN,
        "Net Income": 2
    },
    "2016-06-30": {
        "Diluted EPS": 0.07,
        "Total Revenue": 8,
        "Gross Profit": 7,
        "Operating Income": 2,
        "EBIT": NaN,
        "Net Income": 1
    },
    "2016-03-31": {
        "Diluted EPS": 0.08,
        "Total Revenue": 8,
        "Gross Profit": 7,
        "Operating Income": 2,
        "EBIT": NaN,
        "Net Income": 1
    },
    "2015-12-31": {
        "Diluted EPS": 0.0,
        "Total Revenue": 8,
        "Gross Profit": 7,
        "Operating Income": 2,
        "EBIT": NaN,
        "Net Income": 1
    },
    "2015-09-30": {
        "Diluted EPS": 0.0,
        "Total Revenue": 8,
        "Gross Profit": 7,
        "Operating Income": 0,
        "EBIT": NaN,
        "Net Income": 0
    },
    "2015-06-30": {
        "Diluted EPS": 0.0,
        "Total Revenue": 7,
        "Gross Profit": 7,
        "Operating Income": 2,
        "EBIT": NaN,
        "Net Income": 1
    },
    "2015-03-31": {
        "Diluted EPS": 0.0,
        "Total Revenue": 7,
        "Gross Profit": 6,
        "Operating Income": 1,
        "EBIT": NaN,
        "Net Income": 1
    },
    "2014-12-31": {
        "Diluted EPS": 0.0,
        "Total Revenue": 7,
        "Gross Profit": 6,
        "Operating Income": 0,
        "EBIT": NaN,
        "Net Income": 1
    },
    "2014-09-30": {
        "Diluted EPS": 0.0,
        "Total Revenue": 7,
        "Gross Profit": 6,
        "Operating Income": 2,
        "EBIT": NaN,
        "Net Income": 1
    },
    "2014-06-30": {
        "Diluted EPS": 0.0,
        "Total Revenue": 7,
        "Gross Profit": 6,
        "Operating Income": 2,
        "EBIT": NaN,
        "Net Income": 1
    },
    "2014-03-31": {
        "Diluted EPS": 0.0,
        "Total Revenue": 6,
        "Gross Profit": 6,
        "Operating Income": 1,
        "EBIT": NaN,
        "Net Income": 1
    },
    "2013-12-31": {
        "Diluted EPS": 0.0,
        "Total Revenue": NaN,
        "Gross Profit": NaN,
        "Operating Income": NaN,
        "EBIT": NaN,
        "Net Income": NaN
    },
    "2023-09-30": {
        "Tax Effect Of Unusual Items": NaN,
        "Tax Rate For Calcs": NaN,
        "Total Unusual Items": 0.0,
        "Total Unusual Items Excluding Goodwill": 0.0,
        "Net Income From Continuing Operation Net Minority Interest": NaN,
        "Reconciled Depreciation": NaN,
        "Net Interest Income": NaN,
        "Interest Expense": NaN,
        "Interest Income": NaN,
        "Normalized Income": NaN,
        "Net Income From Continuing And Discontinued Operation": NaN,
        "Diluted Average Shares": 16648657.0,
        "Basic Average Shares": 16604886.0,
        "Diluted EPS": 0.15,
        "Basic EPS": 0.15,
        "Diluted NI Availto Com Stockholders": NaN,
        "Net Income Common Stockholders": NaN,
        "Net Income": NaN,
        "Net Income Including Noncontrolling Interests": NaN,
        "Net Income Continuous Operations": NaN,
        "Tax Provision": NaN,
        "Pretax Income": NaN,
        "Special Income Charges": 0.0,
        "Write Off": 0.0,
        "Depreciation Amortization Depletion Income Statement": NaN,
        "Depreciation And Amortization In Income Statement": NaN,
        "Amortization": NaN,
        "Amortization Of Intangibles Income Statement": NaN,
        "Selling General And Administration": NaN,
        "Selling And Marketing Expense": NaN,
        "General And Administrative Expense": NaN,
        "Insurance And Claims": NaN,
        "Salaries And Wages": NaN,
        "Total Revenue": NaN,
        "Operating Revenue": NaN,
        "Occupancy And Equipment": NaN,
        "Professional Expense And Contract Services Expense": NaN,
        "Other Non Interest Expense": NaN
    },
    "2023-12-31": {
        "Tax Effect Of Unusual Items": 0.0,
        "Tax Rate For Calcs": 0.267168,
        "Total Unusual Items": NaN,
        "Total Unusual Items Excluding Goodwill": NaN,
        "Net Income From Continuing Operation Net Minority Interest": 2924000.0,
        "Reconciled Depreciation": 279000.0,
        "Net Interest Income": 13565000.0,
        "Interest Expense": 10001000.0,
        "Interest Income": 23566000.0,
        "Normalized Income": 2924000.0,
        "Net Income From Continuing And Discontinued Operation": 2924000.0,
        "Diluted Average Shares": 16690937.0,
        "Basic Average Shares": 16639142.0,
        "Diluted EPS": 0.18,
        "Basic EPS": 0.18,
        "Diluted NI Availto Com Stockholders": 2924000.0,
        "Net Income Common Stockholders": 2924000.0,
        "Net Income": 2924000.0,
        "Net Income Including Noncontrolling Interests": 2924000.0,
        "Net Income Continuous Operations": 2924000.0,
        "Tax Provision": 1066000.0,
        "Pretax Income": 3990000.0,
        "Special Income Charges": NaN,
        "Write Off": NaN,
        "Depreciation Amortization Depletion Income Statement": 596000.0,
        "Depreciation And Amortization In Income Statement": 596000.0,
        "Amortization": 596000.0,
        "Amortization Of Intangibles Income Statement": 596000.0,
        "Selling General And Administration": 7984000.0,
        "Selling And Marketing Expense": 193000.0,
        "General And Administrative Expense": 7791000.0,
        "Insurance And Claims": 819000.0,
        "Salaries And Wages": 6972000.0,
        "Total Revenue": 14847000.0,
        "Operating Revenue": 14847000.0,
        "Occupancy And Equipment": 577000.0,
        "Professional Expense And Contract Services Expense": 1487000.0,
        "Other Non Interest Expense": 1447000.0
    },
    "2024-03-31": {
        "Tax Effect Of Unusual Items": 0.0,
        "Tax Rate For Calcs": 0.255,
        "Total Unusual Items": NaN,
        "Total Unusual Items Excluding Goodwill": NaN,
        "Net Income From Continuing Operation Net Minority Interest": 4981000.0,
        "Reconciled Depreciation": 278000.0,
        "Net Interest Income": 12486000.0,
        "Interest Expense": 9549000.0,
        "Interest Income": 22035000.0,
        "Normalized Income": 4981000.0,
        "Net Income From Continuing And Discontinued Operation": 4981000.0,
        "Diluted Average Shares": 16720653.0,
        "Basic Average Shares": 16669451.0,
        "Diluted EPS": 0.3,
        "Basic EPS": 0.3,
        "Diluted NI Availto Com Stockholders": 4981000.0,
        "Net Income Common Stockholders": 4981000.0,
        "Net Income": 4981000.0,
        "Net Income Including Noncontrolling Interests": 4981000.0,
        "Net Income Continuous Operations": 4981000.0,
        "Tax Provision": 1707000.0,
        "Pretax Income": 6688000.0,
        "Special Income Charges": NaN,
        "Write Off": NaN,
        "Depreciation Amortization Depletion Income Statement": 543000.0,
        "Depreciation And Amortization In Income Statement": 543000.0,
        "Amortization": 543000.0,
        "Amortization Of Intangibles Income Statement": 543000.0,
        "Selling General And Administration": 8971000.0,
        "Selling And Marketing Expense": 18000.0,
        "General And Administrative Expense": 8953000.0,
        "Insurance And Claims": 634000.0,
        "Salaries And Wages": 8319000.0,
        "Total Revenue": 13600000.0,
        "Operating Revenue": 13600000.0,
        "Occupancy And Equipment": 595000.0,
        "Professional Expense And Contract Services Expense": 1314000.0,
        "Other Non Interest Expense": 1070000.0
    },
    "2024-06-30": {
        "Tax Effect Of Unusual Items": 0.0,
        "Tax Rate For Calcs": 0.277,
        "Total Unusual Items": NaN,
        "Total Unusual Items Excluding Goodwill": NaN,
        "Net Income From Continuing Operation Net Minority Interest": -3308000.0,
        "Reconciled Depreciation": 280000.0,
        "Net Interest Income": 11953000.0,
        "Interest Expense": 9919000.0,
        "Interest Income": 21872000.0,
        "Normalized Income": -3308000.0,
        "Net Income From Continuing And Discontinued Operation": -3308000.0,
        "Diluted Average Shares": 16706793.0,
        "Basic Average Shares": 16706793.0,
        "Diluted EPS": -0.2,
        "Basic EPS": -0.2,
        "Diluted NI Availto Com Stockholders": -3308000.0,
        "Net Income Common Stockholders": -3308000.0,
        "Net Income": -3308000.0,
        "Net Income Including Noncontrolling Interests": -3308000.0,
        "Net Income Continuous Operations": -3308000.0,
        "Tax Provision": -1268000.0,
        "Pretax Income": -4576000.0,
        "Special Income Charges": NaN,
        "Write Off": NaN,
        "Depreciation Amortization Depletion Income Statement": 584000.0,
        "Depreciation And Amortization In Income Statement": 584000.0,
        "Amortization": 584000.0,
        "Amortization Of Intangibles Income Statement": 584000.0,
        "Selling General And Administration": 8170000.0,
        "Selling And Marketing Expense": 76000.0,
        "General And Administrative Expense": 8094000.0,
        "Insurance And Claims": 624000.0,
        "Salaries And Wages": 7470000.0,
        "Total Revenue": 13242000.0,
        "Operating Revenue": 13242000.0,
        "Occupancy And Equipment": 567000.0,
        "Professional Expense And Contract Services Expense": 984000.0,
        "Other Non Interest Expense": 1055000.0
    },
    "2024-09-30": {
        "Tax Effect Of Unusual Items": 0.0,
        "Tax Rate For Calcs": 0.15566,
        "Total Unusual Items": NaN,
        "Total Unusual Items Excluding Goodwill": NaN,
        "Net Income From Continuing Operation Net Minority Interest": 716000.0,
        "Reconciled Depreciation": 281000.0,
        "Net Interest Income": 12409000.0,
        "Interest Expense": 10020000.0,
        "Interest Income": 22429000.0,
        "Normalized Income": 716000.0,
        "Net Income From Continuing And Discontinued Operation": 716000.0,
        "Diluted Average Shares": 16811614.0,
        "Basic Average Shares": 16748404.0,
        "Diluted EPS": 0.04,
        "Basic EPS": 0.04,
        "Diluted NI Availto Com Stockholders": 716000.0,
        "Net Income Common Stockholders": 716000.0,
        "Net Income": 716000.0,
        "Net Income Including Noncontrolling Interests": 716000.0,
        "Net Income Continuous Operations": 716000.0,
        "Tax Provision": 132000.0,
        "Pretax Income": 848000.0,
        "Special Income Charges": NaN,
        "Write Off": NaN,
        "Depreciation Amortization Depletion Income Statement": 614000.0,
        "Depreciation And Amortization In Income Statement": 614000.0,
        "Amortization": 614000.0,
        "Amortization Of Intangibles Income Statement": 614000.0,
        "Selling General And Administration": 8194000.0,
        "Selling And Marketing Expense": 57000.0,
        "General And Administrative Expense": 8137000.0,
        "Insurance And Claims": 637000.0,
        "Salaries And Wages": 7500000.0,
        "Total Revenue": 13712000.0,
        "Operating Revenue": 13712000.0,
        "Occupancy And Equipment": 611000.0,
        "Professional Expense And Contract Services Expense": 800000.0,
        "Other Non Interest Expense": 952000.0
    },
    "2024-12-31": {
        "Tax Effect Of Unusual Items": 0.0,
        "Tax Rate For Calcs": 0.239682,
        "Total Unusual Items": NaN,
        "Total Unusual Items Excluding Goodwill": NaN,
        "Net Income From Continuing Operation Net Minority Interest": 4882000.0,
        "Reconciled Depreciation": 235000.0,
        "Net Interest Income": 13643000.0,
        "Interest Expense": 9478000.0,
        "Interest Income": 23121000.0,
        "Normalized Income": 4882000.0,
        "Net Income From Continuing And Discontinued Operation": 4882000.0,
        "Diluted Average Shares": NaN,
        "Basic Average Shares": NaN,
        "Diluted EPS": NaN,
        "Basic EPS": NaN,
        "Diluted NI Availto Com Stockholders": 4882000.0,
        "Net Income Common Stockholders": 4882000.0,
        "Net Income": 4882000.0,
        "Net Income Including Noncontrolling Interests": 4882000.0,
        "Net Income Continuous Operations": 4882000.0,
        "Tax Provision": 1539000.0,
        "Pretax Income": 6421000.0,
        "Special Income Charges": NaN,
        "Write Off": NaN,
        "Depreciation Amortization Depletion Income Statement": 614000.0,
        "Depreciation And Amortization In Income Statement": 614000.0,
        "Amortization": 614000.0,
        "Amortization Of Intangibles Income Statement": 614000.0,
        "Selling General And Administration": 7826000.0,
        "Selling And Marketing Expense": 43000.0,
        "General And Administrative Expense": 7783000.0,
        "Insurance And Claims": 622000.0,
        "Salaries And Wages": 7161000.0,
        "Total Revenue": 14720000.0,
        "Operating Revenue": 14720000.0,
        "Occupancy And Equipment": 503000.0,
        "Professional Expense And Contract Services Expense": 585000.0,
        "Other Non Interest Expense": 338000.0
    }
}