{
    "2023-03-31": {
        "Tax Effect Of Unusual Items": NaN,
        "Tax Rate For Calcs": NaN,
        "Normalized EBITDA": NaN,
        "Total Unusual Items": NaN,
        "Total Unusual Items Excluding Goodwill": NaN,
        "Net Income From Continuing Operation Net Minority Interest": NaN,
        "Reconciled Depreciation": NaN,
        "Reconciled Cost Of Revenue": NaN,
        "EBITDA": NaN,
        "EBIT": NaN,
        "Net Interest Income": NaN,
        "Interest Expense": NaN,
        "Interest Income": NaN,
        "Normalized Income": NaN,
        "Net Income From Continuing And Discontinued Operation": NaN,
        "Total Expenses": NaN,
        "Total Operating Income As Reported": NaN,
        "Diluted Average Shares": NaN,
        "Basic Average Shares": NaN,
        "Diluted EPS": NaN,
        "Basic EPS": NaN,
        "Diluted NI Availto Com Stockholders": NaN,
        "Net Income Common Stockholders": NaN,
        "Otherunder Preferred Stock Dividend": NaN,
        "Net Income": NaN,
        "Minority Interests": NaN,
        "Net Income Including Noncontrolling Interests": NaN,
        "Net Income Continuous Operations": NaN,
        "Tax Provision": NaN,
        "Pretax Income": NaN,
        "Other Income Expense": 108000.0,
        "Other Non Operating Income Expenses": 108000.0,
        "Special Income Charges": NaN,
        "Restructuring And Mergern Acquisition": NaN,
        "Net Non Operating Interest Income Expense": NaN,
        "Interest Expense Non Operating": NaN,
        "Interest Income Non Operating": NaN,
        "Operating Income": NaN,
        "Operating Expense": NaN,
        "Depreciation Amortization Depletion Income Statement": 0.0,
        "Depreciation And Amortization In Income Statement": 0.0,
        "Amortization": 0.0,
        "Amortization Of Intangibles Income Statement": 0.0,
        "Research And Development": NaN,
        "Selling General And Administration": NaN,
        "General And Administrative Expense": 6072000.0,
        "Other Gand A": 5421000.0,
        "Salaries And Wages": 651000.0,
        "Gross Profit": NaN,
        "Cost Of Revenue": NaN,
        "Total Revenue": NaN,
        "Operating Revenue": NaN
    },
    "2022-12-31": {
        "Tax Effect Of Unusual Items": NaN,
        "Tax Rate For Calcs": NaN,
        "Normalized EBITDA": NaN,
        "Total Unusual Items": NaN,
        "Total Unusual Items Excluding Goodwill": NaN,
        "Net Income From Continuing Operation Net Minority Interest": NaN,
        "Reconciled Depreciation": NaN,
        "Reconciled Cost Of Revenue": NaN,
        "EBITDA": NaN,
        "EBIT": NaN,
        "Net Interest Income": NaN,
        "Interest Expense": 18000.0,
        "Interest Income": NaN,
        "Normalized Income": NaN,
        "Net Income From Continuing And Discontinued Operation": NaN,
        "Total Expenses": NaN,
        "Total Operating Income As Reported": NaN,
        "Diluted Average Shares": NaN,
        "Basic Average Shares": NaN,
        "Diluted EPS": NaN,
        "Basic EPS": NaN,
        "Diluted NI Availto Com Stockholders": NaN,
        "Net Income Common Stockholders": NaN,
        "Otherunder Preferred Stock Dividend": -381000.0,
        "Net Income": NaN,
        "Minority Interests": NaN,
        "Net Income Including Noncontrolling Interests": NaN,
        "Net Income Continuous Operations": NaN,
        "Tax Provision": NaN,
        "Pretax Income": NaN,
        "Other Income Expense": 8000.0,
        "Other Non Operating Income Expenses": 8000.0,
        "Special Income Charges": NaN,
        "Restructuring And Mergern Acquisition": NaN,
        "Net Non Operating Interest Income Expense": NaN,
        "Interest Expense Non Operating": 18000.0,
        "Interest Income Non Operating": NaN,
        "Operating Income": NaN,
        "Operating Expense": NaN,
        "Depreciation Amortization Depletion Income Statement": NaN,
        "Depreciation And Amortization In Income Statement": NaN,
        "Amortization": NaN,
        "Amortization Of Intangibles Income Statement": NaN,
        "Research And Development": NaN,
        "Selling General And Administration": NaN,
        "General And Administrative Expense": NaN,
        "Other Gand A": NaN,
        "Salaries And Wages": NaN,
        "Gross Profit": NaN,
        "Cost Of Revenue": NaN,
        "Total Revenue": NaN,
        "Operating Revenue": NaN
    },
    "2022-09-30": {
        "Tax Effect Of Unusual Items": NaN,
        "Tax Rate For Calcs": NaN,
        "Normalized EBITDA": NaN,
        "Net Income From Continuing Operation Net Minority Interest": NaN,
        "Reconciled Depreciation": NaN,
        "Reconciled Cost Of Revenue": NaN,
        "EBITDA": NaN,
        "EBIT": NaN,
        "Net Interest Income": NaN,
        "Interest Expense": 10000.0,
        "Interest Income": NaN,
        "Normalized Income": NaN,
        "Net Income From Continuing And Discontinued Operation": NaN,
        "Total Expenses": NaN,
        "Total Operating Income As Reported": NaN,
        "Diluted Average Shares": NaN,
        "Basic Average Shares": NaN,
        "Diluted EPS": NaN,
        "Basic EPS": NaN,
        "Diluted NI Availto Com Stockholders": NaN,
        "Net Income Common Stockholders": NaN,
        "Otherunder Preferred Stock Dividend": 0.0,
        "Net Income": NaN,
        "Minority Interests": 0.0,
        "Net Income Including Noncontrolling Interests": NaN,
        "Net Income Continuous Operations": NaN,
        "Tax Provision": NaN,
        "Pretax Income": NaN,
        "Other Income Expense": 10000.0,
        "Other Non Operating Income Expenses": 10000.0,
        "Net Non Operating Interest Income Expense": NaN,
        "Interest Expense Non Operating": 10000.0,
        "Interest Income Non Operating": NaN,
        "Operating Income": NaN,
        "Operating Expense": NaN,
        "Depreciation Amortization Depletion Income Statement": 0.0,
        "Depreciation And Amortization In Income Statement": 0.0,
        "Amortization": 0.0,
        "Amortization Of Intangibles Income Statement": 0.0,
        "Research And Development": NaN,
        "Selling General And Administration": NaN,
        "General And Administrative Expense": 5082000.0,
        "Other Gand A": 4306000.0,
        "Salaries And Wages": 776000.0,
        "Gross Profit": NaN,
        "Cost Of Revenue": NaN,
        "Total Revenue": NaN,
        "Operating Revenue": NaN
    },
    "2022-06-30": {
        "Tax Effect Of Unusual Items": 0.0,
        "Tax Rate For Calcs": 0.017268,
        "Normalized EBITDA": -3961000.0,
        "Net Income From Continuing Operation Net Minority Interest": -5008000.0,
        "Reconciled Depreciation": 1126000.0,
        "Reconciled Cost Of Revenue": 9730000.0,
        "EBITDA": -3961000.0,
        "EBIT": -5087000.0,
        "Net Interest Income": 85000.0,
        "Interest Expense": 9000.0,
        "Interest Income": 94000.0,
        "Normalized Income": -5008000.0,
        "Net Income From Continuing And Discontinued Operation": -5008000.0,
        "Total Expenses": 24275000.0,
        "Total Operating Income As Reported": -5197000.0,
        "Diluted Average Shares": 54120000.0,
        "Basic Average Shares": 54120000.0,
        "Diluted EPS": -0.09,
        "Basic EPS": -0.09,
        "Diluted NI Availto Com Stockholders": -5008000.0,
        "Net Income Common Stockholders": -5008000.0,
        "Otherunder Preferred Stock Dividend": 0.0,
        "Net Income": -5008000.0,
        "Minority Interests": NaN,
        "Net Income Including Noncontrolling Interests": -5008000.0,
        "Net Income Continuous Operations": -5008000.0,
        "Tax Provision": -88000.0,
        "Pretax Income": -5096000.0,
        "Other Income Expense": 16000.0,
        "Other Non Operating Income Expenses": 16000.0,
        "Net Non Operating Interest Income Expense": 85000.0,
        "Total Other Finance Cost": NaN,
        "Interest Expense Non Operating": 9000.0,
        "Interest Income Non Operating": 94000.0,
        "Operating Income": -5197000.0,
        "Operating Expense": 14545000.0,
        "Depreciation Amortization Depletion Income Statement": NaN,
        "Depreciation And Amortization In Income Statement": NaN,
        "Amortization": NaN,
        "Amortization Of Intangibles Income Statement": NaN,
        "Research And Development": 8521000.0,
        "Selling General And Administration": 6024000.0,
        "General And Administrative Expense": NaN,
        "Other Gand A": NaN,
        "Salaries And Wages": NaN,
        "Gross Profit": 9348000.0,
        "Cost Of Revenue": 9730000.0,
        "Total Revenue": 19078000.0,
        "Operating Revenue": 19078000.0
    },
    "2022-03-31": {
        "Diluted EPS": -0.09,
        "Total Revenue": 17,
        "Gross Profit": 9,
        "Operating Income": -4,
        "EBIT": -3,
        "Net Income": -5
    },
    "2021-12-31": {
        "Diluted EPS": -0.06,
        "Total Revenue": 17,
        "Gross Profit": 9,
        "Operating Income": -4,
        "EBIT": -2,
        "Net Income": -3
    },
    "2021-09-30": {
        "Diluted EPS": -0.08,
        "Total Revenue": 15,
        "Gross Profit": 8,
        "Operating Income": -4,
        "EBIT": -3,
        "Net Income": -4
    },
    "2021-06-30": {
        "Diluted EPS": -0.08,
        "Total Revenue": 14,
        "Gross Profit": 7,
        "Operating Income": -4,
        "EBIT": -3,
        "Net Income": -4
    },
    "2021-03-31": {
        "Diluted EPS": -0.16,
        "Total Revenue": 9,
        "Gross Profit": 4,
        "Operating Income": -8,
        "EBIT": -7,
        "Net Income": -8
    },
    "2020-12-31": {
        "Diluted EPS": -0.14,
        "Total Revenue": 10,
        "Gross Profit": 4,
        "Operating Income": -7,
        "EBIT": -6,
        "Net Income": -6
    },
    "2020-09-30": {
        "Diluted EPS": -0.2,
        "Total Revenue": 8,
        "Gross Profit": 4,
        "Operating Income": -8,
        "EBIT": -7,
        "Net Income": -8
    },
    "2020-06-30": {
        "Diluted EPS": -0.17,
        "Total Revenue": 9,
        "Gross Profit": 5,
        "Operating Income": -6,
        "EBIT": -5,
        "Net Income": -7
    },
    "2020-03-31": {
        "Diluted EPS": -0.14,
        "Total Revenue": 14,
        "Gross Profit": 7,
        "Operating Income": -5,
        "EBIT": -4,
        "Net Income": -5
    },
    "2019-12-31": {
        "Diluted EPS": -0.12,
        "Total Revenue": 16,
        "Gross Profit": 7,
        "Operating Income": -5,
        "EBIT": -4,
        "Net Income": -4
    },
    "2019-09-30": {
        "Diluted EPS": -0.06,
        "Total Revenue": 18,
        "Gross Profit": 9,
        "Operating Income": -2,
        "EBIT": -1,
        "Net Income": -2
    },
    "2019-06-30": {
        "Diluted EPS": -0.06,
        "Total Revenue": 18,
        "Gross Profit": 9,
        "Operating Income": -2,
        "EBIT": -1,
        "Net Income": -2
    },
    "2019-03-31": {
        "Diluted EPS": 0.0,
        "Total Revenue": 17,
        "Gross Profit": 8,
        "Operating Income": -3,
        "EBIT": -2,
        "Net Income": 0
    },
    "2018-12-31": {
        "Diluted EPS": -0.03,
        "Total Revenue": 21,
        "Gross Profit": 11,
        "Operating Income": -2,
        "EBIT": 0,
        "Net Income": -1
    },
    "2018-09-30": {
        "Diluted EPS": 0.01,
        "Total Revenue": 21,
        "Gross Profit": 11,
        "Operating Income": 0,
        "EBIT": 2,
        "Net Income": 0
    },
    "2018-06-30": {
        "Diluted EPS": -0.07,
        "Total Revenue": 19,
        "Gross Profit": 10,
        "Operating Income": -2,
        "EBIT": -1,
        "Net Income": -2
    },
    "2018-03-31": {
        "Diluted EPS": -0.02,
        "Total Revenue": 15,
        "Gross Profit": 8,
        "Operating Income": -1,
        "EBIT": 0,
        "Net Income": -1
    },
    "2017-12-31": {
        "Diluted EPS": -0.1,
        "Total Revenue": 18,
        "Gross Profit": 9,
        "Operating Income": -3,
        "EBIT": -2,
        "Net Income": -3
    },
    "2017-09-30": {
        "Diluted EPS": -0.14,
        "Total Revenue": 19,
        "Gross Profit": 9,
        "Operating Income": -4,
        "EBIT": -3,
        "Net Income": -5
    },
    "2017-06-30": {
        "Diluted EPS": 0.04,
        "Total Revenue": 21,
        "Gross Profit": 11,
        "Operating Income": 2,
        "EBIT": 3,
        "Net Income": 1
    },
    "2017-03-31": {
        "Diluted EPS": 0.09,
        "Total Revenue": 23,
        "Gross Profit": 12,
        "Operating Income": 3,
        "EBIT": 4,
        "Net Income": 3
    },
    "2016-12-31": {
        "Diluted EPS": 0.02,
        "Total Revenue": 16,
        "Gross Profit": 9,
        "Operating Income": 0,
        "EBIT": 1,
        "Net Income": 0
    },
    "2016-09-30": {
        "Diluted EPS": -0.04,
        "Total Revenue": 14,
        "Gross Profit": 7,
        "Operating Income": -1,
        "EBIT": 0,
        "Net Income": -1
    },
    "2016-06-30": {
        "Diluted EPS": -0.06,
        "Total Revenue": 13,
        "Gross Profit": 6,
        "Operating Income": -1,
        "EBIT": -1,
        "Net Income": -2
    },
    "2016-03-31": {
        "Diluted EPS": -0.31,
        "Total Revenue": 11,
        "Gross Profit": 4,
        "Operating Income": -8,
        "EBIT": -7,
        "Net Income": -9
    },
    "2015-12-31": {
        "Diluted EPS": -0.11,
        "Total Revenue": 13,
        "Gross Profit": 7,
        "Operating Income": -3,
        "EBIT": -2,
        "Net Income": -3
    },
    "2015-09-30": {
        "Diluted EPS": -0.05,
        "Total Revenue": 17,
        "Gross Profit": 8,
        "Operating Income": -1,
        "EBIT": 0,
        "Net Income": -1
    },
    "2015-06-30": {
        "Diluted EPS": -0.12,
        "Total Revenue": 15,
        "Gross Profit": 7,
        "Operating Income": -2,
        "EBIT": -1,
        "Net Income": -3
    },
    "2015-03-31": {
        "Diluted EPS": -0.14,
        "Total Revenue": 14,
        "Gross Profit": 7,
        "Operating Income": -3,
        "EBIT": -2,
        "Net Income": -3
    },
    "2014-12-31": {
        "Diluted EPS": -0.12,
        "Total Revenue": 15,
        "Gross Profit": 8,
        "Operating Income": -3,
        "EBIT": -2,
        "Net Income": -3
    },
    "2014-09-30": {
        "Diluted EPS": -0.1,
        "Total Revenue": 17,
        "Gross Profit": 9,
        "Operating Income": -2,
        "EBIT": -1,
        "Net Income": -2
    },
    "2014-06-30": {
        "Diluted EPS": -0.11,
        "Total Revenue": 15,
        "Gross Profit": 8,
        "Operating Income": -2,
        "EBIT": -1,
        "Net Income": -2
    },
    "2014-03-31": {
        "Diluted EPS": -0.11,
        "Total Revenue": 14,
        "Gross Profit": 8,
        "Operating Income": -2,
        "EBIT": -1,
        "Net Income": -3
    },
    "2013-12-31": {
        "Diluted EPS": 0.03,
        "Total Revenue": 15,
        "Gross Profit": 8,
        "Operating Income": 0,
        "EBIT": 1,
        "Net Income": 0
    },
    "2013-09-30": {
        "Diluted EPS": 0.07,
        "Total Revenue": 15,
        "Gross Profit": 9,
        "Operating Income": 2,
        "EBIT": 3,
        "Net Income": 2
    },
    "2013-06-30": {
        "Diluted EPS": -0.26,
        "Total Revenue": 10,
        "Gross Profit": 5,
        "Operating Income": -5,
        "EBIT": -4,
        "Net Income": -5
    },
    "2013-03-31": {
        "Diluted EPS": -0.29,
        "Total Revenue": 8,
        "Gross Profit": 4,
        "Operating Income": -6,
        "EBIT": -4,
        "Net Income": -5
    },
    "2012-12-31": {
        "Diluted EPS": -0.19,
        "Total Revenue": 14,
        "Gross Profit": 7,
        "Operating Income": -3,
        "EBIT": -2,
        "Net Income": -4
    },
    "2012-09-30": {
        "Diluted EPS": -0.02,
        "Total Revenue": 16,
        "Gross Profit": 8,
        "Operating Income": 0,
        "EBIT": 1,
        "Net Income": 0
    },
    "2012-06-30": {
        "Diluted EPS": -0.06,
        "Total Revenue": 16,
        "Gross Profit": 8,
        "Operating Income": -1,
        "EBIT": 0,
        "Net Income": -1
    },
    "2012-03-31": {
        "Diluted EPS": -0.04,
        "Total Revenue": 14,
        "Gross Profit": 8,
        "Operating Income": -1,
        "EBIT": 0,
        "Net Income": -1
    },
    "2011-12-31": {
        "Diluted EPS": -0.11,
        "Total Revenue": 17,
        "Gross Profit": 8,
        "Operating Income": -2,
        "EBIT": 0,
        "Net Income": -2
    },
    "2011-09-30": {
        "Diluted EPS": -0.06,
        "Total Revenue": 17,
        "Gross Profit": 8,
        "Operating Income": -1,
        "EBIT": 0,
        "Net Income": -1
    },
    "2011-06-30": {
        "Diluted EPS": -0.13,
        "Total Revenue": 16,
        "Gross Profit": 7,
        "Operating Income": -2,
        "EBIT": -1,
        "Net Income": -2
    },
    "2011-03-31": {
        "Diluted EPS": -0.11,
        "Total Revenue": 15,
        "Gross Profit": 7,
        "Operating Income": -3,
        "EBIT": -2,
        "Net Income": -1
    },
    "2010-12-31": {
        "Diluted EPS": -0.24,
        "Total Revenue": 14,
        "Gross Profit": 7,
        "Operating Income": -4,
        "EBIT": -2,
        "Net Income": -3
    },
    "2010-09-30": {
        "Diluted EPS": 0.0,
        "Total Revenue": 18,
        "Gross Profit": 8,
        "Operating Income": -1,
        "EBIT": 0,
        "Net Income": 0
    },
    "2010-06-30": {
        "Diluted EPS": -0.08,
        "Total Revenue": 19,
        "Gross Profit": 9,
        "Operating Income": -1,
        "EBIT": 1,
        "Net Income": -1
    },
    "2010-03-31": {
        "Diluted EPS": 0.32,
        "Total Revenue": 19,
        "Gross Profit": 9,
        "Operating Income": 0,
        "EBIT": 1,
        "Net Income": 5
    },
    "2009-12-31": {
        "Diluted EPS": -0.06,
        "Total Revenue": 19,
        "Gross Profit": 9,
        "Operating Income": -1,
        "EBIT": 1,
        "Net Income": -1
    },
    "2009-09-30": {
        "Diluted EPS": -0.07,
        "Total Revenue": 17,
        "Gross Profit": 7,
        "Operating Income": -1,
        "EBIT": 1,
        "Net Income": -1
    },
    "2009-06-30": {
        "Diluted EPS": 0.16,
        "Total Revenue": 14,
        "Gross Profit": 7,
        "Operating Income": -1,
        "EBIT": 1,
        "Net Income": 2
    },
    "2009-03-31": {
        "Diluted EPS": 0.44,
        "Total Revenue": 11,
        "Gross Profit": 4,
        "Operating Income": -5,
        "EBIT": -3,
        "Net Income": 6
    },
    "2023-06-30": {
        "Tax Effect Of Unusual Items": NaN,
        "Tax Rate For Calcs": NaN,
        "Normalized EBITDA": NaN,
        "Total Unusual Items": 0.0,
        "Total Unusual Items Excluding Goodwill": 0.0,
        "Net Income From Continuing Operation Net Minority Interest": NaN,
        "Reconciled Depreciation": NaN,
        "Reconciled Cost Of Revenue": NaN,
        "EBITDA": NaN,
        "EBIT": NaN,
        "Net Interest Income": NaN,
        "Interest Expense": NaN,
        "Interest Income": NaN,
        "Normalized Income": NaN,
        "Net Income From Continuing And Discontinued Operation": NaN,
        "Total Expenses": NaN,
        "Total Operating Income As Reported": NaN,
        "Diluted Average Shares": NaN,
        "Basic Average Shares": NaN,
        "Diluted EPS": NaN,
        "Basic EPS": NaN,
        "Diluted NI Availto Com Stockholders": NaN,
        "Net Income Common Stockholders": NaN,
        "Otherunder Preferred Stock Dividend": -107000.0,
        "Net Income": NaN,
        "Minority Interests": NaN,
        "Net Income Including Noncontrolling Interests": NaN,
        "Net Income Continuous Operations": NaN,
        "Tax Provision": NaN,
        "Pretax Income": NaN,
        "Other Income Expense": 17000.0,
        "Other Non Operating Income Expenses": 17000.0,
        "Special Income Charges": 0.0,
        "Restructuring And Mergern Acquisition": 0.0,
        "Net Non Operating Interest Income Expense": NaN,
        "Interest Expense Non Operating": NaN,
        "Interest Income Non Operating": NaN,
        "Operating Income": NaN,
        "Operating Expense": NaN,
        "Depreciation Amortization Depletion Income Statement": NaN,
        "Depreciation And Amortization In Income Statement": NaN,
        "Amortization": NaN,
        "Amortization Of Intangibles Income Statement": NaN,
        "Research And Development": NaN,
        "Selling General And Administration": NaN,
        "General And Administrative Expense": NaN,
        "Other Gand A": NaN,
        "Salaries And Wages": NaN,
        "Gross Profit": NaN,
        "Cost Of Revenue": NaN,
        "Total Revenue": NaN,
        "Operating Revenue": NaN
    },
    "2023-09-30": {
        "Tax Effect Of Unusual Items": NaN,
        "Tax Rate For Calcs": NaN,
        "Normalized EBITDA": NaN,
        "Total Unusual Items": NaN,
        "Total Unusual Items Excluding Goodwill": NaN,
        "Net Income From Continuing Operation Net Minority Interest": NaN,
        "Reconciled Depreciation": NaN,
        "Reconciled Cost Of Revenue": NaN,
        "EBITDA": NaN,
        "EBIT": NaN,
        "Net Interest Income": NaN,
        "Interest Expense": NaN,
        "Interest Income": NaN,
        "Normalized Income": NaN,
        "Net Income From Continuing And Discontinued Operation": NaN,
        "Total Expenses": NaN,
        "Total Operating Income As Reported": NaN,
        "Diluted Average Shares": NaN,
        "Basic Average Shares": NaN,
        "Diluted EPS": NaN,
        "Basic EPS": NaN,
        "Diluted NI Availto Com Stockholders": NaN,
        "Net Income Common Stockholders": NaN,
        "Net Income": NaN,
        "Minority Interests": NaN,
        "Net Income Including Noncontrolling Interests": NaN,
        "Net Income Continuous Operations": NaN,
        "Tax Provision": NaN,
        "Pretax Income": NaN,
        "Other Income Expense": NaN,
        "Other Non Operating Income Expenses": NaN,
        "Special Income Charges": NaN,
        "Restructuring And Mergern Acquisition": NaN,
        "Net Non Operating Interest Income Expense": NaN,
        "Interest Expense Non Operating": NaN,
        "Interest Income Non Operating": NaN,
        "Operating Income": NaN,
        "Operating Expense": NaN,
        "Other Operating Expenses": NaN,
        "Depreciation Amortization Depletion Income Statement": 0.0,
        "Depreciation And Amortization In Income Statement": 0.0,
        "Amortization": 0.0,
        "Amortization Of Intangibles Income Statement": 0.0,
        "Research And Development": NaN,
        "Selling General And Administration": NaN,
        "General And Administrative Expense": 5776000.0,
        "Other Gand A": 4997000.0,
        "Salaries And Wages": 779000.0,
        "Gross Profit": NaN,
        "Cost Of Revenue": NaN,
        "Total Revenue": NaN,
        "Operating Revenue": NaN
    },
    "2023-12-31": {
        "Tax Effect Of Unusual Items": NaN,
        "Tax Rate For Calcs": NaN,
        "Normalized EBITDA": NaN,
        "Total Unusual Items": NaN,
        "Total Unusual Items Excluding Goodwill": NaN,
        "Net Income From Continuing Operation Net Minority Interest": NaN,
        "Reconciled Depreciation": NaN,
        "Reconciled Cost Of Revenue": NaN,
        "EBITDA": NaN,
        "EBIT": NaN,
        "Net Interest Income": NaN,
        "Interest Expense": NaN,
        "Interest Income": NaN,
        "Normalized Income": NaN,
        "Net Income From Continuing And Discontinued Operation": NaN,
        "Total Expenses": NaN,
        "Total Operating Income As Reported": NaN,
        "Diluted Average Shares": NaN,
        "Basic Average Shares": NaN,
        "Diluted EPS": NaN,
        "Basic EPS": NaN,
        "Diluted NI Availto Com Stockholders": NaN,
        "Net Income Common Stockholders": NaN,
        "Net Income": NaN,
        "Minority Interests": NaN,
        "Net Income Including Noncontrolling Interests": NaN,
        "Net Income Continuous Operations": NaN,
        "Tax Provision": NaN,
        "Pretax Income": NaN,
        "Other Income Expense": NaN,
        "Other Non Operating Income Expenses": 0.0,
        "Special Income Charges": NaN,
        "Restructuring And Mergern Acquisition": NaN,
        "Net Non Operating Interest Income Expense": NaN,
        "Interest Expense Non Operating": NaN,
        "Interest Income Non Operating": NaN,
        "Operating Income": NaN,
        "Operating Expense": NaN,
        "Other Operating Expenses": NaN,
        "Research And Development": NaN,
        "Selling General And Administration": NaN,
        "General And Administrative Expense": NaN,
        "Other Gand A": NaN,
        "Salaries And Wages": NaN,
        "Gross Profit": NaN,
        "Cost Of Revenue": NaN,
        "Total Revenue": NaN,
        "Operating Revenue": NaN
    },
    "2024-03-31": {
        "Tax Effect Of Unusual Items": 0.0,
        "Tax Rate For Calcs": 0.21,
        "Normalized EBITDA": -3925000.0,
        "Total Unusual Items": 0.0,
        "Total Unusual Items Excluding Goodwill": 0.0,
        "Net Income From Continuing Operation Net Minority Interest": -5066000.0,
        "Reconciled Depreciation": 1109000.0,
        "Reconciled Cost Of Revenue": 7940000.0,
        "EBITDA": -3925000.0,
        "EBIT": -5034000.0,
        "Net Interest Income": 434000.0,
        "Interest Expense": 25000.0,
        "Interest Income": 459000.0,
        "Normalized Income": -5066000.0,
        "Net Income From Continuing And Discontinued Operation": -5066000.0,
        "Total Expenses": 21547000.0,
        "Total Operating Income As Reported": -5493000.0,
        "Diluted Average Shares": 57472000.0,
        "Basic Average Shares": 57472000.0,
        "Diluted EPS": -0.09,
        "Basic EPS": -0.09,
        "Diluted NI Availto Com Stockholders": -5066000.0,
        "Net Income Common Stockholders": -5066000.0,
        "Net Income": -5066000.0,
        "Minority Interests": 98000.0,
        "Net Income Including Noncontrolling Interests": -5164000.0,
        "Net Income Continuous Operations": -5164000.0,
        "Tax Provision": 105000.0,
        "Pretax Income": -5059000.0,
        "Other Income Expense": NaN,
        "Other Non Operating Income Expenses": NaN,
        "Special Income Charges": 0.0,
        "Restructuring And Mergern Acquisition": 0.0,
        "Net Non Operating Interest Income Expense": 434000.0,
        "Interest Expense Non Operating": 25000.0,
        "Interest Income Non Operating": 459000.0,
        "Operating Income": -5493000.0,
        "Operating Expense": 13607000.0,
        "Other Operating Expenses": NaN,
        "Research And Development": 8073000.0,
        "Selling General And Administration": 5534000.0,
        "General And Administrative Expense": NaN,
        "Other Gand A": NaN,
        "Salaries And Wages": NaN,
        "Gross Profit": 8114000.0,
        "Cost Of Revenue": 7940000.0,
        "Total Revenue": 16054000.0,
        "Operating Revenue": 16054000.0
    },
    "2024-06-30": {
        "Tax Effect Of Unusual Items": NaN,
        "Tax Rate For Calcs": NaN,
        "Normalized EBITDA": NaN,
        "Total Unusual Items": NaN,
        "Total Unusual Items Excluding Goodwill": NaN,
        "Net Income From Continuing Operation Net Minority Interest": NaN,
        "Reconciled Depreciation": NaN,
        "Reconciled Cost Of Revenue": NaN,
        "EBITDA": NaN,
        "EBIT": NaN,
        "Net Interest Income": NaN,
        "Interest Expense": NaN,
        "Interest Income": NaN,
        "Normalized Income": NaN,
        "Net Income From Continuing And Discontinued Operation": NaN,
        "Total Expenses": NaN,
        "Total Operating Income As Reported": NaN,
        "Diluted Average Shares": NaN,
        "Basic Average Shares": NaN,
        "Diluted EPS": NaN,
        "Basic EPS": NaN,
        "Diluted NI Availto Com Stockholders": NaN,
        "Net Income Common Stockholders": NaN,
        "Net Income": NaN,
        "Minority Interests": NaN,
        "Net Income Including Noncontrolling Interests": NaN,
        "Net Income Continuous Operations": NaN,
        "Tax Provision": NaN,
        "Pretax Income": NaN,
        "Other Income Expense": -1403000.0,
        "Special Income Charges": NaN,
        "Restructuring And Mergern Acquisition": NaN,
        "Net Non Operating Interest Income Expense": NaN,
        "Interest Expense Non Operating": NaN,
        "Interest Income Non Operating": NaN,
        "Operating Income": NaN,
        "Operating Expense": NaN,
        "Other Operating Expenses": NaN,
        "Research And Development": NaN,
        "Selling General And Administration": NaN,
        "General And Administrative Expense": NaN,
        "Other Gand A": NaN,
        "Salaries And Wages": NaN,
        "Gross Profit": NaN,
        "Cost Of Revenue": NaN,
        "Total Revenue": NaN,
        "Operating Revenue": NaN
    },
    "2024-09-30": {
        "Tax Effect Of Unusual Items": -18900.0,
        "Tax Rate For Calcs": 0.21,
        "Normalized EBITDA": -7319000.0,
        "Total Unusual Items": -90000.0,
        "Total Unusual Items Excluding Goodwill": -90000.0,
        "Net Income From Continuing Operation Net Minority Interest": -8141000.0,
        "Reconciled Depreciation": 920000.0,
        "Reconciled Cost Of Revenue": 4648000.0,
        "EBITDA": -7409000.0,
        "EBIT": -8329000.0,
        "Net Interest Income": 296000.0,
        "Interest Expense": 7000.0,
        "Interest Income": 303000.0,
        "Normalized Income": -8069900.0,
        "Net Income From Continuing And Discontinued Operation": -8141000.0,
        "Total Expenses": 18069000.0,
        "Total Operating Income As Reported": -8632000.0,
        "Diluted Average Shares": 4893000.0,
        "Basic Average Shares": 4893000.0,
        "Diluted EPS": -1.66,
        "Basic EPS": -1.66,
        "Diluted NI Availto Com Stockholders": -8141000.0,
        "Net Income Common Stockholders": -8141000.0,
        "Net Income": -8141000.0,
        "Minority Interests": 320000.0,
        "Net Income Including Noncontrolling Interests": -8461000.0,
        "Net Income Continuous Operations": -8461000.0,
        "Tax Provision": 125000.0,
        "Pretax Income": -8336000.0,
        "Other Income Expense": -90000.0,
        "Special Income Charges": -90000.0,
        "Restructuring And Mergern Acquisition": 90000.0,
        "Net Non Operating Interest Income Expense": 296000.0,
        "Interest Expense Non Operating": 7000.0,
        "Interest Income Non Operating": 303000.0,
        "Operating Income": -8542000.0,
        "Operating Expense": 13421000.0,
        "Other Operating Expenses": NaN,
        "Research And Development": 8405000.0,
        "Selling General And Administration": 5016000.0,
        "General And Administrative Expense": 5016000.0,
        "Other Gand A": 4314000.0,
        "Salaries And Wages": 702000.0,
        "Gross Profit": 4879000.0,
        "Cost Of Revenue": 4648000.0,
        "Total Revenue": 9527000.0,
        "Operating Revenue": 9527000.0
    },
    "2024-12-31": {
        "Tax Effect Of Unusual Items": -24150.0,
        "Tax Rate For Calcs": 0.21,
        "Normalized EBITDA": -4428000.0,
        "Total Unusual Items": -115000.0,
        "Total Unusual Items Excluding Goodwill": -115000.0,
        "Net Income From Continuing Operation Net Minority Interest": -5363000.0,
        "Reconciled Depreciation": 691000.0,
        "Reconciled Cost Of Revenue": 4124000.0,
        "EBITDA": -4543000.0,
        "EBIT": -5234000.0,
        "Net Interest Income": 141000.0,
        "Interest Expense": 15000.0,
        "Interest Income": 156000.0,
        "Normalized Income": -5272150.0,
        "Net Income From Continuing And Discontinued Operation": -5363000.0,
        "Total Expenses": 14365000.0,
        "Total Operating Income As Reported": -6490000.0,
        "Diluted Average Shares": 4935666.0,
        "Basic Average Shares": 4935666.0,
        "Diluted EPS": -1.08,
        "Basic EPS": -1.08,
        "Diluted NI Availto Com Stockholders": -5363000.0,
        "Net Income Common Stockholders": -5363000.0,
        "Net Income": -5363000.0,
        "Minority Interests": 102000.0,
        "Net Income Including Noncontrolling Interests": -5465000.0,
        "Net Income Continuous Operations": -5465000.0,
        "Tax Provision": 216000.0,
        "Pretax Income": -5249000.0,
        "Other Income Expense": -115000.0,
        "Special Income Charges": -115000.0,
        "Restructuring And Mergern Acquisition": 115000.0,
        "Net Non Operating Interest Income Expense": 141000.0,
        "Interest Expense Non Operating": 15000.0,
        "Interest Income Non Operating": 156000.0,
        "Operating Income": -5275000.0,
        "Operating Expense": 10241000.0,
        "Other Operating Expenses": NaN,
        "Research And Development": 6916000.0,
        "Selling General And Administration": 4425000.0,
        "General And Administrative Expense": NaN,
        "Other Gand A": NaN,
        "Salaries And Wages": NaN,
        "Gross Profit": 4966000.0,
        "Cost Of Revenue": 4124000.0,
        "Total Revenue": 9090000.0,
        "Operating Revenue": 9090000.0
    },
    "2025-03-31": {
        "Tax Effect Of Unusual Items": -82530.0,
        "Tax Rate For Calcs": 0.21,
        "Normalized EBITDA": -6753000.0,
        "Total Unusual Items": -393000.0,
        "Total Unusual Items Excluding Goodwill": -393000.0,
        "Net Income From Continuing Operation Net Minority Interest": -7761000.0,
        "Reconciled Depreciation": 828000.0,
        "Reconciled Cost Of Revenue": 3642000.0,
        "EBITDA": -7146000.0,
        "EBIT": -7974000.0,
        "Net Interest Income": 97000.0,
        "Interest Expense": 12000.0,
        "Interest Income": 109000.0,
        "Normalized Income": -7450530.0,
        "Net Income From Continuing And Discontinued Operation": -7761000.0,
        "Total Expenses": 14784000.0,
        "Total Operating Income As Reported": -8096000.0,
        "Diluted Average Shares": 5048916.0,
        "Basic Average Shares": 5048916.0,
        "Diluted EPS": -1.56,
        "Basic EPS": -1.56,
        "Diluted NI Availto Com Stockholders": -7761000.0,
        "Net Income Common Stockholders": -7761000.0,
        "Net Income": -7761000.0,
        "Minority Interests": 259000.0,
        "Net Income Including Noncontrolling Interests": -8020000.0,
        "Net Income Continuous Operations": -8020000.0,
        "Tax Provision": 34000.0,
        "Pretax Income": -7986000.0,
        "Other Income Expense": -393000.0,
        "Special Income Charges": -393000.0,
        "Restructuring And Mergern Acquisition": 393000.0,
        "Net Non Operating Interest Income Expense": 97000.0,
        "Interest Expense Non Operating": 12000.0,
        "Interest Income Non Operating": 109000.0,
        "Operating Income": -7690000.0,
        "Operating Expense": 11142000.0,
        "Other Operating Expenses": -13000.0,
        "Research And Development": 6523000.0,
        "Selling General And Administration": 4632000.0,
        "General And Administrative Expense": NaN,
        "Other Gand A": NaN,
        "Salaries And Wages": NaN,
        "Gross Profit": 3452000.0,
        "Cost Of Revenue": 3642000.0,
        "Total Revenue": 7094000.0,
        "Operating Revenue": 7094000.0
    },
    "2025-06-30": {
        "Tax Effect Of Unusual Items": -134400.0,
        "Tax Rate For Calcs": 0.21,
        "Normalized EBITDA": -5211000.0,
        "Total Unusual Items": -640000.0,
        "Total Unusual Items Excluding Goodwill": -640000.0,
        "Net Income From Continuing Operation Net Minority Interest": -6707000.0,
        "Reconciled Depreciation": 573000.0,
        "Reconciled Cost Of Revenue": 4471000.0,
        "EBITDA": -5851000.0,
        "EBIT": -6424000.0,
        "Net Interest Income": 66000.0,
        "Interest Expense": 10000.0,
        "Interest Income": 76000.0,
        "Normalized Income": -6201400.0,
        "Net Income From Continuing And Discontinued Operation": -6707000.0,
        "Total Expenses": 14110000.0,
        "Total Operating Income As Reported": -7301000.0,
        "Diluted Average Shares": 5282000.0,
        "Basic Average Shares": 5282000.0,
        "Diluted EPS": -1.27,
        "Basic EPS": -1.27,
        "Diluted NI Availto Com Stockholders": -6707000.0,
        "Net Income Common Stockholders": -6707000.0,
        "Net Income": -6707000.0,
        "Minority Interests": 218000.0,
        "Net Income Including Noncontrolling Interests": -6925000.0,
        "Net Income Continuous Operations": -6925000.0,
        "Tax Provision": 491000.0,
        "Pretax Income": -6434000.0,
        "Other Income Expense": -640000.0,
        "Special Income Charges": -640000.0,
        "Restructuring And Mergern Acquisition": 640000.0,
        "Net Non Operating Interest Income Expense": 66000.0,
        "Interest Expense Non Operating": 10000.0,
        "Interest Income Non Operating": 76000.0,
        "Operating Income": -5860000.0,
        "Operating Expense": 9639000.0,
        "Other Operating Expenses": -801000.0,
        "Research And Development": 5998000.0,
        "Selling General And Administration": 4442000.0,
        "General And Administrative Expense": NaN,
        "Other Gand A": NaN,
        "Salaries And Wages": NaN,
        "Gross Profit": 3779000.0,
        "Cost Of Revenue": 4471000.0,
        "Total Revenue": 8250000.0,
        "Operating Revenue": 8250000.0
    },
    "2025-09-30": {
        "Tax Effect Of Unusual Items": 0.0,
        "Tax Rate For Calcs": 0.100118,
        "Normalized EBITDA": -4433000.0,
        "Total Unusual Items": 0.0,
        "Total Unusual Items Excluding Goodwill": 0.0,
        "Net Income From Continuing Operation Net Minority Interest": -4432000.0,
        "Reconciled Depreciation": 646000.0,
        "Reconciled Cost Of Revenue": 4400000.0,
        "EBITDA": -4433000.0,
        "EBIT": -5079000.0,
        "Net Interest Income": 51000.0,
        "Interest Expense": 25000.0,
        "Interest Income": 76000.0,
        "Normalized Income": -4432000.0,
        "Net Income From Continuing And Discontinued Operation": -4432000.0,
        "Total Expenses": 13926000.0,
        "Total Operating Income As Reported": -5622000.0,
        "Diluted Average Shares": 5440000.0,
        "Basic Average Shares": 5440000.0,
        "Diluted EPS": -0.81,
        "Basic EPS": -0.81,
        "Diluted NI Availto Com Stockholders": -4432000.0,
        "Net Income Common Stockholders": -4432000.0,
        "Net Income": -4432000.0,
        "Minority Interests": 161000.0,
        "Net Income Including Noncontrolling Interests": -4593000.0,
        "Net Income Continuous Operations": -4593000.0,
        "Tax Provision": -511000.0,
        "Pretax Income": -5104000.0,
        "Other Income Expense": NaN,
        "Special Income Charges": 0.0,
        "Restructuring And Mergern Acquisition": 0.0,
        "Net Non Operating Interest Income Expense": 51000.0,
        "Interest Expense Non Operating": 25000.0,
        "Interest Income Non Operating": 76000.0,
        "Operating Income": -5155000.0,
        "Operating Expense": 9526000.0,
        "Other Operating Expenses": -467000.0,
        "Research And Development": 5720000.0,
        "Selling General And Administration": 4273000.0,
        "General And Administrative Expense": NaN,
        "Other Gand A": NaN,
        "Salaries And Wages": NaN,
        "Gross Profit": 4371000.0,
        "Cost Of Revenue": 4400000.0,
        "Total Revenue": 8771000.0,
        "Operating Revenue": 8771000.0
    }
}