{
    "2023-06-30": {
        "Tax Effect Of Unusual Items": NaN,
        "Tax Rate For Calcs": NaN,
        "Total Unusual Items": NaN,
        "Total Unusual Items Excluding Goodwill": NaN,
        "Net Income From Continuing Operation Net Minority Interest": NaN,
        "Reconciled Depreciation": NaN,
        "Net Interest Income": NaN,
        "Interest Expense": NaN,
        "Interest Income": NaN,
        "Normalized Income": NaN,
        "Net Income From Continuing And Discontinued Operation": NaN,
        "Diluted Average Shares": NaN,
        "Basic Average Shares": NaN,
        "Diluted EPS": NaN,
        "Basic EPS": NaN,
        "Diluted NI Availto Com Stockholders": NaN,
        "Net Income Common Stockholders": NaN,
        "Net Income": NaN,
        "Net Income Including Noncontrolling Interests": NaN,
        "Net Income Continuous Operations": NaN,
        "Tax Provision": NaN,
        "Pretax Income": NaN,
        "Special Income Charges": NaN,
        "Impairment Of Capital Assets": NaN,
        "Restructuring And Mergern Acquisition": NaN,
        "Gain On Sale Of Security": NaN,
        "Depreciation Amortization Depletion Income Statement": NaN,
        "Depreciation And Amortization In Income Statement": NaN,
        "Amortization": NaN,
        "Amortization Of Intangibles Income Statement": NaN,
        "Selling General And Administration": NaN,
        "Selling And Marketing Expense": NaN,
        "General And Administrative Expense": NaN,
        "Other Gand A": 281000.0,
        "Insurance And Claims": NaN,
        "Salaries And Wages": NaN,
        "Total Revenue": NaN,
        "Operating Revenue": NaN,
        "Occupancy And Equipment": NaN,
        "Professional Expense And Contract Services Expense": NaN,
        "Other Non Interest Expense": NaN
    },
    "2023-03-31": {
        "Tax Effect Of Unusual Items": NaN,
        "Tax Rate For Calcs": NaN,
        "Total Unusual Items": -207000.0,
        "Total Unusual Items Excluding Goodwill": -207000.0,
        "Net Income From Continuing Operation Net Minority Interest": NaN,
        "Reconciled Depreciation": NaN,
        "Net Interest Income": NaN,
        "Interest Expense": NaN,
        "Interest Income": NaN,
        "Normalized Income": NaN,
        "Net Income From Continuing And Discontinued Operation": NaN,
        "Diluted Average Shares": NaN,
        "Basic Average Shares": NaN,
        "Diluted EPS": NaN,
        "Basic EPS": NaN,
        "Diluted NI Availto Com Stockholders": NaN,
        "Net Income Common Stockholders": NaN,
        "Net Income": NaN,
        "Net Income Including Noncontrolling Interests": NaN,
        "Net Income Continuous Operations": NaN,
        "Tax Provision": NaN,
        "Pretax Income": NaN,
        "Special Income Charges": -207000.0,
        "Restructuring And Mergern Acquisition": 207000.0,
        "Gain On Sale Of Security": NaN,
        "Depreciation Amortization Depletion Income Statement": NaN,
        "Depreciation And Amortization In Income Statement": NaN,
        "Amortization": NaN,
        "Amortization Of Intangibles Income Statement": NaN,
        "Selling General And Administration": NaN,
        "Selling And Marketing Expense": NaN,
        "General And Administrative Expense": NaN,
        "Other Gand A": NaN,
        "Insurance And Claims": NaN,
        "Salaries And Wages": NaN,
        "Total Revenue": NaN,
        "Operating Revenue": NaN,
        "Occupancy And Equipment": NaN,
        "Professional Expense And Contract Services Expense": NaN,
        "Other Non Interest Expense": NaN
    },
    "2022-12-31": {
        "Tax Effect Of Unusual Items": NaN,
        "Tax Rate For Calcs": NaN,
        "Total Unusual Items": NaN,
        "Total Unusual Items Excluding Goodwill": NaN,
        "Net Income From Continuing Operation Net Minority Interest": NaN,
        "Reconciled Depreciation": NaN,
        "Net Interest Income": NaN,
        "Interest Expense": NaN,
        "Interest Income": NaN,
        "Normalized Income": NaN,
        "Net Income From Continuing And Discontinued Operation": NaN,
        "Diluted Average Shares": NaN,
        "Basic Average Shares": NaN,
        "Diluted EPS": NaN,
        "Basic EPS": NaN,
        "Diluted NI Availto Com Stockholders": NaN,
        "Net Income Common Stockholders": NaN,
        "Net Income": NaN,
        "Net Income Including Noncontrolling Interests": NaN,
        "Net Income Continuous Operations": NaN,
        "Tax Provision": NaN,
        "Pretax Income": NaN,
        "Special Income Charges": NaN,
        "Gain On Sale Of Business": 0.0,
        "Restructuring And Mergern Acquisition": NaN,
        "Gain On Sale Of Security": NaN,
        "Depreciation Amortization Depletion Income Statement": NaN,
        "Depreciation And Amortization In Income Statement": NaN,
        "Amortization": NaN,
        "Amortization Of Intangibles Income Statement": NaN,
        "Selling General And Administration": NaN,
        "Selling And Marketing Expense": NaN,
        "General And Administrative Expense": NaN,
        "Other Gand A": NaN,
        "Insurance And Claims": NaN,
        "Salaries And Wages": NaN,
        "Total Revenue": NaN,
        "Operating Revenue": NaN,
        "Occupancy And Equipment": NaN,
        "Professional Expense And Contract Services Expense": NaN,
        "Other Non Interest Expense": NaN
    },
    "2022-09-30": {
        "Tax Effect Of Unusual Items": NaN,
        "Tax Rate For Calcs": NaN,
        "Total Unusual Items": NaN,
        "Total Unusual Items Excluding Goodwill": NaN,
        "Net Income From Continuing Operation Net Minority Interest": NaN,
        "Reconciled Depreciation": NaN,
        "Net Interest Income": NaN,
        "Interest Expense": NaN,
        "Interest Income": NaN,
        "Normalized Income": NaN,
        "Net Income From Continuing And Discontinued Operation": NaN,
        "Diluted Average Shares": NaN,
        "Basic Average Shares": NaN,
        "Diluted EPS": NaN,
        "Basic EPS": NaN,
        "Diluted NI Availto Com Stockholders": NaN,
        "Net Income Common Stockholders": NaN,
        "Net Income": NaN,
        "Net Income Including Noncontrolling Interests": NaN,
        "Net Income Continuous Operations": NaN,
        "Tax Provision": NaN,
        "Pretax Income": NaN,
        "Special Income Charges": NaN,
        "Gain On Sale Of Business": NaN,
        "Restructuring And Mergern Acquisition": NaN,
        "Gain On Sale Of Security": NaN,
        "Depreciation Amortization Depletion Income Statement": NaN,
        "Depreciation And Amortization In Income Statement": NaN,
        "Amortization": NaN,
        "Amortization Of Intangibles Income Statement": NaN,
        "Selling General And Administration": NaN,
        "Selling And Marketing Expense": NaN,
        "General And Administrative Expense": NaN,
        "Other Gand A": 928000.0,
        "Insurance And Claims": NaN,
        "Salaries And Wages": NaN,
        "Total Revenue": NaN,
        "Operating Revenue": NaN
    },
    "2022-06-30": {
        "Tax Effect Of Unusual Items": -603794.8,
        "Tax Rate For Calcs": 0.0892,
        "Total Unusual Items": -6769000.0,
        "Total Unusual Items Excluding Goodwill": -6769000.0,
        "Net Income From Continuing Operation Net Minority Interest": 15242000.0,
        "Reconciled Depreciation": 787000.0,
        "Net Interest Income": 59400000.0,
        "Interest Expense": 8805000.0,
        "Interest Income": 68205000.0,
        "Normalized Income": 21407205.2,
        "Net Income From Continuing And Discontinued Operation": 15242000.0,
        "Diluted Average Shares": 17549107.0,
        "Basic Average Shares": 17345324.0,
        "Diluted EPS": 0.87,
        "Basic EPS": 0.88,
        "Diluted NI Availto Com Stockholders": 15242000.0,
        "Net Income Common Stockholders": 15242000.0,
        "Net Income": 15242000.0,
        "Net Income Including Noncontrolling Interests": 15242000.0,
        "Net Income Continuous Operations": 15242000.0,
        "Tax Provision": 1492000.0,
        "Pretax Income": 16734000.0,
        "Special Income Charges": -6769000.0,
        "Gain On Sale Of Business": 0.0,
        "Restructuring And Mergern Acquisition": 6769000.0,
        "Gain On Sale Of Security": 0.0,
        "Depreciation Amortization Depletion Income Statement": 787000.0,
        "Depreciation And Amortization In Income Statement": 787000.0,
        "Amortization": 787000.0,
        "Amortization Of Intangibles Income Statement": 787000.0,
        "Selling General And Administration": 32564000.0,
        "Selling And Marketing Expense": 1198000.0,
        "General And Administrative Expense": 31366000.0,
        "Other Gand A": NaN,
        "Insurance And Claims": 1394000.0,
        "Salaries And Wages": 29972000.0,
        "Total Revenue": 80598000.0,
        "Operating Revenue": 80598000.0
    },
    "2022-03-31": {
        "Diluted EPS": 1.49,
        "Total Revenue": 67,
        "Gross Profit": 61,
        "Operating Income": 28,
        "EBIT": NaN,
        "Net Income": 24
    },
    "2021-12-31": {
        "Diluted EPS": 1.7,
        "Total Revenue": 75,
        "Gross Profit": 69,
        "Operating Income": 32,
        "EBIT": NaN,
        "Net Income": 27
    },
    "2021-09-30": {
        "Diluted EPS": 1.99,
        "Total Revenue": 86,
        "Gross Profit": 81,
        "Operating Income": 39,
        "EBIT": NaN,
        "Net Income": 32
    },
    "2021-06-30": {
        "Diluted EPS": 1.39,
        "Total Revenue": 68,
        "Gross Profit": 63,
        "Operating Income": 27,
        "EBIT": NaN,
        "Net Income": 22
    },
    "2021-03-31": {
        "Diluted EPS": 1.12,
        "Total Revenue": 71,
        "Gross Profit": 65,
        "Operating Income": 22,
        "EBIT": NaN,
        "Net Income": 18
    },
    "2020-12-31": {
        "Diluted EPS": 1.15,
        "Total Revenue": 82,
        "Gross Profit": 76,
        "Operating Income": 22,
        "EBIT": NaN,
        "Net Income": 18
    },
    "2020-09-30": {
        "Diluted EPS": 1.09,
        "Total Revenue": 89,
        "Gross Profit": 83,
        "Operating Income": 21,
        "EBIT": NaN,
        "Net Income": 17
    },
    "2020-06-30": {
        "Diluted EPS": 0.86,
        "Total Revenue": 77,
        "Gross Profit": 70,
        "Operating Income": 17,
        "EBIT": NaN,
        "Net Income": 14
    },
    "2020-03-31": {
        "Diluted EPS": 0.7,
        "Total Revenue": 64,
        "Gross Profit": 53,
        "Operating Income": 13,
        "EBIT": NaN,
        "Net Income": 11
    },
    "2019-12-31": {
        "Diluted EPS": 1.0,
        "Total Revenue": 83,
        "Gross Profit": 70,
        "Operating Income": 23,
        "EBIT": NaN,
        "Net Income": 16
    },
    "2019-09-30": {
        "Diluted EPS": 0.94,
        "Total Revenue": 77,
        "Gross Profit": 61,
        "Operating Income": 19,
        "EBIT": NaN,
        "Net Income": 15
    },
    "2019-06-30": {
        "Diluted EPS": 0.85,
        "Total Revenue": 71,
        "Gross Profit": 55,
        "Operating Income": 17,
        "EBIT": NaN,
        "Net Income": 14
    },
    "2019-03-31": {
        "Diluted EPS": 0.81,
        "Total Revenue": 64,
        "Gross Profit": 49,
        "Operating Income": 14,
        "EBIT": NaN,
        "Net Income": 13
    },
    "2018-12-31": {
        "Diluted EPS": 0.84,
        "Total Revenue": 68,
        "Gross Profit": 55,
        "Operating Income": 17,
        "EBIT": NaN,
        "Net Income": 13
    },
    "2018-09-30": {
        "Diluted EPS": 0.55,
        "Total Revenue": 59,
        "Gross Profit": 47,
        "Operating Income": 12,
        "EBIT": NaN,
        "Net Income": 9
    },
    "2018-06-30": {
        "Diluted EPS": 0.73,
        "Total Revenue": 50,
        "Gross Profit": 41,
        "Operating Income": 13,
        "EBIT": NaN,
        "Net Income": 10
    },
    "2018-03-31": {
        "Diluted EPS": 0.74,
        "Total Revenue": 48,
        "Gross Profit": 41,
        "Operating Income": 13,
        "EBIT": NaN,
        "Net Income": 11
    },
    "2017-12-31": {
        "Diluted EPS": 0.7,
        "Total Revenue": 48,
        "Gross Profit": 42,
        "Operating Income": 9,
        "EBIT": NaN,
        "Net Income": 10
    },
    "2017-09-30": {
        "Diluted EPS": 0.58,
        "Total Revenue": 41,
        "Gross Profit": 35,
        "Operating Income": 10,
        "EBIT": NaN,
        "Net Income": 8
    },
    "2017-06-30": {
        "Diluted EPS": 0.65,
        "Total Revenue": 39,
        "Gross Profit": 35,
        "Operating Income": 11,
        "EBIT": NaN,
        "Net Income": 9
    },
    "2017-03-31": {
        "Diluted EPS": 0.68,
        "Total Revenue": 39,
        "Gross Profit": 35,
        "Operating Income": 12,
        "EBIT": NaN,
        "Net Income": 9
    },
    "2016-12-31": {
        "Diluted EPS": 0.65,
        "Total Revenue": 39,
        "Gross Profit": 36,
        "Operating Income": 12,
        "EBIT": NaN,
        "Net Income": 9
    },
    "2016-09-30": {
        "Diluted EPS": 0.46,
        "Total Revenue": 37,
        "Gross Profit": 34,
        "Operating Income": 9,
        "EBIT": NaN,
        "Net Income": 6
    },
    "2016-06-30": {
        "Diluted EPS": 0.53,
        "Total Revenue": 31,
        "Gross Profit": 28,
        "Operating Income": 9,
        "EBIT": NaN,
        "Net Income": 7
    },
    "2016-03-31": {
        "Diluted EPS": 0.53,
        "Total Revenue": 30,
        "Gross Profit": 27,
        "Operating Income": 8,
        "EBIT": NaN,
        "Net Income": 6
    },
    "2015-12-31": {
        "Diluted EPS": 0.59,
        "Total Revenue": 29,
        "Gross Profit": 26,
        "Operating Income": 9,
        "EBIT": NaN,
        "Net Income": 7
    },
    "2015-09-30": {
        "Diluted EPS": 0.55,
        "Total Revenue": 30,
        "Gross Profit": 27,
        "Operating Income": 9,
        "EBIT": NaN,
        "Net Income": 6
    },
    "2015-06-30": {
        "Diluted EPS": -0.05,
        "Total Revenue": 28,
        "Gross Profit": 24,
        "Operating Income": -3,
        "EBIT": NaN,
        "Net Income": -1
    },
    "2015-03-31": {
        "Diluted EPS": 0.52,
        "Total Revenue": 28,
        "Gross Profit": 24,
        "Operating Income": 5,
        "EBIT": NaN,
        "Net Income": 4
    },
    "2014-12-31": {
        "Diluted EPS": 0.37,
        "Total Revenue": 28,
        "Gross Profit": 24,
        "Operating Income": 4,
        "EBIT": NaN,
        "Net Income": 3
    },
    "2014-09-30": {
        "Diluted EPS": 0.5,
        "Total Revenue": 27,
        "Gross Profit": 23,
        "Operating Income": 5,
        "EBIT": NaN,
        "Net Income": 4
    },
    "2014-06-30": {
        "Diluted EPS": 0.45,
        "Total Revenue": 26,
        "Gross Profit": 22,
        "Operating Income": 5,
        "EBIT": NaN,
        "Net Income": 4
    },
    "2014-03-31": {
        "Diluted EPS": 0.4,
        "Total Revenue": 26,
        "Gross Profit": 22,
        "Operating Income": 4,
        "EBIT": NaN,
        "Net Income": 3
    },
    "2013-12-31": {
        "Diluted EPS": 0.49,
        "Total Revenue": 30,
        "Gross Profit": 26,
        "Operating Income": 7,
        "EBIT": NaN,
        "Net Income": 3
    },
    "2013-09-30": {
        "Diluted EPS": 0.51,
        "Total Revenue": 28,
        "Gross Profit": 23,
        "Operating Income": 5,
        "EBIT": NaN,
        "Net Income": 3
    },
    "2013-06-30": {
        "Diluted EPS": 0.59,
        "Total Revenue": 27,
        "Gross Profit": 23,
        "Operating Income": 6,
        "EBIT": NaN,
        "Net Income": 3
    },
    "2013-03-31": {
        "Diluted EPS": 0.49,
        "Total Revenue": 24,
        "Gross Profit": 19,
        "Operating Income": 5,
        "EBIT": NaN,
        "Net Income": 2
    },
    "2012-12-31": {
        "Diluted EPS": 0.49,
        "Total Revenue": 23,
        "Gross Profit": 19,
        "Operating Income": 4,
        "EBIT": NaN,
        "Net Income": 2
    },
    "2012-09-30": {
        "Diluted EPS": 0.44,
        "Total Revenue": 24,
        "Gross Profit": 19,
        "Operating Income": 4,
        "EBIT": NaN,
        "Net Income": 2
    },
    "2012-06-30": {
        "Diluted EPS": 0.44,
        "Total Revenue": 24,
        "Gross Profit": 19,
        "Operating Income": 4,
        "EBIT": NaN,
        "Net Income": 2
    },
    "2012-03-31": {
        "Diluted EPS": 0.48,
        "Total Revenue": 23,
        "Gross Profit": 18,
        "Operating Income": 5,
        "EBIT": NaN,
        "Net Income": 2
    },
    "2011-12-31": {
        "Diluted EPS": 0.36,
        "Total Revenue": 24,
        "Gross Profit": 18,
        "Operating Income": 4,
        "EBIT": NaN,
        "Net Income": 2
    },
    "2011-09-30": {
        "Diluted EPS": -0.01,
        "Total Revenue": 24,
        "Gross Profit": 18,
        "Operating Income": 3,
        "EBIT": NaN,
        "Net Income": 0
    },
    "2011-06-30": {
        "Diluted EPS": 0.34,
        "Total Revenue": 24,
        "Gross Profit": 18,
        "Operating Income": 4,
        "EBIT": NaN,
        "Net Income": 2
    },
    "2011-03-31": {
        "Diluted EPS": 0.23,
        "Total Revenue": 24,
        "Gross Profit": 17,
        "Operating Income": 3,
        "EBIT": NaN,
        "Net Income": 1
    },
    "2010-12-31": {
        "Diluted EPS": 0.11,
        "Total Revenue": 24,
        "Gross Profit": 17,
        "Operating Income": 2,
        "EBIT": NaN,
        "Net Income": 1
    },
    "2010-09-30": {
        "Diluted EPS": 0.21,
        "Total Revenue": 24,
        "Gross Profit": 17,
        "Operating Income": 3,
        "EBIT": NaN,
        "Net Income": 1
    },
    "2010-06-30": {
        "Diluted EPS": 0.15,
        "Total Revenue": 24,
        "Gross Profit": 16,
        "Operating Income": 2,
        "EBIT": NaN,
        "Net Income": 1
    },
    "2010-03-31": {
        "Diluted EPS": 0.06,
        "Total Revenue": 23,
        "Gross Profit": 16,
        "Operating Income": 2,
        "EBIT": NaN,
        "Net Income": 0
    },
    "2009-12-31": {
        "Diluted EPS": -0.02,
        "Total Revenue": 25,
        "Gross Profit": 17,
        "Operating Income": 2,
        "EBIT": NaN,
        "Net Income": 0
    },
    "2009-09-30": {
        "Diluted EPS": 0.12,
        "Total Revenue": 27,
        "Gross Profit": 18,
        "Operating Income": 2,
        "EBIT": NaN,
        "Net Income": 1
    },
    "2009-06-30": {
        "Diluted EPS": -0.42,
        "Total Revenue": 25,
        "Gross Profit": 16,
        "Operating Income": -1,
        "EBIT": NaN,
        "Net Income": -2
    },
    "2009-03-31": {
        "Diluted EPS": -0.14,
        "Total Revenue": 24,
        "Gross Profit": 15,
        "Operating Income": 0,
        "EBIT": NaN,
        "Net Income": -1
    },
    "2023-09-30": {
        "Tax Effect Of Unusual Items": NaN,
        "Tax Rate For Calcs": NaN,
        "Total Unusual Items": 0.0,
        "Total Unusual Items Excluding Goodwill": 0.0,
        "Net Income From Continuing Operation Net Minority Interest": NaN,
        "Reconciled Depreciation": NaN,
        "Net Interest Income": NaN,
        "Interest Expense": NaN,
        "Interest Income": NaN,
        "Normalized Income": NaN,
        "Net Income From Continuing And Discontinued Operation": NaN,
        "Diluted Average Shares": NaN,
        "Basic Average Shares": NaN,
        "Diluted EPS": NaN,
        "Basic EPS": NaN,
        "Diluted NI Availto Com Stockholders": NaN,
        "Net Income Common Stockholders": NaN,
        "Net Income": NaN,
        "Net Income Including Noncontrolling Interests": NaN,
        "Net Income Continuous Operations": NaN,
        "Tax Provision": NaN,
        "Pretax Income": NaN,
        "Special Income Charges": 0.0,
        "Impairment Of Capital Assets": 0.0,
        "Restructuring And Mergern Acquisition": 0.0,
        "Gain On Sale Of Security": NaN,
        "Depreciation Amortization Depletion Income Statement": NaN,
        "Depreciation And Amortization In Income Statement": NaN,
        "Amortization": NaN,
        "Amortization Of Intangibles Income Statement": NaN,
        "Selling General And Administration": NaN,
        "Selling And Marketing Expense": NaN,
        "General And Administrative Expense": NaN,
        "Other Gand A": NaN,
        "Insurance And Claims": NaN,
        "Salaries And Wages": NaN,
        "Total Revenue": NaN,
        "Operating Revenue": NaN,
        "Occupancy And Equipment": NaN,
        "Professional Expense And Contract Services Expense": NaN,
        "Other Non Interest Expense": NaN
    },
    "2023-12-31": {
        "Tax Effect Of Unusual Items": 0.0,
        "Tax Rate For Calcs": 0.11983,
        "Total Unusual Items": 0.0,
        "Total Unusual Items Excluding Goodwill": 0.0,
        "Net Income From Continuing Operation Net Minority Interest": 32855000.0,
        "Reconciled Depreciation": 3309000.0,
        "Net Interest Income": 55736000.0,
        "Interest Expense": 56512000.0,
        "Interest Income": 112248000.0,
        "Normalized Income": 32855000.0,
        "Net Income From Continuing And Discontinued Operation": 32855000.0,
        "Diluted Average Shares": 16875952.0,
        "Basic Average Shares": 16734080.0,
        "Diluted EPS": 1.95,
        "Basic EPS": 1.96,
        "Diluted NI Availto Com Stockholders": 32855000.0,
        "Net Income Common Stockholders": 32855000.0,
        "Net Income": 32855000.0,
        "Net Income Including Noncontrolling Interests": 32855000.0,
        "Net Income Continuous Operations": 32855000.0,
        "Tax Provision": 4473000.0,
        "Pretax Income": 37328000.0,
        "Special Income Charges": 0.0,
        "Impairment Of Capital Assets": NaN,
        "Restructuring And Mergern Acquisition": 0.0,
        "Gain On Sale Of Security": 407000.0,
        "Depreciation Amortization Depletion Income Statement": 716000.0,
        "Depreciation And Amortization In Income Statement": 716000.0,
        "Amortization": 716000.0,
        "Amortization Of Intangibles Income Statement": 716000.0,
        "Selling General And Administration": 44815000.0,
        "Selling And Marketing Expense": 1641000.0,
        "General And Administrative Expense": 43174000.0,
        "Other Gand A": NaN,
        "Insurance And Claims": 2115000.0,
        "Salaries And Wages": 41059000.0,
        "Total Revenue": 101310000.0,
        "Operating Revenue": 101310000.0,
        "Occupancy And Equipment": 6789000.0,
        "Professional Expense And Contract Services Expense": 4223000.0,
        "Other Non Interest Expense": 1251000.0
    },
    "2024-03-31": {
        "Tax Effect Of Unusual Items": 0.0,
        "Tax Rate For Calcs": 0.042,
        "Total Unusual Items": 0.0,
        "Total Unusual Items Excluding Goodwill": 0.0,
        "Net Income From Continuing Operation Net Minority Interest": 26726000.0,
        "Reconciled Depreciation": 2930000.0,
        "Net Interest Income": 54699000.0,
        "Interest Expense": 60350000.0,
        "Interest Income": 115049000.0,
        "Normalized Income": 26726000.0,
        "Net Income From Continuing And Discontinued Operation": 26726000.0,
        "Diluted Average Shares": 16910675.0,
        "Basic Average Shares": 16783348.0,
        "Diluted EPS": 1.58,
        "Basic EPS": 1.59,
        "Diluted NI Availto Com Stockholders": 26726000.0,
        "Net Income Common Stockholders": 26726000.0,
        "Net Income": 26726000.0,
        "Net Income Including Noncontrolling Interests": 26726000.0,
        "Net Income Continuous Operations": 26726000.0,
        "Tax Provision": 1172000.0,
        "Pretax Income": 27898000.0,
        "Special Income Charges": 0.0,
        "Impairment Of Capital Assets": NaN,
        "Restructuring And Mergern Acquisition": 0.0,
        "Gain On Sale Of Security": 282000.0,
        "Depreciation Amortization Depletion Income Statement": 690000.0,
        "Depreciation And Amortization In Income Statement": 690000.0,
        "Amortization": 690000.0,
        "Amortization Of Intangibles Income Statement": 690000.0,
        "Selling General And Administration": 35288000.0,
        "Selling And Marketing Expense": 1483000.0,
        "General And Administrative Expense": 33805000.0,
        "Other Gand A": NaN,
        "Insurance And Claims": 1945000.0,
        "Salaries And Wages": 31860000.0,
        "Total Revenue": 79680000.0,
        "Operating Revenue": 79680000.0,
        "Occupancy And Equipment": 6514000.0,
        "Professional Expense And Contract Services Expense": 4613000.0,
        "Other Non Interest Expense": 1263000.0
    },
    "2024-06-30": {
        "Tax Effect Of Unusual Items": 0.0,
        "Tax Rate For Calcs": 0.081,
        "Total Unusual Items": NaN,
        "Total Unusual Items Excluding Goodwill": NaN,
        "Net Income From Continuing Operation Net Minority Interest": 29114000.0,
        "Reconciled Depreciation": 2972000.0,
        "Net Interest Income": 56163000.0,
        "Interest Expense": 63583000.0,
        "Interest Income": 119746000.0,
        "Normalized Income": 29114000.0,
        "Net Income From Continuing And Discontinued Operation": 29114000.0,
        "Diluted Average Shares": 16921854.0,
        "Basic Average Shares": 16814814.0,
        "Diluted EPS": 1.72,
        "Basic EPS": 1.73,
        "Diluted NI Availto Com Stockholders": 29114000.0,
        "Net Income Common Stockholders": 29114000.0,
        "Net Income": 29114000.0,
        "Net Income Including Noncontrolling Interests": 29114000.0,
        "Net Income Continuous Operations": 29114000.0,
        "Tax Provision": 2554000.0,
        "Pretax Income": 31668000.0,
        "Special Income Charges": NaN,
        "Impairment Of Capital Assets": NaN,
        "Restructuring And Mergern Acquisition": NaN,
        "Gain On Sale Of Security": 51000.0,
        "Depreciation Amortization Depletion Income Statement": 690000.0,
        "Depreciation And Amortization In Income Statement": 690000.0,
        "Amortization": 690000.0,
        "Amortization Of Intangibles Income Statement": 690000.0,
        "Selling General And Administration": 34498000.0,
        "Selling And Marketing Expense": 1565000.0,
        "General And Administrative Expense": 32933000.0,
        "Other Gand A": NaN,
        "Insurance And Claims": 1854000.0,
        "Salaries And Wages": 31079000.0,
        "Total Revenue": 84831000.0,
        "Operating Revenue": 84831000.0,
        "Occupancy And Equipment": 6377000.0,
        "Professional Expense And Contract Services Expense": 4823000.0,
        "Other Non Interest Expense": 1279000.0
    },
    "2024-09-30": {
        "Tax Effect Of Unusual Items": -164634.0,
        "Tax Rate For Calcs": 0.069,
        "Total Unusual Items": -2386000.0,
        "Total Unusual Items Excluding Goodwill": -2386000.0,
        "Net Income From Continuing Operation Net Minority Interest": 27785000.0,
        "Reconciled Depreciation": 2368000.0,
        "Net Interest Income": 59722000.0,
        "Interest Expense": 65698000.0,
        "Interest Income": 125420000.0,
        "Normalized Income": 30006366.0,
        "Net Income From Continuing And Discontinued Operation": 27785000.0,
        "Diluted Average Shares": 16982400.0,
        "Basic Average Shares": 16846200.0,
        "Diluted EPS": 1.64,
        "Basic EPS": 1.65,
        "Diluted NI Availto Com Stockholders": 27785000.0,
        "Net Income Common Stockholders": 27785000.0,
        "Net Income": 27785000.0,
        "Net Income Including Noncontrolling Interests": 27785000.0,
        "Net Income Continuous Operations": 27785000.0,
        "Tax Provision": 2045000.0,
        "Pretax Income": 29830000.0,
        "Special Income Charges": -2386000.0,
        "Impairment Of Capital Assets": 432000.0,
        "Restructuring And Mergern Acquisition": 1954000.0,
        "Gain On Sale Of Security": -886000.0,
        "Depreciation Amortization Depletion Income Statement": 690000.0,
        "Depreciation And Amortization In Income Statement": 690000.0,
        "Amortization": 690000.0,
        "Amortization Of Intangibles Income Statement": 690000.0,
        "Selling General And Administration": 35472000.0,
        "Selling And Marketing Expense": 2124000.0,
        "General And Administrative Expense": 33348000.0,
        "Other Gand A": NaN,
        "Insurance And Claims": 1711000.0,
        "Salaries And Wages": 31637000.0,
        "Total Revenue": 84184000.0,
        "Operating Revenue": 84184000.0,
        "Occupancy And Equipment": 6168000.0,
        "Professional Expense And Contract Services Expense": 4457000.0,
        "Other Non Interest Expense": 1697000.0
    },
    "2024-12-31": {
        "Tax Effect Of Unusual Items": 0.0,
        "Tax Rate For Calcs": 0.089087,
        "Total Unusual Items": 0.0,
        "Total Unusual Items Excluding Goodwill": 0.0,
        "Net Income From Continuing Operation Net Minority Interest": 30225000.0,
        "Reconciled Depreciation": 2961000.0,
        "Net Interest Income": 61204000.0,
        "Interest Expense": 60438000.0,
        "Interest Income": 121642000.0,
        "Normalized Income": 30225000.0,
        "Net Income From Continuing And Discontinued Operation": 30225000.0,
        "Diluted Average Shares": 17024481.0,
        "Basic Average Shares": 16871652.0,
        "Diluted EPS": 1.77,
        "Basic EPS": 1.8,
        "Diluted NI Availto Com Stockholders": 30225000.0,
        "Net Income Common Stockholders": 30225000.0,
        "Net Income": 30225000.0,
        "Net Income Including Noncontrolling Interests": 30225000.0,
        "Net Income Continuous Operations": 30225000.0,
        "Tax Provision": 2956000.0,
        "Pretax Income": 33181000.0,
        "Special Income Charges": 0.0,
        "Impairment Of Capital Assets": 0.0,
        "Restructuring And Mergern Acquisition": 0.0,
        "Gain On Sale Of Security": -2226000.0,
        "Depreciation Amortization Depletion Income Statement": 691000.0,
        "Depreciation And Amortization In Income Statement": 691000.0,
        "Amortization": 691000.0,
        "Amortization Of Intangibles Income Statement": 691000.0,
        "Selling General And Administration": 37430000.0,
        "Selling And Marketing Expense": 1886000.0,
        "General And Administrative Expense": 35544000.0,
        "Other Gand A": NaN,
        "Insurance And Claims": 1934000.0,
        "Salaries And Wages": 33610000.0,
        "Total Revenue": 89011000.0,
        "Operating Revenue": 89011000.0,
        "Occupancy And Equipment": 6354000.0,
        "Professional Expense And Contract Services Expense": 5480000.0,
        "Other Non Interest Expense": 1171000.0
    }
}