{
    "2023-03-31": {
        "Tax Effect Of Unusual Items": NaN,
        "Tax Rate For Calcs": NaN,
        "Normalized EBITDA": NaN,
        "Total Unusual Items": NaN,
        "Total Unusual Items Excluding Goodwill": NaN,
        "Net Income From Continuing Operation Net Minority Interest": NaN,
        "Reconciled Depreciation": NaN,
        "Reconciled Cost Of Revenue": NaN,
        "EBITDA": NaN,
        "EBIT": NaN,
        "Net Interest Income": NaN,
        "Interest Expense": NaN,
        "Interest Income": NaN,
        "Normalized Income": NaN,
        "Net Income From Continuing And Discontinued Operation": NaN,
        "Total Expenses": NaN,
        "Total Operating Income As Reported": NaN,
        "Diluted Average Shares": NaN,
        "Basic Average Shares": NaN,
        "Diluted EPS": NaN,
        "Basic EPS": NaN,
        "Diluted NI Availto Com Stockholders": NaN,
        "Net Income Common Stockholders": NaN,
        "Net Income": NaN,
        "Net Income Including Noncontrolling Interests": NaN,
        "Net Income Continuous Operations": NaN,
        "Tax Provision": NaN,
        "Pretax Income": NaN,
        "Other Income Expense": NaN,
        "Other Non Operating Income Expenses": NaN,
        "Special Income Charges": NaN,
        "Write Off": NaN,
        "Impairment Of Capital Assets": 0.0,
        "Restructuring And Mergern Acquisition": NaN,
        "Gain On Sale Of Security": NaN,
        "Net Non Operating Interest Income Expense": NaN,
        "Total Other Finance Cost": NaN,
        "Interest Expense Non Operating": NaN,
        "Interest Income Non Operating": NaN,
        "Operating Income": NaN,
        "Operating Expense": NaN,
        "Other Operating Expenses": NaN,
        "Depreciation Amortization Depletion Income Statement": NaN,
        "Depreciation And Amortization In Income Statement": NaN,
        "Amortization": NaN,
        "Amortization Of Intangibles Income Statement": NaN,
        "Research And Development": NaN,
        "Selling General And Administration": NaN,
        "Gross Profit": NaN,
        "Cost Of Revenue": NaN,
        "Total Revenue": NaN,
        "Operating Revenue": NaN
    },
    "2022-12-31": {
        "Tax Effect Of Unusual Items": NaN,
        "Tax Rate For Calcs": NaN,
        "Normalized EBITDA": NaN,
        "Total Unusual Items": NaN,
        "Total Unusual Items Excluding Goodwill": NaN,
        "Net Income From Continuing Operation Net Minority Interest": NaN,
        "Reconciled Depreciation": NaN,
        "Reconciled Cost Of Revenue": NaN,
        "EBITDA": NaN,
        "EBIT": NaN,
        "Net Interest Income": NaN,
        "Interest Expense": NaN,
        "Interest Income": NaN,
        "Normalized Income": NaN,
        "Net Income From Continuing And Discontinued Operation": NaN,
        "Total Expenses": NaN,
        "Total Operating Income As Reported": NaN,
        "Diluted Average Shares": NaN,
        "Basic Average Shares": NaN,
        "Diluted EPS": NaN,
        "Basic EPS": NaN,
        "Diluted NI Availto Com Stockholders": NaN,
        "Net Income Common Stockholders": NaN,
        "Net Income": NaN,
        "Net Income Including Noncontrolling Interests": NaN,
        "Net Income Continuous Operations": NaN,
        "Tax Provision": NaN,
        "Pretax Income": NaN,
        "Other Income Expense": NaN,
        "Other Non Operating Income Expenses": NaN,
        "Special Income Charges": NaN,
        "Other Special Charges": 0.0,
        "Write Off": NaN,
        "Impairment Of Capital Assets": NaN,
        "Restructuring And Mergern Acquisition": NaN,
        "Gain On Sale Of Security": NaN,
        "Net Non Operating Interest Income Expense": NaN,
        "Total Other Finance Cost": NaN,
        "Interest Expense Non Operating": NaN,
        "Interest Income Non Operating": NaN,
        "Operating Income": NaN,
        "Operating Expense": NaN,
        "Other Operating Expenses": NaN,
        "Depreciation Amortization Depletion Income Statement": NaN,
        "Depreciation And Amortization In Income Statement": NaN,
        "Amortization": NaN,
        "Amortization Of Intangibles Income Statement": NaN,
        "Research And Development": NaN,
        "Selling General And Administration": NaN,
        "Gross Profit": NaN,
        "Cost Of Revenue": NaN,
        "Total Revenue": NaN,
        "Operating Revenue": NaN
    },
    "2022-09-30": {
        "Tax Effect Of Unusual Items": -10205750.798722,
        "Tax Rate For Calcs": 0.386581,
        "Normalized EBITDA": 137900000.0,
        "Total Unusual Items": -26400000.0,
        "Total Unusual Items Excluding Goodwill": -26400000.0,
        "Net Income From Continuing Operation Net Minority Interest": 19200000.0,
        "Reconciled Depreciation": 50500000.0,
        "Reconciled Cost Of Revenue": 376300000.0,
        "EBITDA": 111500000.0,
        "EBIT": 61000000.0,
        "Net Interest Income": -29700000.0,
        "Interest Expense": 29700000.0,
        "Interest Income": 300000.0,
        "Normalized Income": 35394249.201278,
        "Net Income From Continuing And Discontinued Operation": 19200000.0,
        "Total Expenses": 700600000.0,
        "Total Operating Income As Reported": 56800000.0,
        "Diluted Average Shares": 67500000.0,
        "Basic Average Shares": 66900000.0,
        "Diluted EPS": 0.28,
        "Basic EPS": 0.29,
        "Diluted NI Availto Com Stockholders": 19200000.0,
        "Net Income Common Stockholders": 19200000.0,
        "Net Income": 19200000.0,
        "Net Income Including Noncontrolling Interests": 19200000.0,
        "Net Income Continuous Operations": 19200000.0,
        "Tax Provision": 12100000.0,
        "Pretax Income": 31300000.0,
        "Other Income Expense": -22200000.0,
        "Other Non Operating Income Expenses": 4200000.0,
        "Special Income Charges": -26400000.0,
        "Other Special Charges": NaN,
        "Restructuring And Mergern Acquisition": 26400000.0,
        "Gain On Sale Of Security": -600000.0,
        "Net Non Operating Interest Income Expense": -29700000.0,
        "Total Other Finance Cost": 900000.0,
        "Interest Expense Non Operating": 29700000.0,
        "Interest Income Non Operating": 300000.0,
        "Operating Income": 83200000.0,
        "Operating Expense": 324300000.0,
        "Other Operating Expenses": 4000000.0,
        "Depreciation Amortization Depletion Income Statement": 50500000.0,
        "Depreciation And Amortization In Income Statement": 50500000.0,
        "Amortization": 50500000.0,
        "Amortization Of Intangibles Income Statement": 50500000.0,
        "Research And Development": 65600000.0,
        "Selling General And Administration": 204200000.0,
        "Gross Profit": 407500000.0,
        "Cost Of Revenue": 376300000.0,
        "Total Revenue": 783800000.0,
        "Operating Revenue": 783800000.0
    },
    "2022-06-30": {
        "Tax Effect Of Unusual Items": -26050000.0,
        "Tax Rate For Calcs": 0.25,
        "Normalized EBITDA": 178400000.0,
        "Total Unusual Items": -104200000.0,
        "Total Unusual Items Excluding Goodwill": -104200000.0,
        "Net Income From Continuing Operation Net Minority Interest": 19300000.0,
        "Reconciled Depreciation": 21000000.0,
        "Reconciled Cost Of Revenue": 275900000.0,
        "EBITDA": 74200000.0,
        "EBIT": 53200000.0,
        "Net Interest Income": -10300000.0,
        "Interest Expense": 10300000.0,
        "Interest Income": 400000.0,
        "Normalized Income": 97450000.0,
        "Net Income From Continuing And Discontinued Operation": 19300000.0,
        "Total Expenses": 453500000.0,
        "Total Operating Income As Reported": 79700000.0,
        "Diluted Average Shares": 52900000.0,
        "Basic Average Shares": 52200000.0,
        "Diluted EPS": 0.36,
        "Basic EPS": 0.37,
        "Diluted NI Availto Com Stockholders": 19300000.0,
        "Net Income Common Stockholders": 19300000.0,
        "Net Income": 19300000.0,
        "Net Income Including Noncontrolling Interests": 19300000.0,
        "Net Income Continuous Operations": 19300000.0,
        "Tax Provision": 23600000.0,
        "Pretax Income": 42900000.0,
        "Other Income Expense": -106700000.0,
        "Other Non Operating Income Expenses": -2500000.0,
        "Special Income Charges": -104200000.0,
        "Other Special Charges": 24000000.0,
        "Restructuring And Mergern Acquisition": 80200000.0,
        "Gain On Sale Of Security": -1800000.0,
        "Net Non Operating Interest Income Expense": -10300000.0,
        "Total Other Finance Cost": 200000.0,
        "Interest Expense Non Operating": 10300000.0,
        "Interest Income Non Operating": 400000.0,
        "Operating Income": 159900000.0,
        "Operating Expense": 177600000.0,
        "Other Operating Expenses": 4000000.0,
        "Depreciation Amortization Depletion Income Statement": 21000000.0,
        "Depreciation And Amortization In Income Statement": 21000000.0,
        "Amortization": 21000000.0,
        "Amortization Of Intangibles Income Statement": 21000000.0,
        "Research And Development": 34200000.0,
        "Selling General And Administration": 118400000.0,
        "Gross Profit": 337500000.0,
        "Cost Of Revenue": 275900000.0,
        "Total Revenue": 613400000.0,
        "Operating Revenue": 613400000.0
    },
    "2022-03-31": {
        "Diluted EPS": 11.31,
        "Total Revenue": NaN,
        "Gross Profit": 742,
        "Operating Income": 621,
        "EBIT": 636,
        "Net Income": 480
    },
    "2021-12-31": {
        "Diluted EPS": 6.81,
        "Total Revenue": 637,
        "Gross Profit": 493,
        "Operating Income": 377,
        "EBIT": 384,
        "Net Income": 291
    },
    "2021-09-30": {
        "Diluted EPS": 5.08,
        "Total Revenue": 510,
        "Gross Profit": 375,
        "Operating Income": 282,
        "EBIT": 295,
        "Net Income": 216
    },
    "2021-06-30": {
        "Diluted EPS": 0.45,
        "Total Revenue": 177,
        "Gross Profit": 108,
        "Operating Income": 23,
        "EBIT": 34,
        "Net Income": 19
    },
    "2021-03-31": {
        "Diluted EPS": 4.09,
        "Total Revenue": 375,
        "Gross Profit": 302,
        "Operating Income": 224,
        "EBIT": 238,
        "Net Income": 178
    },
    "2020-12-31": {
        "Diluted EPS": 10.79,
        "Total Revenue": 809,
        "Gross Profit": 709,
        "Operating Income": 617,
        "EBIT": 624,
        "Net Income": 470
    },
    "2020-09-30": {
        "Diluted EPS": 5.33,
        "Total Revenue": 476,
        "Gross Profit": 384,
        "Operating Income": 308,
        "EBIT": 322,
        "Net Income": 232
    },
    "2020-06-30": {
        "Diluted EPS": 1.55,
        "Total Revenue": 202,
        "Gross Profit": 149,
        "Operating Income": 84,
        "EBIT": 97,
        "Net Income": 68
    },
    "2020-03-31": {
        "Diluted EPS": 0.93,
        "Total Revenue": 175,
        "Gross Profit": 115,
        "Operating Income": 52,
        "EBIT": 66,
        "Net Income": 40
    },
    "2019-12-31": {
        "Diluted EPS": 0.72,
        "Total Revenue": 152,
        "Gross Profit": 95,
        "Operating Income": 35,
        "EBIT": 48,
        "Net Income": 31
    },
    "2019-09-30": {
        "Diluted EPS": 0.38,
        "Total Revenue": 126,
        "Gross Profit": 76,
        "Operating Income": 21,
        "EBIT": 35,
        "Net Income": 16
    },
    "2019-06-30": {
        "Diluted EPS": 0.03,
        "Total Revenue": 108,
        "Gross Profit": 59,
        "Operating Income": 6,
        "EBIT": 21,
        "Net Income": 1
    },
    "2019-03-31": {
        "Diluted EPS": 0.6,
        "Total Revenue": 148,
        "Gross Profit": 91,
        "Operating Income": 31,
        "EBIT": 46,
        "Net Income": 25
    },
    "2018-12-31": {
        "Diluted EPS": 0.81,
        "Total Revenue": 133,
        "Gross Profit": 82,
        "Operating Income": 28,
        "EBIT": 42,
        "Net Income": 32
    },
    "2018-09-30": {
        "Diluted EPS": 0.27,
        "Total Revenue": 117,
        "Gross Profit": 70,
        "Operating Income": 17,
        "EBIT": 54,
        "Net Income": 11
    },
    "2018-06-30": {
        "Diluted EPS": -0.08,
        "Total Revenue": 103,
        "Gross Profit": 58,
        "Operating Income": 0,
        "EBIT": -8,
        "Net Income": -3
    },
    "2018-03-31": {
        "Diluted EPS": 0.86,
        "Total Revenue": 169,
        "Gross Profit": 106,
        "Operating Income": 51,
        "EBIT": 68,
        "Net Income": 34
    },
    "2017-12-31": {
        "Diluted EPS": -0.15,
        "Total Revenue": 115,
        "Gross Profit": 59,
        "Operating Income": 4,
        "EBIT": 21,
        "Net Income": -5
    },
    "2017-09-30": {
        "Diluted EPS": -0.16,
        "Total Revenue": 51,
        "Gross Profit": 30,
        "Operating Income": -3,
        "EBIT": 5,
        "Net Income": -6
    },
    "2017-06-30": {
        "Diluted EPS": -0.35,
        "Total Revenue": 38,
        "Gross Profit": 19,
        "Operating Income": -11,
        "EBIT": -4,
        "Net Income": -12
    },
    "2017-03-31": {
        "Diluted EPS": 0.42,
        "Total Revenue": 74,
        "Gross Profit": 48,
        "Operating Income": 19,
        "EBIT": 26,
        "Net Income": 14
    },
    "2016-12-31": {
        "Diluted EPS": -0.05,
        "Total Revenue": 53,
        "Gross Profit": 27,
        "Operating Income": 6,
        "EBIT": 13,
        "Net Income": -2
    },
    "2016-09-30": {
        "Diluted EPS": -0.02,
        "Total Revenue": 49,
        "Gross Profit": 32,
        "Operating Income": 2,
        "EBIT": 9,
        "Net Income": -1
    },
    "2016-06-30": {
        "Diluted EPS": -0.24,
        "Total Revenue": 39,
        "Gross Profit": 22,
        "Operating Income": -9,
        "EBIT": -1,
        "Net Income": -8
    },
    "2016-03-31": {
        "Diluted EPS": -0.11,
        "Total Revenue": 50,
        "Gross Profit": 31,
        "Operating Income": -3,
        "EBIT": 4,
        "Net Income": -3
    },
    "2015-12-31": {
        "Diluted EPS": -0.01,
        "Total Revenue": 52,
        "Gross Profit": 28,
        "Operating Income": 3,
        "EBIT": 10,
        "Net Income": 0
    },
    "2015-09-30": {
        "Diluted EPS": -0.02,
        "Total Revenue": 47,
        "Gross Profit": 30,
        "Operating Income": 1,
        "EBIT": 8,
        "Net Income": -1
    },
    "2015-06-30": {
        "Diluted EPS": -0.26,
        "Total Revenue": 35,
        "Gross Profit": 20,
        "Operating Income": -10,
        "EBIT": -3,
        "Net Income": -9
    },
    "2015-03-31": {
        "Diluted EPS": 0.11,
        "Total Revenue": 62,
        "Gross Profit": 41,
        "Operating Income": 9,
        "EBIT": 16,
        "Net Income": 4
    },
    "2014-12-31": {
        "Diluted EPS": 0.2,
        "Total Revenue": 65,
        "Gross Profit": 44,
        "Operating Income": 13,
        "EBIT": 21,
        "Net Income": 7
    },
    "2014-09-30": {
        "Diluted EPS": -0.17,
        "Total Revenue": 41,
        "Gross Profit": 24,
        "Operating Income": -10,
        "EBIT": -3,
        "Net Income": -6
    },
    "2014-06-30": {
        "Diluted EPS": -0.2,
        "Total Revenue": 31,
        "Gross Profit": 16,
        "Operating Income": -10,
        "EBIT": -4,
        "Net Income": -7
    },
    "2014-03-31": {
        "Diluted EPS": -0.04,
        "Total Revenue": 47,
        "Gross Profit": 26,
        "Operating Income": -2,
        "EBIT": 5,
        "Net Income": -2
    },
    "2013-12-31": {
        "Diluted EPS": 0.03,
        "Total Revenue": 52,
        "Gross Profit": 34,
        "Operating Income": 0,
        "EBIT": 7,
        "Net Income": 1
    },
    "2013-09-30": {
        "Diluted EPS": -0.13,
        "Total Revenue": 34,
        "Gross Profit": 18,
        "Operating Income": -6,
        "EBIT": 1,
        "Net Income": -4
    },
    "2013-06-30": {
        "Diluted EPS": -0.05,
        "Total Revenue": 30,
        "Gross Profit": 16,
        "Operating Income": -7,
        "EBIT": -2,
        "Net Income": -2
    },
    "2013-03-31": {
        "Diluted EPS": 0.36,
        "Total Revenue": 62,
        "Gross Profit": 42,
        "Operating Income": 17,
        "EBIT": 24,
        "Net Income": 12
    },
    "2012-12-31": {
        "Diluted EPS": 0.26,
        "Total Revenue": 54,
        "Gross Profit": 36,
        "Operating Income": 15,
        "EBIT": 22,
        "Net Income": 9
    },
    "2012-09-30": {
        "Diluted EPS": -0.02,
        "Total Revenue": 33,
        "Gross Profit": 18,
        "Operating Income": -1,
        "EBIT": 4,
        "Net Income": -1
    },
    "2012-06-30": {
        "Diluted EPS": -0.09,
        "Total Revenue": 31,
        "Gross Profit": 17,
        "Operating Income": -5,
        "EBIT": 1,
        "Net Income": -3
    },
    "2012-03-31": {
        "Diluted EPS": 0.0,
        "Total Revenue": 38,
        "Gross Profit": 23,
        "Operating Income": 0,
        "EBIT": 6,
        "Net Income": 0
    },
    "2011-12-31": {
        "Diluted EPS": 0.02,
        "Total Revenue": 38,
        "Gross Profit": 23,
        "Operating Income": 2,
        "EBIT": 8,
        "Net Income": 1
    },
    "2011-09-30": {
        "Diluted EPS": -0.03,
        "Total Revenue": 33,
        "Gross Profit": 18,
        "Operating Income": -1,
        "EBIT": 4,
        "Net Income": -1
    },
    "2011-06-30": {
        "Diluted EPS": -0.11,
        "Total Revenue": 28,
        "Gross Profit": 15,
        "Operating Income": -5,
        "EBIT": -2,
        "Net Income": -4
    },
    "2011-03-31": {
        "Diluted EPS": 0.35,
        "Total Revenue": 60,
        "Gross Profit": 40,
        "Operating Income": 18,
        "EBIT": 21,
        "Net Income": 11
    },
    "2010-12-31": {
        "Diluted EPS": 0.0,
        "Total Revenue": 32,
        "Gross Profit": 18,
        "Operating Income": -1,
        "EBIT": 3,
        "Net Income": 0
    },
    "2010-09-30": {
        "Diluted EPS": -0.21,
        "Total Revenue": 28,
        "Gross Profit": 15,
        "Operating Income": -3,
        "EBIT": 0,
        "Net Income": -6
    },
    "2010-06-30": {
        "Diluted EPS": -0.09,
        "Total Revenue": 25,
        "Gross Profit": 13,
        "Operating Income": -8,
        "EBIT": -4,
        "Net Income": -2
    },
    "2010-03-31": {
        "Diluted EPS": -0.09,
        "Total Revenue": 28,
        "Gross Profit": 16,
        "Operating Income": -4,
        "EBIT": -2,
        "Net Income": -3
    },
    "2009-12-31": {
        "Diluted EPS": 0.65,
        "Total Revenue": 67,
        "Gross Profit": 48,
        "Operating Income": 32,
        "EBIT": 34,
        "Net Income": 20
    },
    "2009-09-30": {
        "Diluted EPS": 0.5,
        "Total Revenue": 56,
        "Gross Profit": 38,
        "Operating Income": 24,
        "EBIT": 26,
        "Net Income": 15
    },
    "2009-06-30": {
        "Diluted EPS": 0.02,
        "Total Revenue": 25,
        "Gross Profit": 15,
        "Operating Income": 1,
        "EBIT": 2,
        "Net Income": 1
    },
    "2009-03-31": {
        "Diluted EPS": -0.09,
        "Total Revenue": 17,
        "Gross Profit": 8,
        "Operating Income": -5,
        "EBIT": -3,
        "Net Income": -3
    },
    "2023-06-30": {
        "Tax Effect Of Unusual Items": NaN,
        "Tax Rate For Calcs": NaN,
        "Normalized EBITDA": NaN,
        "Total Unusual Items": NaN,
        "Total Unusual Items Excluding Goodwill": NaN,
        "Net Income From Continuing Operation Net Minority Interest": NaN,
        "Reconciled Depreciation": NaN,
        "Reconciled Cost Of Revenue": NaN,
        "EBITDA": NaN,
        "EBIT": NaN,
        "Net Interest Income": NaN,
        "Interest Expense": NaN,
        "Interest Income": NaN,
        "Normalized Income": NaN,
        "Net Income From Continuing And Discontinued Operation": NaN,
        "Total Expenses": NaN,
        "Total Operating Income As Reported": NaN,
        "Diluted Average Shares": NaN,
        "Basic Average Shares": NaN,
        "Diluted EPS": NaN,
        "Basic EPS": NaN,
        "Diluted NI Availto Com Stockholders": NaN,
        "Net Income Common Stockholders": NaN,
        "Net Income": NaN,
        "Net Income Including Noncontrolling Interests": NaN,
        "Net Income Continuous Operations": NaN,
        "Tax Provision": NaN,
        "Pretax Income": NaN,
        "Other Income Expense": NaN,
        "Other Non Operating Income Expenses": NaN,
        "Special Income Charges": NaN,
        "Write Off": 500000.0,
        "Impairment Of Capital Assets": NaN,
        "Restructuring And Mergern Acquisition": NaN,
        "Gain On Sale Of Security": NaN,
        "Net Non Operating Interest Income Expense": NaN,
        "Total Other Finance Cost": NaN,
        "Interest Expense Non Operating": NaN,
        "Interest Income Non Operating": NaN,
        "Operating Income": NaN,
        "Operating Expense": NaN,
        "Other Operating Expenses": NaN,
        "Depreciation Amortization Depletion Income Statement": NaN,
        "Depreciation And Amortization In Income Statement": NaN,
        "Amortization": NaN,
        "Amortization Of Intangibles Income Statement": NaN,
        "Research And Development": NaN,
        "Selling General And Administration": NaN,
        "Gross Profit": NaN,
        "Cost Of Revenue": NaN,
        "Total Revenue": NaN,
        "Operating Revenue": NaN
    },
    "2023-09-30": {
        "Tax Effect Of Unusual Items": NaN,
        "Tax Rate For Calcs": NaN,
        "Normalized EBITDA": NaN,
        "Total Unusual Items": NaN,
        "Total Unusual Items Excluding Goodwill": NaN,
        "Net Income From Continuing Operation Net Minority Interest": NaN,
        "Reconciled Depreciation": NaN,
        "Reconciled Cost Of Revenue": NaN,
        "EBITDA": NaN,
        "EBIT": NaN,
        "Net Interest Income": NaN,
        "Interest Expense": NaN,
        "Interest Income": NaN,
        "Normalized Income": NaN,
        "Net Income From Continuing And Discontinued Operation": NaN,
        "Total Expenses": NaN,
        "Total Operating Income As Reported": NaN,
        "Diluted Average Shares": NaN,
        "Basic Average Shares": NaN,
        "Diluted EPS": NaN,
        "Basic EPS": NaN,
        "Diluted NI Availto Com Stockholders": NaN,
        "Net Income Common Stockholders": NaN,
        "Net Income": NaN,
        "Net Income Including Noncontrolling Interests": NaN,
        "Net Income Continuous Operations": NaN,
        "Tax Provision": NaN,
        "Pretax Income": NaN,
        "Other Income Expense": NaN,
        "Other Non Operating Income Expenses": NaN,
        "Special Income Charges": NaN,
        "Write Off": 2200000.0,
        "Impairment Of Capital Assets": NaN,
        "Restructuring And Mergern Acquisition": NaN,
        "Gain On Sale Of Security": NaN,
        "Net Non Operating Interest Income Expense": NaN,
        "Total Other Finance Cost": NaN,
        "Interest Expense Non Operating": NaN,
        "Interest Income Non Operating": NaN,
        "Operating Income": NaN,
        "Operating Expense": NaN,
        "Other Operating Expenses": NaN,
        "Depreciation Amortization Depletion Income Statement": NaN,
        "Depreciation And Amortization In Income Statement": NaN,
        "Amortization": NaN,
        "Amortization Of Intangibles Income Statement": NaN,
        "Research And Development": NaN,
        "Selling General And Administration": NaN,
        "Gross Profit": NaN,
        "Cost Of Revenue": NaN,
        "Total Revenue": NaN,
        "Operating Revenue": NaN
    },
    "2023-12-31": {
        "Tax Effect Of Unusual Items": -5061000.0,
        "Tax Rate For Calcs": 0.21,
        "Normalized EBITDA": 176500000.0,
        "Total Unusual Items": -24100000.0,
        "Total Unusual Items Excluding Goodwill": -24100000.0,
        "Net Income From Continuing Operation Net Minority Interest": 7000000.0,
        "Reconciled Depreciation": 115400000.0,
        "Reconciled Cost Of Revenue": 297100000.0,
        "EBITDA": 152400000.0,
        "EBIT": 37000000.0,
        "Net Interest Income": -45600000.0,
        "Interest Expense": 46200000.0,
        "Interest Income": 1400000.0,
        "Normalized Income": 26039000.0,
        "Net Income From Continuing And Discontinued Operation": 7000000.0,
        "Total Expenses": 669500000.0,
        "Total Operating Income As Reported": 40100000.0,
        "Diluted Average Shares": 67300000.0,
        "Basic Average Shares": 66900000.0,
        "Diluted EPS": 0.1,
        "Basic EPS": 0.1,
        "Diluted NI Availto Com Stockholders": 7000000.0,
        "Net Income Common Stockholders": 7000000.0,
        "Net Income": 7000000.0,
        "Net Income Including Noncontrolling Interests": 7000000.0,
        "Net Income Continuous Operations": 7000000.0,
        "Tax Provision": -16200000.0,
        "Pretax Income": -9200000.0,
        "Other Income Expense": -36700000.0,
        "Other Non Operating Income Expenses": -12600000.0,
        "Special Income Charges": -33000000.0,
        "Write Off": NaN,
        "Impairment Of Capital Assets": NaN,
        "Restructuring And Mergern Acquisition": 33000000.0,
        "Gain On Sale Of Security": 8900000.0,
        "Net Non Operating Interest Income Expense": -45600000.0,
        "Total Other Finance Cost": 800000.0,
        "Interest Expense Non Operating": 46200000.0,
        "Interest Income Non Operating": 1400000.0,
        "Operating Income": 73100000.0,
        "Operating Expense": 308200000.0,
        "Other Operating Expenses": 10100000.0,
        "Depreciation Amortization Depletion Income Statement": 51200000.0,
        "Depreciation And Amortization In Income Statement": 51200000.0,
        "Amortization": 51200000.0,
        "Amortization Of Intangibles Income Statement": 51200000.0,
        "Research And Development": 59300000.0,
        "Selling General And Administration": 187600000.0,
        "Gross Profit": 381300000.0,
        "Cost Of Revenue": 361300000.0,
        "Total Revenue": 742600000.0,
        "Operating Revenue": 742600000.0
    },
    "2024-03-31": {
        "Tax Effect Of Unusual Items": -90854950.247373,
        "Tax Rate For Calcs": 0.051643,
        "Normalized EBITDA": 121600000.0,
        "Total Unusual Items": -1759300000.0,
        "Total Unusual Items Excluding Goodwill": -1759300000.0,
        "Net Income From Continuing Operation Net Minority Interest": -1706000000.0,
        "Reconciled Depreciation": 114900000.0,
        "Reconciled Cost Of Revenue": 315700000.0,
        "EBITDA": -1637700000.0,
        "EBIT": -1752600000.0,
        "Net Interest Income": -46200000.0,
        "Interest Expense": 46300000.0,
        "Interest Income": 900000.0,
        "Normalized Income": -37554950.247373,
        "Net Income From Continuing And Discontinued Operation": -1706000000.0,
        "Total Expenses": 702500000.0,
        "Total Operating Income As Reported": -1758000000.0,
        "Diluted Average Shares": 66900000.0,
        "Basic Average Shares": 66900000.0,
        "Diluted EPS": -25.5,
        "Basic EPS": -25.5,
        "Diluted NI Availto Com Stockholders": -1706000000.0,
        "Net Income Common Stockholders": -1706000000.0,
        "Net Income": -1706000000.0,
        "Net Income Including Noncontrolling Interests": -1706000000.0,
        "Net Income Continuous Operations": -1706000000.0,
        "Tax Provision": -92900000.0,
        "Pretax Income": -1798900000.0,
        "Other Income Expense": -1761200000.0,
        "Other Non Operating Income Expenses": -1900000.0,
        "Special Income Charges": -1766500000.0,
        "Write Off": NaN,
        "Impairment Of Capital Assets": 1743900000.0,
        "Restructuring And Mergern Acquisition": 22600000.0,
        "Gain On Sale Of Security": 7200000.0,
        "Net Non Operating Interest Income Expense": -46200000.0,
        "Total Other Finance Cost": 800000.0,
        "Interest Expense Non Operating": 46300000.0,
        "Interest Income Non Operating": 900000.0,
        "Operating Income": 8500000.0,
        "Operating Expense": 323600000.0,
        "Other Operating Expenses": 8000000.0,
        "Depreciation Amortization Depletion Income Statement": 51700000.0,
        "Depreciation And Amortization In Income Statement": 51700000.0,
        "Amortization": 51700000.0,
        "Amortization Of Intangibles Income Statement": 51700000.0,
        "Research And Development": 59200000.0,
        "Selling General And Administration": 204700000.0,
        "Gross Profit": 332100000.0,
        "Cost Of Revenue": 378900000.0,
        "Total Revenue": 711000000.0,
        "Operating Revenue": 711000000.0
    },
    "2024-06-30": {
        "Tax Effect Of Unusual Items": -7505100.0,
        "Tax Rate For Calcs": 0.093,
        "Normalized EBITDA": 81700000.0,
        "Total Unusual Items": -80700000.0,
        "Total Unusual Items Excluding Goodwill": -80700000.0,
        "Net Income From Continuing Operation Net Minority Interest": -147700000.0,
        "Reconciled Depreciation": 116100000.0,
        "Reconciled Cost Of Revenue": 296800000.0,
        "EBITDA": 1000000.0,
        "EBIT": -115100000.0,
        "Net Interest Income": -48100000.0,
        "Interest Expense": 47800000.0,
        "Interest Income": 500000.0,
        "Normalized Income": -74505100.0,
        "Net Income From Continuing And Discontinued Operation": -147700000.0,
        "Total Expenses": 666700000.0,
        "Total Operating Income As Reported": -117500000.0,
        "Diluted Average Shares": 67100000.0,
        "Basic Average Shares": 67100000.0,
        "Diluted EPS": -2.2,
        "Basic EPS": -2.2,
        "Diluted NI Availto Com Stockholders": -147700000.0,
        "Net Income Common Stockholders": -147700000.0,
        "Net Income": -147700000.0,
        "Net Income Including Noncontrolling Interests": -147700000.0,
        "Net Income Continuous Operations": -147700000.0,
        "Tax Provision": -15200000.0,
        "Pretax Income": -162900000.0,
        "Other Income Expense": -85100000.0,
        "Other Non Operating Income Expenses": -4400000.0,
        "Special Income Charges": -87800000.0,
        "Write Off": 56900000.0,
        "Impairment Of Capital Assets": 56900000.0,
        "Restructuring And Mergern Acquisition": 30900000.0,
        "Gain On Sale Of Security": 7100000.0,
        "Net Non Operating Interest Income Expense": -48100000.0,
        "Total Other Finance Cost": 800000.0,
        "Interest Expense Non Operating": 47800000.0,
        "Interest Income Non Operating": 500000.0,
        "Operating Income": -29700000.0,
        "Operating Expense": 305700000.0,
        "Other Operating Expenses": 9300000.0,
        "Depreciation Amortization Depletion Income Statement": 51900000.0,
        "Depreciation And Amortization In Income Statement": 51900000.0,
        "Amortization": 51900000.0,
        "Amortization Of Intangibles Income Statement": 51900000.0,
        "Research And Development": 56300000.0,
        "Selling General And Administration": 188200000.0,
        "Gross Profit": 276000000.0,
        "Cost Of Revenue": 361000000.0,
        "Total Revenue": 637000000.0,
        "Operating Revenue": 637000000.0
    },
    "2024-09-30": {
        "Tax Effect Of Unusual Items": -9208200.0,
        "Tax Rate For Calcs": 0.309,
        "Normalized EBITDA": 163600000.0,
        "Total Unusual Items": -29800000.0,
        "Total Unusual Items Excluding Goodwill": -29800000.0,
        "Net Income From Continuing Operation Net Minority Interest": -19900000.0,
        "Reconciled Depreciation": 113100000.0,
        "Reconciled Cost Of Revenue": 313600000.0,
        "EBITDA": 133800000.0,
        "EBIT": 20700000.0,
        "Net Interest Income": -49900000.0,
        "Interest Expense": 49500000.0,
        "Interest Income": 400000.0,
        "Normalized Income": 691800.0,
        "Net Income From Continuing And Discontinued Operation": -19900000.0,
        "Total Expenses": 675300000.0,
        "Total Operating Income As Reported": 15000000.0,
        "Diluted Average Shares": 67300000.0,
        "Basic Average Shares": 67300000.0,
        "Diluted EPS": -0.3,
        "Basic EPS": -0.3,
        "Diluted NI Availto Com Stockholders": -19900000.0,
        "Net Income Common Stockholders": -19900000.0,
        "Net Income": -19900000.0,
        "Net Income Including Noncontrolling Interests": -19900000.0,
        "Net Income Continuous Operations": -19900000.0,
        "Tax Provision": -8900000.0,
        "Pretax Income": -28800000.0,
        "Other Income Expense": -30700000.0,
        "Other Non Operating Income Expenses": -900000.0,
        "Special Income Charges": -36800000.0,
        "Write Off": 0.0,
        "Impairment Of Capital Assets": 0.0,
        "Restructuring And Mergern Acquisition": 36800000.0,
        "Gain On Sale Of Security": 7000000.0,
        "Net Non Operating Interest Income Expense": -49900000.0,
        "Total Other Finance Cost": 800000.0,
        "Interest Expense Non Operating": 49500000.0,
        "Interest Income Non Operating": 400000.0,
        "Operating Income": 51800000.0,
        "Operating Expense": 300500000.0,
        "Other Operating Expenses": 6300000.0,
        "Depreciation Amortization Depletion Income Statement": 51900000.0,
        "Depreciation And Amortization In Income Statement": 51900000.0,
        "Amortization": 51900000.0,
        "Amortization Of Intangibles Income Statement": 51900000.0,
        "Research And Development": 55900000.0,
        "Selling General And Administration": 186400000.0,
        "Gross Profit": 352300000.0,
        "Cost Of Revenue": 374800000.0,
        "Total Revenue": 727100000.0,
        "Operating Revenue": 727100000.0
    },
    "2024-12-31": {
        "Tax Effect Of Unusual Items": -23415000.0,
        "Tax Rate For Calcs": 0.21,
        "Normalized EBITDA": 124600000.0,
        "Total Unusual Items": -111500000.0,
        "Total Unusual Items Excluding Goodwill": -111500000.0,
        "Net Income From Continuing Operation Net Minority Interest": -178400000.0,
        "Reconciled Depreciation": 109300000.0,
        "Reconciled Cost Of Revenue": 320300000.0,
        "EBITDA": 13100000.0,
        "EBIT": -96200000.0,
        "Net Interest Income": -44700000.0,
        "Interest Expense": 44700000.0,
        "Interest Income": 800000.0,
        "Normalized Income": -90315000.0,
        "Net Income From Continuing And Discontinued Operation": -178400000.0,
        "Total Expenses": 692600000.0,
        "Total Operating Income As Reported": -100400000.0,
        "Diluted Average Shares": 67300000.0,
        "Basic Average Shares": 67300000.0,
        "Diluted EPS": -2.28,
        "Basic EPS": -2.28,
        "Diluted NI Availto Com Stockholders": -178400000.0,
        "Net Income Common Stockholders": -178400000.0,
        "Net Income": -178400000.0,
        "Net Income Including Noncontrolling Interests": -178400000.0,
        "Net Income Continuous Operations": -178400000.0,
        "Tax Provision": 37500000.0,
        "Pretax Income": -140900000.0,
        "Other Income Expense": -111400000.0,
        "Other Non Operating Income Expenses": 100000.0,
        "Special Income Charges": -115600000.0,
        "Write Off": 0.0,
        "Impairment Of Capital Assets": 78700000.0,
        "Restructuring And Mergern Acquisition": 36900000.0,
        "Gain On Sale Of Security": 4100000.0,
        "Net Non Operating Interest Income Expense": -44700000.0,
        "Total Other Finance Cost": 800000.0,
        "Interest Expense Non Operating": 44700000.0,
        "Interest Income Non Operating": 800000.0,
        "Operating Income": 15200000.0,
        "Operating Expense": 310900000.0,
        "Other Operating Expenses": 28200000.0,
        "Depreciation Amortization Depletion Income Statement": 47900000.0,
        "Depreciation And Amortization In Income Statement": 47900000.0,
        "Amortization": 47900000.0,
        "Amortization Of Intangibles Income Statement": 47900000.0,
        "Research And Development": 47300000.0,
        "Selling General And Administration": 187500000.0,
        "Gross Profit": 326100000.0,
        "Cost Of Revenue": 381700000.0,
        "Total Revenue": 707800000.0,
        "Operating Revenue": 707800000.0
    },
    "2025-03-31": {
        "Tax Effect Of Unusual Items": -2856000.0,
        "Tax Rate For Calcs": 0.21,
        "Normalized EBITDA": 154200000.0,
        "Total Unusual Items": -13600000.0,
        "Total Unusual Items Excluding Goodwill": -13600000.0,
        "Net Income From Continuing Operation Net Minority Interest": -12700000.0,
        "Reconciled Depreciation": 107100000.0,
        "Reconciled Cost Of Revenue": 290400000.0,
        "EBITDA": 140600000.0,
        "EBIT": 33500000.0,
        "Net Interest Income": -42500000.0,
        "Interest Expense": 42300000.0,
        "Interest Income": 600000.0,
        "Normalized Income": -1956000.0,
        "Net Income From Continuing And Discontinued Operation": -12700000.0,
        "Total Expenses": 644100000.0,
        "Total Operating Income As Reported": 32600000.0,
        "Diluted Average Shares": 67500000.0,
        "Basic Average Shares": 67500000.0,
        "Diluted EPS": -0.19,
        "Basic EPS": -0.19,
        "Diluted NI Availto Com Stockholders": -12700000.0,
        "Net Income Common Stockholders": -12700000.0,
        "Net Income": -12700000.0,
        "Net Income Including Noncontrolling Interests": -12700000.0,
        "Net Income Continuous Operations": -12700000.0,
        "Tax Provision": 3900000.0,
        "Pretax Income": -8800000.0,
        "Other Income Expense": -15000000.0,
        "Other Non Operating Income Expenses": -1400000.0,
        "Special Income Charges": -16100000.0,
        "Write Off": NaN,
        "Impairment Of Capital Assets": 0.0,
        "Restructuring And Mergern Acquisition": 16100000.0,
        "Gain On Sale Of Security": 2500000.0,
        "Net Non Operating Interest Income Expense": -42500000.0,
        "Total Other Finance Cost": 800000.0,
        "Interest Expense Non Operating": 42300000.0,
        "Interest Income Non Operating": 600000.0,
        "Operating Income": 48700000.0,
        "Operating Expense": 294600000.0,
        "Other Operating Expenses": 6400000.0,
        "Depreciation Amortization Depletion Income Statement": 48000000.0,
        "Depreciation And Amortization In Income Statement": 48000000.0,
        "Amortization": 48000000.0,
        "Amortization Of Intangibles Income Statement": 48000000.0,
        "Research And Development": 53200000.0,
        "Selling General And Administration": 187000000.0,
        "Gross Profit": 343300000.0,
        "Cost Of Revenue": 349500000.0,
        "Total Revenue": 692800000.0,
        "Operating Revenue": 692800000.0
    },
    "2025-06-30": {
        "Tax Effect Of Unusual Items": -37044000.0,
        "Tax Rate For Calcs": 0.21,
        "Normalized EBITDA": 100000000.0,
        "Total Unusual Items": -176400000.0,
        "Total Unusual Items Excluding Goodwill": -176400000.0,
        "Net Income From Continuing Operation Net Minority Interest": -255400000.0,
        "Reconciled Depreciation": 110300000.0,
        "Reconciled Cost Of Revenue": 276600000.0,
        "EBITDA": -76400000.0,
        "EBIT": -186700000.0,
        "Net Interest Income": -43000000.0,
        "Interest Expense": 42900000.0,
        "Interest Income": 600000.0,
        "Normalized Income": -116044000.0,
        "Net Income From Continuing And Discontinued Operation": -255400000.0,
        "Total Expenses": 615700000.0,
        "Total Operating Income As Reported": -180700000.0,
        "Diluted Average Shares": 67700000.0,
        "Basic Average Shares": 67700000.0,
        "Diluted EPS": -3.77,
        "Basic EPS": -3.77,
        "Diluted NI Availto Com Stockholders": -255400000.0,
        "Net Income Common Stockholders": -255400000.0,
        "Net Income": -255400000.0,
        "Net Income Including Noncontrolling Interests": -255400000.0,
        "Net Income Continuous Operations": -255400000.0,
        "Tax Provision": 25800000.0,
        "Pretax Income": -229600000.0,
        "Other Income Expense": -184800000.0,
        "Other Non Operating Income Expenses": -8400000.0,
        "Special Income Charges": -178900000.0,
        "Write Off": NaN,
        "Impairment Of Capital Assets": 0.0,
        "Restructuring And Mergern Acquisition": 178900000.0,
        "Gain On Sale Of Security": 2500000.0,
        "Net Non Operating Interest Income Expense": -43000000.0,
        "Total Other Finance Cost": 700000.0,
        "Interest Expense Non Operating": 42900000.0,
        "Interest Income Non Operating": 600000.0,
        "Operating Income": -1800000.0,
        "Operating Expense": 276700000.0,
        "Other Operating Expenses": 5100000.0,
        "Depreciation Amortization Depletion Income Statement": 47900000.0,
        "Depreciation And Amortization In Income Statement": 47900000.0,
        "Amortization": 47900000.0,
        "Amortization Of Intangibles Income Statement": 47900000.0,
        "Research And Development": 45700000.0,
        "Selling General And Administration": 178000000.0,
        "Gross Profit": 274900000.0,
        "Cost Of Revenue": 339000000.0,
        "Total Revenue": 613900000.0,
        "Operating Revenue": 613900000.0
    }
}