{
    "2023-03-31": {
        "Tax Effect Of Unusual Items": 0.0,
        "Tax Rate For Calcs": 0.156328,
        "Net Income From Continuing Operation Net Minority Interest": 934109000.0,
        "Reconciled Depreciation": NaN,
        "Net Interest Income": 1130652000.0,
        "Interest Income": 1130652000.0,
        "Normalized Income": 934109000.0,
        "Net Income From Continuing And Discontinued Operation": 934109000.0,
        "Diluted Average Shares": 165609633.0,
        "Basic Average Shares": 161429731.0,
        "Diluted EPS": 5.64,
        "Basic EPS": 5.78,
        "Diluted NI Availto Com Stockholders": 934109000.0,
        "Net Income Common Stockholders": 934109000.0,
        "Net Income": 934109000.0,
        "Minority Interests": 4287000.0,
        "Net Income Including Noncontrolling Interests": 929822000.0,
        "Net Income Continuous Operations": 929822000.0,
        "Tax Provision": 172291000.0,
        "Pretax Income": 1102113000.0,
        "Gain On Sale Of Security": -68752000.0,
        "Selling General And Administration": 527066000.0,
        "Selling And Marketing Expense": 422177000.0,
        "General And Administrative Expense": 104889000.0,
        "Other Gand A": 104889000.0,
        "Total Revenue": 2826141000.0,
        "Operating Revenue": 2826141000.0,
        "Other Non Interest Expense": 680334000.0
    },
    "2022-12-31": {
        "Tax Effect Of Unusual Items": NaN,
        "Tax Rate For Calcs": NaN,
        "Net Income From Continuing Operation Net Minority Interest": NaN,
        "Reconciled Depreciation": 18602000.0,
        "Net Interest Income": NaN,
        "Interest Income": NaN,
        "Normalized Income": NaN,
        "Net Income From Continuing And Discontinued Operation": NaN,
        "Diluted Average Shares": NaN,
        "Basic Average Shares": NaN,
        "Diluted EPS": NaN,
        "Basic EPS": NaN,
        "Diluted NI Availto Com Stockholders": NaN,
        "Net Income Common Stockholders": NaN,
        "Net Income": NaN,
        "Minority Interests": NaN,
        "Net Income Including Noncontrolling Interests": NaN,
        "Net Income Continuous Operations": NaN,
        "Tax Provision": NaN,
        "Pretax Income": NaN,
        "Gain On Sale Of Security": NaN,
        "Selling General And Administration": NaN,
        "Selling And Marketing Expense": NaN,
        "General And Administrative Expense": NaN,
        "Other Gand A": NaN,
        "Total Revenue": NaN,
        "Operating Revenue": NaN,
        "Other Non Interest Expense": NaN
    },
    "2022-09-30": {
        "Tax Effect Of Unusual Items": 0.0,
        "Tax Rate For Calcs": 0.156344,
        "Net Income From Continuing Operation Net Minority Interest": 992835000.0,
        "Reconciled Depreciation": NaN,
        "Net Interest Income": 934870000.0,
        "Interest Income": 934870000.0,
        "Normalized Income": 992835000.0,
        "Net Income From Continuing And Discontinued Operation": 992835000.0,
        "Diluted Average Shares": 160760882.0,
        "Basic Average Shares": 156240568.0,
        "Diluted EPS": 6.18,
        "Basic EPS": 6.36,
        "Diluted NI Availto Com Stockholders": 992835000.0,
        "Net Income Common Stockholders": 992835000.0,
        "Net Income": 992835000.0,
        "Minority Interests": 4481000.0,
        "Net Income Including Noncontrolling Interests": 988354000.0,
        "Net Income Continuous Operations": 988354000.0,
        "Tax Provision": 183159000.0,
        "Pretax Income": 1171513000.0,
        "Gain On Sale Of Security": 0.0,
        "Selling General And Administration": 726825000.0,
        "Selling And Marketing Expense": 624104000.0,
        "General And Administrative Expense": 102721000.0,
        "Other Gand A": 102721000.0,
        "Total Revenue": 3401606000.0,
        "Operating Revenue": 3401606000.0
    },
    "2022-06-30": {
        "Tax Effect Of Unusual Items": 0.0,
        "Tax Rate For Calcs": 0.156071,
        "Net Income From Continuing Operation Net Minority Interest": 979839000.0,
        "Reconciled Depreciation": NaN,
        "Net Interest Income": 863343000.0,
        "Interest Income": 863343000.0,
        "Normalized Income": 979839000.0,
        "Net Income From Continuing And Discontinued Operation": 979839000.0,
        "Diluted Average Shares": 159937176.0,
        "Basic Average Shares": 155807616.0,
        "Diluted EPS": 6.12,
        "Basic EPS": 6.28,
        "Diluted NI Availto Com Stockholders": 979839000.0,
        "Net Income Common Stockholders": 979839000.0,
        "Net Income": 979839000.0,
        "Minority Interests": 4883000.0,
        "Net Income Including Noncontrolling Interests": 974956000.0,
        "Net Income Continuous Operations": 974956000.0,
        "Tax Provision": 180303000.0,
        "Pretax Income": 1155259000.0,
        "Gain On Sale Of Security": -4096000.0,
        "Selling General And Administration": 708970000.0,
        "Selling And Marketing Expense": 615080000.0,
        "General And Administrative Expense": 93890000.0,
        "Other Gand A": 93890000.0,
        "Total Revenue": 3648181000.0,
        "Operating Revenue": 3648181000.0
    },
    "2022-03-31": {
        "Diluted EPS": 1.16,
        "Total Revenue": 681,
        "Gross Profit": 584,
        "Operating Income": 214,
        "EBIT": 231,
        "Net Income": 186
    },
    "2021-12-31": {
        "Diluted EPS": 1.36,
        "Total Revenue": 725,
        "Gross Profit": 629,
        "Operating Income": 246,
        "EBIT": 261,
        "Net Income": 219
    },
    "2021-09-30": {
        "Diluted EPS": 1.52,
        "Total Revenue": 716,
        "Gross Profit": 619,
        "Operating Income": 294,
        "EBIT": 307,
        "Net Income": 243
    },
    "2021-06-30": {
        "Diluted EPS": 1.48,
        "Total Revenue": 620,
        "Gross Profit": 533,
        "Operating Income": 287,
        "EBIT": 300,
        "Net Income": 240
    },
    "2021-03-31": {
        "Diluted EPS": 1.28,
        "Total Revenue": 549,
        "Gross Profit": 476,
        "Operating Income": 238,
        "EBIT": 250,
        "Net Income": 206
    },
    "2020-12-31": {
        "Diluted EPS": 1.32,
        "Total Revenue": 611,
        "Gross Profit": 532,
        "Operating Income": 212,
        "EBIT": 237,
        "Net Income": 204
    },
    "2020-09-30": {
        "Diluted EPS": 1.18,
        "Total Revenue": 545,
        "Gross Profit": 485,
        "Operating Income": 202,
        "EBIT": 223,
        "Net Income": 181
    },
    "2020-06-30": {
        "Diluted EPS": 0.82,
        "Total Revenue": 473,
        "Gross Profit": 416,
        "Operating Income": 141,
        "EBIT": 163,
        "Net Income": 124
    },
    "2020-03-31": {
        "Diluted EPS": 0.18,
        "Total Revenue": 450,
        "Gross Profit": 400,
        "Operating Income": 26,
        "EBIT": 48,
        "Net Income": 26
    },
    "2019-12-31": {
        "Diluted EPS": 0.36,
        "Total Revenue": 339,
        "Gross Profit": 314,
        "Operating Income": 35,
        "EBIT": 35,
        "Net Income": 59
    },
    "2019-09-30": {
        "Diluted EPS": 0.68,
        "Total Revenue": 361,
        "Gross Profit": 309,
        "Operating Income": 132,
        "EBIT": 132,
        "Net Income": 103
    },
    "2019-06-30": {
        "Diluted EPS": 0.6,
        "Total Revenue": 324,
        "Gross Profit": 280,
        "Operating Income": 121,
        "EBIT": 121,
        "Net Income": 90
    },
    "2019-03-31": {
        "Diluted EPS": 0.74,
        "Total Revenue": 299,
        "Gross Profit": 265,
        "Operating Income": 128,
        "EBIT": 128,
        "Net Income": 107
    },
    "2018-12-31": {
        "Diluted EPS": 0.58,
        "Total Revenue": 228,
        "Gross Profit": 228,
        "Operating Income": 228,
        "EBIT": 228,
        "Net Income": 87
    },
    "2018-09-30": {
        "Diluted EPS": 0.0,
        "Total Revenue": NaN,
        "Gross Profit": NaN,
        "Operating Income": NaN,
        "Net Income": NaN
    },
    "2017-12-31": {
        "Diluted EPS": 0.22,
        "Total Revenue": 64,
        "Gross Profit": 64,
        "Operating Income": 64,
        "EBIT": 64,
        "Net Income": 22
    },
    "2023-06-30": {
        "Tax Effect Of Unusual Items": 0.0,
        "Tax Rate For Calcs": 0.19976,
        "Net Income From Continuing Operation Net Minority Interest": 1097440000.0,
        "Net Interest Income": 1244592000.0,
        "Interest Income": 1244592000.0,
        "Normalized Income": 1097440000.0,
        "Net Income From Continuing And Discontinued Operation": 1097440000.0,
        "Diluted Average Shares": 165459292.0,
        "Basic Average Shares": 161547938.0,
        "Diluted EPS": 6.64,
        "Basic EPS": 6.8,
        "Diluted NI Availto Com Stockholders": 1097440000.0,
        "Net Income Common Stockholders": 1097440000.0,
        "Net Income": 1097440000.0,
        "Minority Interests": 4063000.0,
        "Net Income Including Noncontrolling Interests": 1093377000.0,
        "Net Income Continuous Operations": 1093377000.0,
        "Tax Provision": 272934000.0,
        "Pretax Income": 1366311000.0,
        "Gain On Sale Of Security": -30112000.0,
        "Selling General And Administration": 549243000.0,
        "Selling And Marketing Expense": 436486000.0,
        "General And Administrative Expense": 112757000.0,
        "Other Gand A": 112757000.0,
        "Total Revenue": 3285921000.0,
        "Operating Revenue": 3285921000.0,
        "Other Non Interest Expense": 757590000.0
    },
    "2023-09-30": {
        "Tax Effect Of Unusual Items": 0.0,
        "Tax Rate For Calcs": 0.230303,
        "Net Income From Continuing Operation Net Minority Interest": 1142047000.0,
        "Net Interest Income": 1419568000.0,
        "Interest Income": 1419568000.0,
        "Normalized Income": 1142047000.0,
        "Net Income From Continuing And Discontinued Operation": 1142047000.0,
        "Diluted Average Shares": 164610414.0,
        "Basic Average Shares": 160394747.0,
        "Diluted EPS": 6.94,
        "Basic EPS": 7.12,
        "Diluted NI Availto Com Stockholders": 1142047000.0,
        "Net Income Common Stockholders": 1142047000.0,
        "Net Income": 1142047000.0,
        "Minority Interests": 4357000.0,
        "Net Income Including Noncontrolling Interests": 1137690000.0,
        "Net Income Continuous Operations": 1137690000.0,
        "Tax Provision": 340412000.0,
        "Pretax Income": 1478102000.0,
        "Gain On Sale Of Security": 0.0,
        "Selling General And Administration": 625025000.0,
        "Selling And Marketing Expense": 529632000.0,
        "General And Administrative Expense": 95393000.0,
        "Other Gand A": 95393000.0,
        "Total Revenue": 3570279000.0,
        "Operating Revenue": 3570279000.0,
        "Other Non Interest Expense": 831563000.0
    },
    "2023-12-31": {
        "Tax Effect Of Unusual Items": 0.0,
        "Tax Rate For Calcs": 0.167731,
        "Net Income From Continuing Operation Net Minority Interest": 1111740000.0,
        "Net Interest Income": 1532416000.0,
        "Interest Income": 1532416000.0,
        "Normalized Income": 1111740000.0,
        "Net Income From Continuing And Discontinued Operation": 1111740000.0,
        "Diluted Average Shares": 161652974.0,
        "Basic Average Shares": 158162875.0,
        "Diluted EPS": 6.88,
        "Basic EPS": 7.02,
        "Diluted NI Availto Com Stockholders": 1111740000.0,
        "Net Income Common Stockholders": 1111740000.0,
        "Net Income": 1111740000.0,
        "Minority Interests": 4052000.0,
        "Net Income Including Noncontrolling Interests": 1107688000.0,
        "Net Income Continuous Operations": 1107688000.0,
        "Tax Provision": 223237000.0,
        "Pretax Income": 1330925000.0,
        "Gain On Sale Of Security": 237892000.0,
        "Selling General And Administration": 659627000.0,
        "Selling And Marketing Expense": 551590000.0,
        "General And Administrative Expense": 108037000.0,
        "Other Gand A": 108037000.0,
        "Total Revenue": 3891956000.0,
        "Operating Revenue": 3891956000.0,
        "Other Non Interest Expense": 784323000.0
    },
    "2024-03-31": {
        "Tax Effect Of Unusual Items": 0.0,
        "Tax Rate For Calcs": 0.239852,
        "Net Income From Continuing Operation Net Minority Interest": 1164287000.0,
        "Net Interest Income": 1585044000.0,
        "Interest Income": 1585044000.0,
        "Normalized Income": 1164287000.0,
        "Net Income From Continuing And Discontinued Operation": 1164287000.0,
        "Diluted Average Shares": 159457578.0,
        "Basic Average Shares": 156013596.0,
        "Diluted EPS": 7.3,
        "Basic EPS": 7.46,
        "Diluted NI Availto Com Stockholders": 1164287000.0,
        "Net Income Common Stockholders": 1164287000.0,
        "Net Income": 1164287000.0,
        "Minority Interests": 4143000.0,
        "Net Income Including Noncontrolling Interests": 1160144000.0,
        "Net Income Continuous Operations": 1160144000.0,
        "Tax Provision": 366065000.0,
        "Pretax Income": 1526209000.0,
        "Gain On Sale Of Security": -99003000.0,
        "Selling General And Administration": 522032000.0,
        "Selling And Marketing Expense": 415617000.0,
        "General And Administrative Expense": 106415000.0,
        "Other Gand A": 106415000.0,
        "Total Revenue": 3324299000.0,
        "Operating Revenue": 3324299000.0,
        "Other Non Interest Expense": 316664000.0
    },
    "2024-06-30": {
        "Tax Effect Of Unusual Items": 0.0,
        "Tax Rate For Calcs": 0.337122,
        "Net Income From Continuing Operation Net Minority Interest": 1380528000.0,
        "Net Interest Income": 1736097000.0,
        "Interest Income": 1736097000.0,
        "Normalized Income": 1380528000.0,
        "Net Income From Continuing And Discontinued Operation": 1380528000.0,
        "Diluted Average Shares": 154747878.0,
        "Basic Average Shares": 151880694.0,
        "Diluted EPS": 8.92,
        "Basic EPS": 9.08,
        "Diluted NI Availto Com Stockholders": 1380528000.0,
        "Net Income Common Stockholders": 1380528000.0,
        "Net Income": 1380528000.0,
        "Minority Interests": 4020000.0,
        "Net Income Including Noncontrolling Interests": 1376508000.0,
        "Net Income Continuous Operations": 1376508000.0,
        "Tax Provision": 700055000.0,
        "Pretax Income": 2076563000.0,
        "Gain On Sale Of Security": 0.0,
        "Selling General And Administration": 461442000.0,
        "Selling And Marketing Expense": 366388000.0,
        "General And Administrative Expense": 95054000.0,
        "Other Gand A": 95054000.0,
        "Total Revenue": 3368178000.0,
        "Operating Revenue": 3368178000.0,
        "Other Non Interest Expense": -213267000.0
    },
    "2024-09-30": {
        "Tax Effect Of Unusual Items": 0.0,
        "Tax Rate For Calcs": 0.236809,
        "Net Income From Continuing Operation Net Minority Interest": 1802862000.0,
        "Net Interest Income": 1810094000.0,
        "Interest Income": 1810094000.0,
        "Normalized Income": 1802862000.0,
        "Net Income From Continuing And Discontinued Operation": 1802862000.0,
        "Diluted Average Shares": 148102826.0,
        "Basic Average Shares": 145300969.0,
        "Diluted EPS": 12.18,
        "Basic EPS": 12.4,
        "Diluted NI Availto Com Stockholders": 1802862000.0,
        "Net Income Common Stockholders": 1802862000.0,
        "Net Income": 1802862000.0,
        "Minority Interests": 4065000.0,
        "Net Income Including Noncontrolling Interests": 1798797000.0,
        "Net Income Continuous Operations": 1798797000.0,
        "Tax Provision": 558144000.0,
        "Pretax Income": 2356941000.0,
        "Gain On Sale Of Security": 0.0,
        "Selling General And Administration": 511911000.0,
        "Selling And Marketing Expense": 419936000.0,
        "General And Administrative Expense": 91975000.0,
        "Other Gand A": 91975000.0,
        "Total Revenue": 3583257000.0,
        "Operating Revenue": 3583257000.0,
        "Other Non Interest Expense": 63635000.0
    }
}