{
    "2023-03-31": {
        "Tax Effect Of Unusual Items": NaN,
        "Tax Rate For Calcs": NaN,
        "Normalized EBITDA": NaN,
        "Total Unusual Items": NaN,
        "Total Unusual Items Excluding Goodwill": NaN,
        "Net Income From Continuing Operation Net Minority Interest": NaN,
        "Reconciled Depreciation": NaN,
        "Reconciled Cost Of Revenue": NaN,
        "EBITDA": NaN,
        "EBIT": NaN,
        "Net Interest Income": NaN,
        "Interest Expense": NaN,
        "Normalized Income": NaN,
        "Net Income From Continuing And Discontinued Operation": NaN,
        "Total Expenses": NaN,
        "Total Operating Income As Reported": NaN,
        "Diluted Average Shares": NaN,
        "Basic Average Shares": NaN,
        "Diluted EPS": NaN,
        "Basic EPS": NaN,
        "Diluted NI Availto Com Stockholders": NaN,
        "Net Income Common Stockholders": NaN,
        "Net Income": NaN,
        "Net Income Including Noncontrolling Interests": NaN,
        "Net Income Continuous Operations": NaN,
        "Tax Provision": NaN,
        "Pretax Income": NaN,
        "Other Income Expense": NaN,
        "Special Income Charges": NaN,
        "Gain On Sale Of Ppe": NaN,
        "Other Special Charges": 30000.0,
        "Write Off": NaN,
        "Restructuring And Mergern Acquisition": NaN,
        "Earnings From Equity Interest": NaN,
        "Gain On Sale Of Security": NaN,
        "Net Non Operating Interest Income Expense": NaN,
        "Total Other Finance Cost": NaN,
        "Interest Expense Non Operating": NaN,
        "Operating Income": NaN,
        "Operating Expense": NaN,
        "Other Operating Expenses": NaN,
        "Provision For Doubtful Accounts": 2482000.0,
        "Depreciation Amortization Depletion Income Statement": NaN,
        "Depreciation And Amortization In Income Statement": NaN,
        "Amortization": NaN,
        "Amortization Of Intangibles Income Statement": NaN,
        "Depreciation Income Statement": NaN,
        "Selling General And Administration": NaN,
        "Selling And Marketing Expense": NaN,
        "General And Administrative Expense": NaN,
        "Other Gand A": NaN,
        "Insurance And Claims": NaN,
        "Salaries And Wages": NaN,
        "Gross Profit": NaN,
        "Cost Of Revenue": NaN,
        "Total Revenue": NaN,
        "Operating Revenue": NaN
    },
    "2022-12-31": {
        "Tax Effect Of Unusual Items": NaN,
        "Tax Rate For Calcs": NaN,
        "Normalized EBITDA": NaN,
        "Total Unusual Items": NaN,
        "Total Unusual Items Excluding Goodwill": NaN,
        "Net Income From Continuing Operation Net Minority Interest": NaN,
        "Reconciled Depreciation": NaN,
        "Reconciled Cost Of Revenue": NaN,
        "EBITDA": NaN,
        "EBIT": NaN,
        "Net Interest Income": NaN,
        "Interest Expense": 712000.0,
        "Normalized Income": NaN,
        "Net Income From Continuing And Discontinued Operation": NaN,
        "Total Expenses": NaN,
        "Total Operating Income As Reported": NaN,
        "Diluted Average Shares": NaN,
        "Basic Average Shares": NaN,
        "Diluted EPS": NaN,
        "Basic EPS": NaN,
        "Diluted NI Availto Com Stockholders": NaN,
        "Net Income Common Stockholders": NaN,
        "Net Income": NaN,
        "Net Income Including Noncontrolling Interests": NaN,
        "Net Income Continuous Operations": NaN,
        "Tax Provision": NaN,
        "Pretax Income": NaN,
        "Other Income Expense": NaN,
        "Special Income Charges": NaN,
        "Gain On Sale Of Ppe": NaN,
        "Other Special Charges": NaN,
        "Write Off": NaN,
        "Restructuring And Mergern Acquisition": NaN,
        "Earnings From Equity Interest": NaN,
        "Gain On Sale Of Security": NaN,
        "Net Non Operating Interest Income Expense": NaN,
        "Total Other Finance Cost": NaN,
        "Interest Expense Non Operating": 712000.0,
        "Operating Income": NaN,
        "Operating Expense": NaN,
        "Other Operating Expenses": NaN,
        "Provision For Doubtful Accounts": 2283000.0,
        "Depreciation Amortization Depletion Income Statement": NaN,
        "Depreciation And Amortization In Income Statement": NaN,
        "Amortization": NaN,
        "Amortization Of Intangibles Income Statement": NaN,
        "Depreciation Income Statement": NaN,
        "Selling General And Administration": NaN,
        "Selling And Marketing Expense": NaN,
        "General And Administrative Expense": NaN,
        "Other Gand A": NaN,
        "Insurance And Claims": NaN,
        "Salaries And Wages": NaN,
        "Gross Profit": NaN,
        "Cost Of Revenue": NaN,
        "Total Revenue": NaN,
        "Operating Revenue": NaN
    },
    "2022-09-30": {
        "Tax Effect Of Unusual Items": NaN,
        "Tax Rate For Calcs": NaN,
        "Normalized EBITDA": NaN,
        "Total Unusual Items": NaN,
        "Total Unusual Items Excluding Goodwill": NaN,
        "Net Income From Continuing Operation Net Minority Interest": NaN,
        "Reconciled Depreciation": NaN,
        "Reconciled Cost Of Revenue": NaN,
        "EBITDA": NaN,
        "EBIT": NaN,
        "Net Interest Income": NaN,
        "Interest Expense": 572000.0,
        "Normalized Income": NaN,
        "Net Income From Continuing And Discontinued Operation": NaN,
        "Total Expenses": NaN,
        "Total Operating Income As Reported": NaN,
        "Diluted Average Shares": NaN,
        "Basic Average Shares": NaN,
        "Diluted EPS": NaN,
        "Basic EPS": NaN,
        "Diluted NI Availto Com Stockholders": NaN,
        "Net Income Common Stockholders": NaN,
        "Net Income": NaN,
        "Net Income Including Noncontrolling Interests": NaN,
        "Net Income Continuous Operations": NaN,
        "Tax Provision": NaN,
        "Pretax Income": NaN,
        "Other Income Expense": NaN,
        "Other Non Operating Income Expenses": -527000.0,
        "Special Income Charges": NaN,
        "Gain On Sale Of Ppe": NaN,
        "Other Special Charges": -350000.0,
        "Write Off": NaN,
        "Restructuring And Mergern Acquisition": NaN,
        "Earnings From Equity Interest": NaN,
        "Gain On Sale Of Security": NaN,
        "Net Non Operating Interest Income Expense": NaN,
        "Total Other Finance Cost": NaN,
        "Interest Expense Non Operating": 572000.0,
        "Operating Income": NaN,
        "Operating Expense": NaN,
        "Other Operating Expenses": NaN,
        "Provision For Doubtful Accounts": NaN,
        "Depreciation Amortization Depletion Income Statement": NaN,
        "Depreciation And Amortization In Income Statement": NaN,
        "Amortization": NaN,
        "Amortization Of Intangibles Income Statement": NaN,
        "Depreciation Income Statement": NaN,
        "Selling General And Administration": NaN,
        "Selling And Marketing Expense": NaN,
        "General And Administrative Expense": NaN,
        "Other Gand A": NaN,
        "Insurance And Claims": NaN,
        "Salaries And Wages": NaN,
        "Gross Profit": NaN,
        "Cost Of Revenue": NaN,
        "Total Revenue": NaN,
        "Operating Revenue": NaN
    },
    "2022-06-30": {
        "Tax Effect Of Unusual Items": -1403600.0,
        "Tax Rate For Calcs": 0.4,
        "Normalized EBITDA": 9712000.0,
        "Total Unusual Items": -3509000.0,
        "Total Unusual Items Excluding Goodwill": -3509000.0,
        "Net Income From Continuing Operation Net Minority Interest": 163000.0,
        "Reconciled Depreciation": 5362000.0,
        "Reconciled Cost Of Revenue": 8907000.0,
        "EBITDA": 6203000.0,
        "EBIT": 840000.0,
        "Net Interest Income": -522000.0,
        "Interest Expense": 522000.0,
        "Normalized Income": 2268400.0,
        "Net Income From Continuing And Discontinued Operation": 163000.0,
        "Total Expenses": 32520000.0,
        "Total Operating Income As Reported": 619000.0,
        "Diluted Average Shares": 37863000.0,
        "Basic Average Shares": 33559000.0,
        "Diluted EPS": 0.004305,
        "Basic EPS": 0.004857,
        "Diluted NI Availto Com Stockholders": 163000.0,
        "Net Income Common Stockholders": 163000.0,
        "Net Income": 163000.0,
        "Net Income Including Noncontrolling Interests": 163000.0,
        "Net Income Continuous Operations": 163000.0,
        "Tax Provision": 155000.0,
        "Pretax Income": 318000.0,
        "Other Income Expense": -3332000.0,
        "Other Non Operating Income Expenses": 177000.0,
        "Special Income Charges": -3553000.0,
        "Gain On Sale Of Ppe": 7000.0,
        "Other Special Charges": NaN,
        "Write Off": 3404000.0,
        "Restructuring And Mergern Acquisition": 156000.0,
        "Gain On Sale Of Security": 44000.0,
        "Net Non Operating Interest Income Expense": -522000.0,
        "Total Other Finance Cost": NaN,
        "Interest Expense Non Operating": 522000.0,
        "Operating Income": 4172000.0,
        "Operating Expense": 23614000.0,
        "Other Operating Expenses": NaN,
        "Depreciation Amortization Depletion Income Statement": 5363000.0,
        "Depreciation And Amortization In Income Statement": 5363000.0,
        "Amortization": 761000.0,
        "Amortization Of Intangibles Income Statement": 761000.0,
        "Depreciation Income Statement": 4602000.0,
        "Selling General And Administration": 18251000.0,
        "Selling And Marketing Expense": 1062000.0,
        "General And Administrative Expense": 17189000.0,
        "Other Gand A": 5446000.0,
        "Salaries And Wages": 11743000.0,
        "Gross Profit": 27786000.0,
        "Cost Of Revenue": 8906000.0,
        "Total Revenue": 36692000.0,
        "Operating Revenue": 36692000.0
    },
    "2022-03-31": {
        "Diluted EPS": 0.14,
        "Total Revenue": 34,
        "Gross Profit": 26,
        "Operating Income": 4,
        "EBIT": 10,
        "Net Income": 5
    },
    "2021-12-31": {
        "Diluted EPS": -0.06,
        "Total Revenue": 30,
        "Gross Profit": 22,
        "Operating Income": -1,
        "EBIT": 4,
        "Net Income": -2
    },
    "2021-09-30": {
        "Diluted EPS": 0.0,
        "Total Revenue": 29,
        "Gross Profit": 21,
        "Operating Income": -29,
        "EBIT": -23,
        "Net Income": -1
    },
    "2021-06-30": {
        "Diluted EPS": 0.19,
        "Total Revenue": 26,
        "Gross Profit": 18,
        "Operating Income": -1,
        "EBIT": 4,
        "Net Income": 6
    },
    "2021-03-31": {
        "Diluted EPS": -0.43,
        "Total Revenue": 24,
        "Gross Profit": 18,
        "Operating Income": 27,
        "EBIT": 31,
        "Net Income": -12
    },
    "2020-12-31": {
        "Diluted EPS": 0.04,
        "Total Revenue": 23,
        "Gross Profit": 17,
        "Operating Income": 1,
        "EBIT": 5,
        "Net Income": 1
    },
    "2020-09-30": {
        "Diluted EPS": -0.2,
        "Total Revenue": 19,
        "Gross Profit": 13,
        "Operating Income": 0,
        "EBIT": 4,
        "Net Income": -4
    },
    "2020-06-30": {
        "Diluted EPS": -0.12,
        "Total Revenue": 19,
        "Gross Profit": 13,
        "Operating Income": 1,
        "EBIT": 4,
        "Net Income": -3
    },
    "2020-03-31": {
        "Diluted EPS": 0.14,
        "Total Revenue": 18,
        "Gross Profit": 13,
        "Operating Income": 1,
        "EBIT": 4,
        "Net Income": 3
    },
    "2019-12-31": {
        "Diluted EPS": -0.02,
        "Total Revenue": 17,
        "Gross Profit": 13,
        "Operating Income": 0,
        "EBIT": 3,
        "Net Income": -1
    },
    "2019-09-30": {
        "Diluted EPS": 0.04,
        "Total Revenue": 12,
        "Gross Profit": 9,
        "Operating Income": 4,
        "EBIT": 7,
        "Net Income": 4
    },
    "2019-06-30": {
        "Diluted EPS": -0.11,
        "Total Revenue": 16,
        "Gross Profit": 11,
        "Operating Income": -8,
        "EBIT": -5,
        "Net Income": -9
    },
    "2019-03-31": {
        "Diluted EPS": -0.01,
        "Total Revenue": 16,
        "Gross Profit": 12,
        "Operating Income": 0,
        "EBIT": 3,
        "Net Income": 0
    },
    "2018-12-31": {
        "Diluted EPS": 0.0,
        "Total Revenue": 16,
        "Gross Profit": 12,
        "Operating Income": 0,
        "EBIT": 3,
        "Net Income": 0
    },
    "2018-06-30": {
        "Diluted EPS": -0.0,
        "Total Revenue": 15,
        "Gross Profit": 11,
        "Operating Income": -1,
        "EBIT": -1,
        "Net Income": -1
    },
    "2023-06-30": {
        "Tax Effect Of Unusual Items": NaN,
        "Tax Rate For Calcs": NaN,
        "Normalized EBITDA": NaN,
        "Total Unusual Items": NaN,
        "Total Unusual Items Excluding Goodwill": NaN,
        "Net Income From Continuing Operation Net Minority Interest": NaN,
        "Reconciled Depreciation": NaN,
        "Reconciled Cost Of Revenue": NaN,
        "EBITDA": NaN,
        "EBIT": NaN,
        "Net Interest Income": NaN,
        "Interest Expense": 1969000.0,
        "Interest Income": NaN,
        "Normalized Income": NaN,
        "Net Income From Continuing And Discontinued Operation": NaN,
        "Total Expenses": NaN,
        "Total Operating Income As Reported": NaN,
        "Diluted Average Shares": NaN,
        "Basic Average Shares": NaN,
        "Diluted EPS": NaN,
        "Basic EPS": NaN,
        "Diluted NI Availto Com Stockholders": NaN,
        "Net Income Common Stockholders": NaN,
        "Net Income": NaN,
        "Net Income Including Noncontrolling Interests": NaN,
        "Net Income Continuous Operations": NaN,
        "Tax Provision": NaN,
        "Pretax Income": NaN,
        "Other Income Expense": NaN,
        "Special Income Charges": NaN,
        "Gain On Sale Of Ppe": NaN,
        "Other Special Charges": NaN,
        "Write Off": 2425000.0,
        "Restructuring And Mergern Acquisition": NaN,
        "Earnings From Equity Interest": NaN,
        "Gain On Sale Of Security": NaN,
        "Net Non Operating Interest Income Expense": NaN,
        "Total Other Finance Cost": NaN,
        "Interest Expense Non Operating": 1969000.0,
        "Interest Income Non Operating": NaN,
        "Operating Income": NaN,
        "Operating Expense": NaN,
        "Other Operating Expenses": NaN,
        "Provision For Doubtful Accounts": 2425000.0,
        "Depreciation Amortization Depletion Income Statement": NaN,
        "Depreciation And Amortization In Income Statement": NaN,
        "Amortization": NaN,
        "Amortization Of Intangibles Income Statement": NaN,
        "Depreciation Income Statement": NaN,
        "Selling General And Administration": NaN,
        "Selling And Marketing Expense": NaN,
        "General And Administrative Expense": NaN,
        "Other Gand A": NaN,
        "Insurance And Claims": NaN,
        "Salaries And Wages": NaN,
        "Gross Profit": NaN,
        "Cost Of Revenue": NaN,
        "Total Revenue": NaN,
        "Operating Revenue": NaN
    },
    "2023-09-30": {
        "Tax Effect Of Unusual Items": NaN,
        "Tax Rate For Calcs": NaN,
        "Normalized EBITDA": NaN,
        "Total Unusual Items": NaN,
        "Total Unusual Items Excluding Goodwill": NaN,
        "Net Income From Continuing Operation Net Minority Interest": NaN,
        "Reconciled Depreciation": NaN,
        "Reconciled Cost Of Revenue": NaN,
        "EBITDA": NaN,
        "EBIT": NaN,
        "Net Interest Income": NaN,
        "Interest Expense": NaN,
        "Interest Income": NaN,
        "Normalized Income": NaN,
        "Net Income From Continuing And Discontinued Operation": NaN,
        "Total Expenses": NaN,
        "Total Operating Income As Reported": NaN,
        "Diluted Average Shares": NaN,
        "Basic Average Shares": NaN,
        "Diluted EPS": NaN,
        "Basic EPS": NaN,
        "Diluted NI Availto Com Stockholders": NaN,
        "Net Income Common Stockholders": NaN,
        "Net Income": NaN,
        "Net Income Including Noncontrolling Interests": NaN,
        "Net Income Continuous Operations": NaN,
        "Tax Provision": NaN,
        "Pretax Income": NaN,
        "Other Income Expense": NaN,
        "Special Income Charges": NaN,
        "Gain On Sale Of Ppe": NaN,
        "Other Special Charges": 0.0,
        "Write Off": 2875000.0,
        "Restructuring And Mergern Acquisition": NaN,
        "Earnings From Equity Interest": NaN,
        "Gain On Sale Of Security": NaN,
        "Net Non Operating Interest Income Expense": NaN,
        "Total Other Finance Cost": NaN,
        "Interest Expense Non Operating": NaN,
        "Interest Income Non Operating": NaN,
        "Operating Income": NaN,
        "Operating Expense": NaN,
        "Other Operating Expenses": NaN,
        "Provision For Doubtful Accounts": 2875000.0,
        "Depreciation Amortization Depletion Income Statement": NaN,
        "Depreciation And Amortization In Income Statement": NaN,
        "Amortization": NaN,
        "Amortization Of Intangibles Income Statement": NaN,
        "Depreciation Income Statement": NaN,
        "Selling General And Administration": NaN,
        "Selling And Marketing Expense": NaN,
        "General And Administrative Expense": NaN,
        "Other Gand A": NaN,
        "Insurance And Claims": NaN,
        "Salaries And Wages": NaN,
        "Gross Profit": NaN,
        "Cost Of Revenue": NaN,
        "Total Revenue": NaN,
        "Operating Revenue": NaN
    },
    "2023-12-31": {
        "Tax Effect Of Unusual Items": NaN,
        "Tax Rate For Calcs": NaN,
        "Normalized EBITDA": NaN,
        "Total Unusual Items": NaN,
        "Total Unusual Items Excluding Goodwill": NaN,
        "Net Income From Continuing Operation Net Minority Interest": NaN,
        "Reconciled Depreciation": NaN,
        "Reconciled Cost Of Revenue": NaN,
        "EBITDA": NaN,
        "EBIT": NaN,
        "Net Interest Income": NaN,
        "Interest Expense": NaN,
        "Interest Income": NaN,
        "Normalized Income": NaN,
        "Net Income From Continuing And Discontinued Operation": NaN,
        "Total Expenses": NaN,
        "Total Operating Income As Reported": NaN,
        "Diluted Average Shares": NaN,
        "Basic Average Shares": NaN,
        "Diluted EPS": NaN,
        "Basic EPS": NaN,
        "Diluted NI Availto Com Stockholders": NaN,
        "Net Income Common Stockholders": NaN,
        "Net Income": NaN,
        "Net Income Including Noncontrolling Interests": NaN,
        "Net Income Continuous Operations": NaN,
        "Tax Provision": NaN,
        "Pretax Income": NaN,
        "Other Income Expense": NaN,
        "Special Income Charges": NaN,
        "Gain On Sale Of Ppe": NaN,
        "Write Off": 2790000.0,
        "Restructuring And Mergern Acquisition": NaN,
        "Earnings From Equity Interest": NaN,
        "Gain On Sale Of Security": NaN,
        "Net Non Operating Interest Income Expense": NaN,
        "Total Other Finance Cost": NaN,
        "Interest Expense Non Operating": NaN,
        "Interest Income Non Operating": NaN,
        "Operating Income": NaN,
        "Operating Expense": NaN,
        "Other Operating Expenses": NaN,
        "Provision For Doubtful Accounts": 2790000.0,
        "Depreciation Amortization Depletion Income Statement": NaN,
        "Depreciation And Amortization In Income Statement": NaN,
        "Amortization": NaN,
        "Amortization Of Intangibles Income Statement": NaN,
        "Depreciation Income Statement": NaN,
        "Selling General And Administration": NaN,
        "Selling And Marketing Expense": NaN,
        "General And Administrative Expense": NaN,
        "Other Gand A": NaN,
        "Insurance And Claims": NaN,
        "Salaries And Wages": NaN,
        "Gross Profit": NaN,
        "Cost Of Revenue": NaN,
        "Total Revenue": NaN,
        "Operating Revenue": NaN
    },
    "2024-03-31": {
        "Tax Effect Of Unusual Items": NaN,
        "Tax Rate For Calcs": NaN,
        "Normalized EBITDA": NaN,
        "Total Unusual Items": NaN,
        "Total Unusual Items Excluding Goodwill": NaN,
        "Net Income From Continuing Operation Net Minority Interest": NaN,
        "Reconciled Depreciation": NaN,
        "Reconciled Cost Of Revenue": NaN,
        "EBITDA": NaN,
        "EBIT": NaN,
        "Net Interest Income": NaN,
        "Interest Expense": NaN,
        "Interest Income": NaN,
        "Normalized Income": NaN,
        "Net Income From Continuing And Discontinued Operation": NaN,
        "Total Expenses": NaN,
        "Total Operating Income As Reported": NaN,
        "Diluted Average Shares": 42185000.0,
        "Basic Average Shares": 42185000.0,
        "Diluted EPS": -0.02,
        "Basic EPS": -0.02,
        "Diluted NI Availto Com Stockholders": NaN,
        "Net Income Common Stockholders": NaN,
        "Net Income": NaN,
        "Net Income Including Noncontrolling Interests": NaN,
        "Net Income Continuous Operations": NaN,
        "Tax Provision": NaN,
        "Pretax Income": NaN,
        "Other Income Expense": NaN,
        "Special Income Charges": NaN,
        "Gain On Sale Of Ppe": NaN,
        "Write Off": 2705000.0,
        "Restructuring And Mergern Acquisition": NaN,
        "Earnings From Equity Interest": NaN,
        "Gain On Sale Of Security": NaN,
        "Net Non Operating Interest Income Expense": NaN,
        "Total Other Finance Cost": NaN,
        "Interest Expense Non Operating": NaN,
        "Interest Income Non Operating": NaN,
        "Operating Income": NaN,
        "Operating Expense": NaN,
        "Other Operating Expenses": NaN,
        "Provision For Doubtful Accounts": 2705000.0,
        "Depreciation Amortization Depletion Income Statement": NaN,
        "Depreciation And Amortization In Income Statement": NaN,
        "Amortization": NaN,
        "Amortization Of Intangibles Income Statement": NaN,
        "Depreciation Income Statement": NaN,
        "Selling General And Administration": NaN,
        "Selling And Marketing Expense": NaN,
        "General And Administrative Expense": NaN,
        "Other Gand A": NaN,
        "Insurance And Claims": NaN,
        "Salaries And Wages": NaN,
        "Gross Profit": NaN,
        "Cost Of Revenue": NaN,
        "Total Revenue": NaN,
        "Operating Revenue": NaN
    },
    "2024-06-30": {
        "Tax Effect Of Unusual Items": NaN,
        "Tax Rate For Calcs": NaN,
        "Normalized EBITDA": NaN,
        "Total Unusual Items": NaN,
        "Total Unusual Items Excluding Goodwill": NaN,
        "Net Income From Continuing Operation Net Minority Interest": NaN,
        "Reconciled Depreciation": NaN,
        "Reconciled Cost Of Revenue": NaN,
        "EBITDA": NaN,
        "EBIT": NaN,
        "Net Interest Income": NaN,
        "Interest Expense": NaN,
        "Interest Income": 168000.0,
        "Normalized Income": NaN,
        "Net Income From Continuing And Discontinued Operation": NaN,
        "Total Expenses": NaN,
        "Total Operating Income As Reported": NaN,
        "Diluted Average Shares": 42623000.0,
        "Basic Average Shares": 42623000.0,
        "Diluted EPS": -0.04,
        "Basic EPS": -0.04,
        "Diluted NI Availto Com Stockholders": NaN,
        "Net Income Common Stockholders": NaN,
        "Net Income": NaN,
        "Net Income Including Noncontrolling Interests": NaN,
        "Net Income Continuous Operations": NaN,
        "Tax Provision": NaN,
        "Pretax Income": NaN,
        "Other Income Expense": NaN,
        "Special Income Charges": NaN,
        "Gain On Sale Of Ppe": NaN,
        "Write Off": 3208000.0,
        "Restructuring And Mergern Acquisition": NaN,
        "Earnings From Equity Interest": NaN,
        "Gain On Sale Of Security": NaN,
        "Net Non Operating Interest Income Expense": NaN,
        "Total Other Finance Cost": NaN,
        "Interest Expense Non Operating": NaN,
        "Interest Income Non Operating": 168000.0,
        "Operating Income": NaN,
        "Operating Expense": NaN,
        "Other Operating Expenses": NaN,
        "Provision For Doubtful Accounts": 3208000.0,
        "Depreciation Amortization Depletion Income Statement": NaN,
        "Depreciation And Amortization In Income Statement": NaN,
        "Amortization": NaN,
        "Amortization Of Intangibles Income Statement": NaN,
        "Depreciation Income Statement": NaN,
        "Selling General And Administration": NaN,
        "Selling And Marketing Expense": NaN,
        "General And Administrative Expense": NaN,
        "Other Gand A": NaN,
        "Insurance And Claims": NaN,
        "Salaries And Wages": NaN,
        "Gross Profit": NaN,
        "Cost Of Revenue": NaN,
        "Total Revenue": NaN,
        "Operating Revenue": NaN
    },
    "2024-09-30": {
        "Tax Effect Of Unusual Items": -95110.21814,
        "Tax Rate For Calcs": 0.107348,
        "Normalized EBITDA": 12612000.0,
        "Total Unusual Items": -886000.0,
        "Total Unusual Items Excluding Goodwill": -886000.0,
        "Net Income From Continuing Operation Net Minority Interest": -3110000.0,
        "Reconciled Depreciation": 13777000.0,
        "Reconciled Cost Of Revenue": 17665000.0,
        "EBITDA": 11726000.0,
        "EBIT": -2051000.0,
        "Net Interest Income": -1227000.0,
        "Interest Expense": 1433000.0,
        "Interest Income": NaN,
        "Normalized Income": -2319110.21814,
        "Net Income From Continuing And Discontinued Operation": -3110000.0,
        "Total Expenses": 53935000.0,
        "Total Operating Income As Reported": -1838000.0,
        "Diluted Average Shares": NaN,
        "Basic Average Shares": NaN,
        "Diluted EPS": NaN,
        "Basic EPS": NaN,
        "Diluted NI Availto Com Stockholders": -3110000.0,
        "Net Income Common Stockholders": -3110000.0,
        "Net Income": -3110000.0,
        "Net Income Including Noncontrolling Interests": -3110000.0,
        "Net Income Continuous Operations": -3110000.0,
        "Tax Provision": -374000.0,
        "Pretax Income": -3484000.0,
        "Other Income Expense": -952000.0,
        "Special Income Charges": 48000.0,
        "Gain On Sale Of Ppe": 56000.0,
        "Write Off": NaN,
        "Restructuring And Mergern Acquisition": 8000.0,
        "Earnings From Equity Interest": -66000.0,
        "Gain On Sale Of Security": -934000.0,
        "Net Non Operating Interest Income Expense": -1227000.0,
        "Total Other Finance Cost": 581000.0,
        "Interest Expense Non Operating": 1433000.0,
        "Interest Income Non Operating": NaN,
        "Operating Income": -1305000.0,
        "Operating Expense": 36270000.0,
        "Other Operating Expenses": 7138000.0,
        "Provision For Doubtful Accounts": NaN,
        "Depreciation Amortization Depletion Income Statement": 13777000.0,
        "Depreciation And Amortization In Income Statement": 13777000.0,
        "Amortization": 1521000.0,
        "Amortization Of Intangibles Income Statement": 1521000.0,
        "Depreciation Income Statement": 12256000.0,
        "Selling General And Administration": 24057000.0,
        "Selling And Marketing Expense": 1351000.0,
        "General And Administrative Expense": 22706000.0,
        "Other Gand A": 1806000.0,
        "Insurance And Claims": 389000.0,
        "Salaries And Wages": 20511000.0,
        "Gross Profit": 34965000.0,
        "Cost Of Revenue": 17665000.0,
        "Total Revenue": 52630000.0,
        "Operating Revenue": 52630000.0
    },
    "2024-12-31": {
        "Tax Effect Of Unusual Items": 32340.0,
        "Tax Rate For Calcs": 0.21,
        "Normalized EBITDA": 13086000.0,
        "Total Unusual Items": 154000.0,
        "Total Unusual Items Excluding Goodwill": 154000.0,
        "Net Income From Continuing Operation Net Minority Interest": -1084000.0,
        "Reconciled Depreciation": 12530000.0,
        "Reconciled Cost Of Revenue": 17767000.0,
        "EBITDA": 13240000.0,
        "EBIT": 710000.0,
        "Net Interest Income": -2139000.0,
        "Interest Expense": 1764000.0,
        "Interest Income": 154000.0,
        "Normalized Income": -1205660.0,
        "Net Income From Continuing And Discontinued Operation": -1084000.0,
        "Total Expenses": 60373000.0,
        "Total Operating Income As Reported": 448000.0,
        "Diluted Average Shares": 43091000.0,
        "Basic Average Shares": 43091000.0,
        "Diluted EPS": -0.03,
        "Basic EPS": -0.03,
        "Diluted NI Availto Com Stockholders": -1084000.0,
        "Net Income Common Stockholders": -1084000.0,
        "Net Income": -1084000.0,
        "Net Income Including Noncontrolling Interests": -1084000.0,
        "Net Income Continuous Operations": -1084000.0,
        "Tax Provision": 30000.0,
        "Pretax Income": -1054000.0,
        "Other Income Expense": 77000.0,
        "Special Income Charges": -31000.0,
        "Gain On Sale Of Ppe": 16000.0,
        "Write Off": NaN,
        "Restructuring And Mergern Acquisition": 47000.0,
        "Earnings From Equity Interest": -77000.0,
        "Gain On Sale Of Security": 185000.0,
        "Net Non Operating Interest Income Expense": -2139000.0,
        "Total Other Finance Cost": 529000.0,
        "Interest Expense Non Operating": 1764000.0,
        "Interest Income Non Operating": 154000.0,
        "Operating Income": 1008000.0,
        "Operating Expense": 42606000.0,
        "Other Operating Expenses": 6882000.0,
        "Provision For Doubtful Accounts": NaN,
        "Depreciation Amortization Depletion Income Statement": 12530000.0,
        "Depreciation And Amortization In Income Statement": 12530000.0,
        "Amortization": 1521000.0,
        "Amortization Of Intangibles Income Statement": 1521000.0,
        "Depreciation Income Statement": 11009000.0,
        "Selling General And Administration": 23194000.0,
        "Selling And Marketing Expense": 1385000.0,
        "General And Administrative Expense": 21809000.0,
        "Other Gand A": 1433000.0,
        "Insurance And Claims": 387000.0,
        "Salaries And Wages": 19989000.0,
        "Gross Profit": 43614000.0,
        "Cost Of Revenue": 17767000.0,
        "Total Revenue": 61381000.0,
        "Operating Revenue": 61381000.0
    },
    "2025-03-31": {
        "Tax Effect Of Unusual Items": -93030.0,
        "Tax Rate For Calcs": 0.21,
        "Normalized EBITDA": 12110000.0,
        "Total Unusual Items": -443000.0,
        "Total Unusual Items Excluding Goodwill": -443000.0,
        "Net Income From Continuing Operation Net Minority Interest": -3042000.0,
        "Reconciled Depreciation": 13007000.0,
        "Reconciled Cost Of Revenue": 15137000.0,
        "EBITDA": 11667000.0,
        "EBIT": -1341000.0,
        "Net Interest Income": -2087000.0,
        "Interest Expense": 1666000.0,
        "Interest Income": 128000.0,
        "Normalized Income": -2692030.0,
        "Net Income From Continuing And Discontinued Operation": -3042000.0,
        "Total Expenses": 57786000.0,
        "Total Operating Income As Reported": -999000.0,
        "Diluted Average Shares": 43170000.0,
        "Basic Average Shares": 43170000.0,
        "Diluted EPS": -0.07,
        "Basic EPS": -0.07,
        "Diluted NI Availto Com Stockholders": -3042000.0,
        "Net Income Common Stockholders": -3042000.0,
        "Net Income": -3042000.0,
        "Net Income Including Noncontrolling Interests": -3042000.0,
        "Net Income Continuous Operations": -3042000.0,
        "Tax Provision": 35000.0,
        "Pretax Income": -3007000.0,
        "Other Income Expense": -510000.0,
        "Special Income Charges": -40000.0,
        "Gain On Sale Of Ppe": 8000.0,
        "Write Off": NaN,
        "Restructuring And Mergern Acquisition": 48000.0,
        "Earnings From Equity Interest": -67000.0,
        "Gain On Sale Of Security": -403000.0,
        "Net Non Operating Interest Income Expense": -2087000.0,
        "Total Other Finance Cost": 549000.0,
        "Interest Expense Non Operating": 1666000.0,
        "Interest Income Non Operating": 128000.0,
        "Operating Income": -410000.0,
        "Operating Expense": 42650000.0,
        "Other Operating Expenses": 7271000.0,
        "Provision For Doubtful Accounts": NaN,
        "Depreciation Amortization Depletion Income Statement": 13008000.0,
        "Depreciation And Amortization In Income Statement": 13008000.0,
        "Amortization": 1547000.0,
        "Amortization Of Intangibles Income Statement": 1547000.0,
        "Depreciation Income Statement": 11461000.0,
        "Selling General And Administration": 22371000.0,
        "Selling And Marketing Expense": 1339000.0,
        "General And Administrative Expense": 21032000.0,
        "Other Gand A": 1579000.0,
        "Insurance And Claims": 386000.0,
        "Salaries And Wages": 19067000.0,
        "Gross Profit": 42240000.0,
        "Cost Of Revenue": 15136000.0,
        "Total Revenue": 57376000.0,
        "Operating Revenue": 57376000.0
    },
    "2025-06-30": {
        "Tax Effect Of Unusual Items": 246540.0,
        "Tax Rate For Calcs": 0.21,
        "Normalized EBITDA": 10256000.0,
        "Total Unusual Items": 1174000.0,
        "Total Unusual Items Excluding Goodwill": 1174000.0,
        "Net Income From Continuing Operation Net Minority Interest": -3025000.0,
        "Reconciled Depreciation": 12825000.0,
        "Reconciled Cost Of Revenue": 14872000.0,
        "EBITDA": 11430000.0,
        "EBIT": -1395000.0,
        "Net Interest Income": -2143000.0,
        "Interest Expense": 1595000.0,
        "Interest Income": 101000.0,
        "Normalized Income": -3952460.0,
        "Net Income From Continuing And Discontinued Operation": -3025000.0,
        "Total Expenses": 60209000.0,
        "Total Operating Income As Reported": -1823000.0,
        "Diluted Average Shares": 43459000.0,
        "Basic Average Shares": 43459000.0,
        "Diluted EPS": -0.07,
        "Basic EPS": -0.07,
        "Diluted NI Availto Com Stockholders": -3025000.0,
        "Net Income Common Stockholders": -3025000.0,
        "Net Income": -3025000.0,
        "Net Income Including Noncontrolling Interests": -3025000.0,
        "Net Income Continuous Operations": -3025000.0,
        "Tax Provision": 35000.0,
        "Pretax Income": -2990000.0,
        "Other Income Expense": 1073000.0,
        "Special Income Charges": 746000.0,
        "Gain On Sale Of Ppe": 872000.0,
        "Write Off": NaN,
        "Restructuring And Mergern Acquisition": 126000.0,
        "Earnings From Equity Interest": -101000.0,
        "Gain On Sale Of Security": 428000.0,
        "Net Non Operating Interest Income Expense": -2143000.0,
        "Total Other Finance Cost": 649000.0,
        "Interest Expense Non Operating": 1595000.0,
        "Interest Income Non Operating": 101000.0,
        "Operating Income": -1920000.0,
        "Operating Expense": 45336000.0,
        "Other Operating Expenses": 7430000.0,
        "Provision For Doubtful Accounts": NaN,
        "Depreciation Amortization Depletion Income Statement": 12824000.0,
        "Depreciation And Amortization In Income Statement": 12824000.0,
        "Amortization": 1481000.0,
        "Amortization Of Intangibles Income Statement": 1481000.0,
        "Depreciation Income Statement": 11343000.0,
        "Selling General And Administration": 25082000.0,
        "Selling And Marketing Expense": 1405000.0,
        "General And Administrative Expense": 23677000.0,
        "Other Gand A": 1979000.0,
        "Insurance And Claims": 334000.0,
        "Salaries And Wages": 21364000.0,
        "Gross Profit": 43416000.0,
        "Cost Of Revenue": 14873000.0,
        "Total Revenue": 58289000.0,
        "Operating Revenue": 58289000.0
    },
    "2025-09-30": {
        "Tax Effect Of Unusual Items": -82320.0,
        "Tax Rate For Calcs": 0.21,
        "Normalized EBITDA": 12378000.0,
        "Total Unusual Items": -392000.0,
        "Total Unusual Items Excluding Goodwill": -392000.0,
        "Net Income From Continuing Operation Net Minority Interest": -3550000.0,
        "Reconciled Depreciation": 13554000.0,
        "Reconciled Cost Of Revenue": 20406000.0,
        "EBITDA": 11986000.0,
        "EBIT": -1568000.0,
        "Net Interest Income": -2195000.0,
        "Interest Expense": 1719000.0,
        "Interest Income": 84000.0,
        "Normalized Income": -3240320.0,
        "Net Income From Continuing And Discontinued Operation": -3550000.0,
        "Total Expenses": 68934000.0,
        "Total Operating Income As Reported": -1447000.0,
        "Diluted Average Shares": NaN,
        "Basic Average Shares": NaN,
        "Diluted EPS": NaN,
        "Basic EPS": NaN,
        "Diluted NI Availto Com Stockholders": -3550000.0,
        "Net Income Common Stockholders": -3550000.0,
        "Net Income": -3550000.0,
        "Net Income Including Noncontrolling Interests": -3429000.0,
        "Net Income Continuous Operations": -3429000.0,
        "Tax Provision": 142000.0,
        "Pretax Income": -3287000.0,
        "Other Income Expense": -471000.0,
        "Special Income Charges": -266000.0,
        "Gain On Sale Of Ppe": 329000.0,
        "Write Off": NaN,
        "Restructuring And Mergern Acquisition": 595000.0,
        "Earnings From Equity Interest": -79000.0,
        "Gain On Sale Of Security": -126000.0,
        "Net Non Operating Interest Income Expense": -2195000.0,
        "Total Other Finance Cost": 560000.0,
        "Interest Expense Non Operating": 1719000.0,
        "Interest Income Non Operating": 84000.0,
        "Operating Income": -621000.0,
        "Operating Expense": 48528000.0,
        "Other Operating Expenses": 8142000.0,
        "Provision For Doubtful Accounts": NaN,
        "Depreciation Amortization Depletion Income Statement": 13554000.0,
        "Depreciation And Amortization In Income Statement": 13554000.0,
        "Amortization": 1505000.0,
        "Amortization Of Intangibles Income Statement": 1505000.0,
        "Depreciation Income Statement": 12049000.0,
        "Selling General And Administration": 26832000.0,
        "Selling And Marketing Expense": 1489000.0,
        "General And Administrative Expense": 25343000.0,
        "Other Gand A": 2033000.0,
        "Insurance And Claims": 369000.0,
        "Salaries And Wages": 22941000.0,
        "Gross Profit": 47907000.0,
        "Cost Of Revenue": 20406000.0,
        "Total Revenue": 68313000.0,
        "Operating Revenue": 68313000.0
    }
}