{
    "2023-03-31": {
        "Tax Effect Of Unusual Items": NaN,
        "Tax Rate For Calcs": NaN,
        "Normalized EBITDA": NaN,
        "Total Unusual Items": NaN,
        "Total Unusual Items Excluding Goodwill": NaN,
        "Net Income From Continuing Operation Net Minority Interest": NaN,
        "Reconciled Depreciation": NaN,
        "Reconciled Cost Of Revenue": NaN,
        "EBITDA": NaN,
        "EBIT": NaN,
        "Net Interest Income": NaN,
        "Interest Income": NaN,
        "Normalized Income": NaN,
        "Net Income From Continuing And Discontinued Operation": NaN,
        "Total Expenses": NaN,
        "Total Operating Income As Reported": NaN,
        "Diluted Average Shares": NaN,
        "Basic Average Shares": NaN,
        "Diluted EPS": NaN,
        "Basic EPS": NaN,
        "Diluted NI Availto Com Stockholders": NaN,
        "Net Income Common Stockholders": NaN,
        "Net Income": NaN,
        "Net Income Including Noncontrolling Interests": NaN,
        "Net Income Continuous Operations": NaN,
        "Tax Provision": NaN,
        "Pretax Income": NaN,
        "Other Income Expense": NaN,
        "Other Non Operating Income Expenses": -216000.0,
        "Gain On Sale Of Security": NaN,
        "Net Non Operating Interest Income Expense": NaN,
        "Interest Income Non Operating": NaN,
        "Operating Income": NaN,
        "Operating Expense": NaN,
        "Research And Development": NaN,
        "Selling General And Administration": NaN,
        "Selling And Marketing Expense": NaN,
        "General And Administrative Expense": NaN,
        "Other Gand A": NaN,
        "Gross Profit": NaN,
        "Cost Of Revenue": NaN,
        "Total Revenue": NaN,
        "Operating Revenue": NaN
    },
    "2022-12-31": {
        "Tax Effect Of Unusual Items": NaN,
        "Tax Rate For Calcs": NaN,
        "Normalized EBITDA": NaN,
        "Total Unusual Items": NaN,
        "Total Unusual Items Excluding Goodwill": NaN,
        "Net Income From Continuing Operation Net Minority Interest": NaN,
        "Reconciled Depreciation": NaN,
        "Reconciled Cost Of Revenue": NaN,
        "EBITDA": NaN,
        "EBIT": NaN,
        "Net Interest Income": NaN,
        "Interest Expense": 0.0,
        "Interest Income": NaN,
        "Normalized Income": NaN,
        "Net Income From Continuing And Discontinued Operation": NaN,
        "Total Expenses": NaN,
        "Total Operating Income As Reported": NaN,
        "Diluted Average Shares": NaN,
        "Basic Average Shares": NaN,
        "Diluted EPS": NaN,
        "Basic EPS": NaN,
        "Diluted NI Availto Com Stockholders": NaN,
        "Net Income Common Stockholders": NaN,
        "Net Income": NaN,
        "Net Income Including Noncontrolling Interests": NaN,
        "Net Income Continuous Operations": NaN,
        "Tax Provision": NaN,
        "Pretax Income": NaN,
        "Other Income Expense": NaN,
        "Other Non Operating Income Expenses": NaN,
        "Gain On Sale Of Security": NaN,
        "Net Non Operating Interest Income Expense": NaN,
        "Interest Expense Non Operating": 0.0,
        "Interest Income Non Operating": NaN,
        "Operating Income": NaN,
        "Operating Expense": NaN,
        "Research And Development": NaN,
        "Selling General And Administration": NaN,
        "Selling And Marketing Expense": NaN,
        "General And Administrative Expense": NaN,
        "Other Gand A": NaN,
        "Gross Profit": NaN,
        "Cost Of Revenue": NaN,
        "Total Revenue": NaN,
        "Operating Revenue": NaN
    },
    "2022-09-30": {
        "Tax Effect Of Unusual Items": NaN,
        "Tax Rate For Calcs": NaN,
        "Normalized EBITDA": NaN,
        "Total Unusual Items": NaN,
        "Total Unusual Items Excluding Goodwill": NaN,
        "Net Income From Continuing Operation Net Minority Interest": NaN,
        "Reconciled Depreciation": NaN,
        "Reconciled Cost Of Revenue": NaN,
        "EBITDA": NaN,
        "EBIT": NaN,
        "Net Interest Income": NaN,
        "Interest Expense": 0.0,
        "Interest Income": NaN,
        "Normalized Income": NaN,
        "Net Income From Continuing And Discontinued Operation": NaN,
        "Total Expenses": NaN,
        "Total Operating Income As Reported": NaN,
        "Diluted Average Shares": NaN,
        "Basic Average Shares": NaN,
        "Diluted EPS": NaN,
        "Basic EPS": NaN,
        "Diluted NI Availto Com Stockholders": NaN,
        "Net Income Common Stockholders": NaN,
        "Net Income": NaN,
        "Net Income Including Noncontrolling Interests": NaN,
        "Net Income Continuous Operations": NaN,
        "Tax Provision": NaN,
        "Pretax Income": NaN,
        "Other Income Expense": NaN,
        "Other Non Operating Income Expenses": NaN,
        "Gain On Sale Of Security": NaN,
        "Net Non Operating Interest Income Expense": NaN,
        "Interest Expense Non Operating": 0.0,
        "Interest Income Non Operating": NaN,
        "Operating Income": NaN,
        "Operating Expense": NaN,
        "Research And Development": NaN,
        "Selling General And Administration": NaN,
        "Selling And Marketing Expense": NaN,
        "General And Administrative Expense": NaN,
        "Other Gand A": NaN,
        "Gross Profit": NaN,
        "Cost Of Revenue": NaN,
        "Total Revenue": NaN,
        "Operating Revenue": NaN
    },
    "2022-06-30": {
        "Tax Effect Of Unusual Items": -294120.0,
        "Tax Rate For Calcs": 0.172,
        "Normalized EBITDA": 42402000.0,
        "Total Unusual Items": -1710000.0,
        "Total Unusual Items Excluding Goodwill": -1710000.0,
        "Net Income From Continuing Operation Net Minority Interest": 26596000.0,
        "Reconciled Depreciation": 8570000.0,
        "Reconciled Cost Of Revenue": 25046000.0,
        "EBITDA": 40692000.0,
        "EBIT": 32122000.0,
        "Net Interest Income": 839000.0,
        "Interest Expense": 0.0,
        "Interest Income": 839000.0,
        "Normalized Income": 28011880.0,
        "Net Income From Continuing And Discontinued Operation": 26596000.0,
        "Total Expenses": 86900000.0,
        "Total Operating Income As Reported": 32993000.0,
        "Diluted Average Shares": 39689000.0,
        "Basic Average Shares": 38738000.0,
        "Diluted EPS": 0.67,
        "Basic EPS": 0.69,
        "Diluted NI Availto Com Stockholders": 26596000.0,
        "Net Income Common Stockholders": 26596000.0,
        "Net Income": 26596000.0,
        "Net Income Including Noncontrolling Interests": 26596000.0,
        "Net Income Continuous Operations": 26596000.0,
        "Tax Provision": 5526000.0,
        "Pretax Income": 32122000.0,
        "Other Income Expense": -1710000.0,
        "Other Non Operating Income Expenses": NaN,
        "Gain On Sale Of Security": -1710000.0,
        "Net Non Operating Interest Income Expense": 839000.0,
        "Interest Expense Non Operating": 0.0,
        "Interest Income Non Operating": 839000.0,
        "Operating Income": 32993000.0,
        "Operating Expense": 61854000.0,
        "Research And Development": 24791000.0,
        "Selling General And Administration": 37063000.0,
        "Selling And Marketing Expense": 23730000.0,
        "General And Administrative Expense": 13333000.0,
        "Other Gand A": 13333000.0,
        "Gross Profit": 94847000.0,
        "Cost Of Revenue": 25046000.0,
        "Total Revenue": 119893000.0,
        "Operating Revenue": 119893000.0
    },
    "2023-06-30": {
        "Tax Effect Of Unusual Items": NaN,
        "Tax Rate For Calcs": NaN,
        "Normalized EBITDA": NaN,
        "Total Unusual Items": NaN,
        "Total Unusual Items Excluding Goodwill": NaN,
        "Net Income From Continuing Operation Net Minority Interest": NaN,
        "Reconciled Depreciation": NaN,
        "Reconciled Cost Of Revenue": NaN,
        "EBITDA": NaN,
        "EBIT": NaN,
        "Net Interest Income": NaN,
        "Interest Income": NaN,
        "Normalized Income": NaN,
        "Net Income From Continuing And Discontinued Operation": NaN,
        "Total Expenses": NaN,
        "Total Operating Income As Reported": NaN,
        "Diluted Average Shares": NaN,
        "Basic Average Shares": NaN,
        "Diluted EPS": NaN,
        "Basic EPS": NaN,
        "Diluted NI Availto Com Stockholders": NaN,
        "Net Income Common Stockholders": NaN,
        "Net Income": NaN,
        "Net Income Including Noncontrolling Interests": NaN,
        "Net Income Continuous Operations": NaN,
        "Tax Provision": NaN,
        "Pretax Income": NaN,
        "Other Income Expense": NaN,
        "Other Non Operating Income Expenses": -544000.0,
        "Gain On Sale Of Security": NaN,
        "Net Non Operating Interest Income Expense": NaN,
        "Interest Income Non Operating": NaN,
        "Operating Income": NaN,
        "Operating Expense": NaN,
        "Research And Development": NaN,
        "Selling General And Administration": NaN,
        "Selling And Marketing Expense": NaN,
        "General And Administrative Expense": NaN,
        "Other Gand A": NaN,
        "Gross Profit": NaN,
        "Cost Of Revenue": NaN,
        "Total Revenue": NaN,
        "Operating Revenue": NaN
    },
    "2022-03-31": {
        "Diluted EPS": 0.64,
        "Total Revenue": 113,
        "Gross Profit": 89,
        "Operating Income": 34,
        "EBIT": 43,
        "Net Income": 25
    },
    "2021-12-31": {
        "Diluted EPS": 0.53,
        "Total Revenue": 110,
        "Gross Profit": 86,
        "Operating Income": 29,
        "EBIT": 39,
        "Net Income": 22
    },
    "2021-09-30": {
        "Diluted EPS": 0.7,
        "Total Revenue": 105,
        "Gross Profit": 82,
        "Operating Income": 32,
        "EBIT": 42,
        "Net Income": 28
    },
    "2021-06-30": {
        "Diluted EPS": 0.53,
        "Total Revenue": 100,
        "Gross Profit": 78,
        "Operating Income": 29,
        "EBIT": 39,
        "Net Income": 21
    },
    "2021-03-31": {
        "Diluted EPS": 0.01,
        "Total Revenue": 97,
        "Gross Profit": 75,
        "Operating Income": -3,
        "EBIT": 7,
        "Net Income": 0
    },
    "2020-12-31": {
        "Diluted EPS": 0.59,
        "Total Revenue": 95,
        "Gross Profit": 74,
        "Operating Income": 24,
        "EBIT": 34,
        "Net Income": 24
    },
    "2020-09-30": {
        "Diluted EPS": 0.56,
        "Total Revenue": 93,
        "Gross Profit": 72,
        "Operating Income": 26,
        "EBIT": 35,
        "Net Income": 23
    },
    "2020-06-30": {
        "Diluted EPS": 0.64,
        "Total Revenue": 89,
        "Gross Profit": 70,
        "Operating Income": 26,
        "EBIT": 33,
        "Net Income": 26
    },
    "2020-03-31": {
        "Diluted EPS": 0.46,
        "Total Revenue": 86,
        "Gross Profit": 68,
        "Operating Income": 20,
        "EBIT": 28,
        "Net Income": 19
    },
    "2019-12-31": {
        "Diluted EPS": 0.5,
        "Total Revenue": 85,
        "Gross Profit": 68,
        "Operating Income": 20,
        "EBIT": 27,
        "Net Income": 21
    },
    "2019-09-30": {
        "Diluted EPS": 0.47,
        "Total Revenue": 83,
        "Gross Profit": 66,
        "Operating Income": 23,
        "EBIT": 30,
        "Net Income": 19
    },
    "2019-06-30": {
        "Diluted EPS": 0.39,
        "Total Revenue": 79,
        "Gross Profit": 61,
        "Operating Income": 16,
        "EBIT": 24,
        "Net Income": 16
    },
    "2019-03-31": {
        "Diluted EPS": 0.32,
        "Total Revenue": 75,
        "Gross Profit": 58,
        "Operating Income": 14,
        "EBIT": 21,
        "Net Income": 13
    },
    "2018-12-31": {
        "Diluted EPS": 0.35,
        "Total Revenue": 74,
        "Gross Profit": 57,
        "Operating Income": 13,
        "EBIT": 20,
        "Net Income": 14
    },
    "2018-09-30": {
        "Diluted EPS": 0.56,
        "Total Revenue": 72,
        "Gross Profit": 55,
        "Operating Income": 18,
        "EBIT": 25,
        "Net Income": 23
    },
    "2018-06-30": {
        "Diluted EPS": 0.24,
        "Total Revenue": 68,
        "Gross Profit": 52,
        "Operating Income": 11,
        "EBIT": 18,
        "Net Income": 10
    },
    "2018-03-31": {
        "Diluted EPS": 0.22,
        "Total Revenue": 65,
        "Gross Profit": 49,
        "Operating Income": 8,
        "EBIT": 15,
        "Net Income": 9
    },
    "2017-12-31": {
        "Diluted EPS": 0.06,
        "Total Revenue": 63,
        "Gross Profit": 49,
        "Operating Income": 10,
        "EBIT": 15,
        "Net Income": 3
    },
    "2017-09-30": {
        "Diluted EPS": 0.21,
        "Total Revenue": 59,
        "Gross Profit": 47,
        "Operating Income": 11,
        "EBIT": 16,
        "Net Income": 8
    },
    "2017-06-30": {
        "Diluted EPS": 0.18,
        "Total Revenue": 55,
        "Gross Profit": 43,
        "Operating Income": 9,
        "EBIT": 14,
        "Net Income": 7
    },
    "2017-03-31": {
        "Diluted EPS": 0.56,
        "Total Revenue": 53,
        "Gross Profit": 41,
        "Operating Income": 8,
        "EBIT": 13,
        "Net Income": 22
    },
    "2016-12-31": {
        "Diluted EPS": 0.15,
        "Total Revenue": 52,
        "Gross Profit": 40,
        "Operating Income": 9,
        "EBIT": 14,
        "Net Income": 6
    },
    "2016-09-30": {
        "Diluted EPS": 0.13,
        "Total Revenue": 51,
        "Gross Profit": 40,
        "Operating Income": 8,
        "EBIT": 13,
        "Net Income": 5
    },
    "2016-06-30": {
        "Diluted EPS": 0.09,
        "Total Revenue": 48,
        "Gross Profit": 38,
        "Operating Income": 6,
        "EBIT": 10,
        "Net Income": 4
    },
    "2016-03-31": {
        "Diluted EPS": 0.13,
        "Total Revenue": 46,
        "Gross Profit": 37,
        "Operating Income": 8,
        "EBIT": 12,
        "Net Income": 5
    },
    "2015-12-31": {
        "Diluted EPS": 0.14,
        "Total Revenue": 44,
        "Gross Profit": 35,
        "Operating Income": 8,
        "EBIT": 12,
        "Net Income": 5
    },
    "2015-09-30": {
        "Diluted EPS": 0.11,
        "Total Revenue": 42,
        "Gross Profit": 34,
        "Operating Income": 7,
        "EBIT": 11,
        "Net Income": 4
    },
    "2015-06-30": {
        "Diluted EPS": 0.09,
        "Total Revenue": 40,
        "Gross Profit": 32,
        "Operating Income": 5,
        "EBIT": 9,
        "Net Income": 3
    },
    "2015-03-31": {
        "Diluted EPS": 0.08,
        "Total Revenue": 37,
        "Gross Profit": 30,
        "Operating Income": 5,
        "EBIT": 8,
        "Net Income": 3
    },
    "2014-12-31": {
        "Diluted EPS": 0.7,
        "Total Revenue": 37,
        "Gross Profit": 29,
        "Operating Income": 4,
        "EBIT": 7,
        "Net Income": 26
    },
    "2014-09-30": {
        "Diluted EPS": 0.08,
        "Total Revenue": 34,
        "Gross Profit": 27,
        "Operating Income": 4,
        "EBIT": 7,
        "Net Income": 3
    },
    "2014-06-30": {
        "Diluted EPS": 0.04,
        "Total Revenue": 32,
        "Gross Profit": 25,
        "Operating Income": 2,
        "EBIT": 5,
        "Net Income": 2
    },
    "2014-03-31": {
        "Diluted EPS": -0.01,
        "Total Revenue": 30,
        "Gross Profit": 24,
        "Operating Income": 0,
        "EBIT": 3,
        "Net Income": 0
    },
    "2013-12-31": {
        "Diluted EPS": 0.0,
        "Total Revenue": 29,
        "Gross Profit": 23,
        "Operating Income": 0,
        "EBIT": 3,
        "Net Income": 0
    },
    "2013-09-30": {
        "Diluted EPS": 0.04,
        "Total Revenue": 28,
        "Gross Profit": 21,
        "Operating Income": 1,
        "EBIT": 4,
        "Net Income": 1
    },
    "2013-06-30": {
        "Diluted EPS": 0.02,
        "Total Revenue": 26,
        "Gross Profit": 20,
        "Operating Income": 1,
        "EBIT": 3,
        "Net Income": 1
    },
    "2013-03-31": {
        "Diluted EPS": -0.02,
        "Total Revenue": 25,
        "Gross Profit": 19,
        "Operating Income": 0,
        "EBIT": 2,
        "Net Income": -1
    },
    "2012-12-31": {
        "Diluted EPS": 0.12,
        "Total Revenue": 25,
        "Gross Profit": 20,
        "Operating Income": 2,
        "EBIT": 4,
        "Net Income": 1
    },
    "2012-09-30": {
        "Diluted EPS": 0.06,
        "Total Revenue": 23,
        "Gross Profit": 19,
        "Operating Income": 2,
        "EBIT": 4,
        "Net Income": 0
    },
    "2012-06-30": {
        "Diluted EPS": -0.05,
        "Total Revenue": 22,
        "Gross Profit": 18,
        "Operating Income": 0,
        "EBIT": 2,
        "Net Income": 0
    },
    "2012-03-31": {
        "Diluted EPS": -0.05,
        "Total Revenue": 21,
        "Gross Profit": 17,
        "Operating Income": 0,
        "EBIT": 2,
        "Net Income": 0
    },
    "2011-12-31": {
        "Diluted EPS": 0.0,
        "Total Revenue": NaN,
        "Gross Profit": NaN,
        "Operating Income": NaN,
        "EBIT": NaN,
        "Net Income": NaN
    },
    "2011-09-30": {
        "Diluted EPS": 0.02,
        "Total Revenue": 19,
        "Gross Profit": 16,
        "Operating Income": 1,
        "EBIT": 2,
        "Net Income": 0
    },
    "2011-06-30": {
        "Diluted EPS": 0.0,
        "Total Revenue": NaN,
        "Gross Profit": NaN,
        "Operating Income": NaN,
        "EBIT": NaN,
        "Net Income": NaN
    },
    "2010-12-31": {
        "Diluted EPS": 0.0,
        "Total Revenue": NaN,
        "Gross Profit": NaN,
        "Operating Income": NaN,
        "EBIT": NaN,
        "Net Income": NaN
    },
    "2009-12-31": {
        "Diluted EPS": 0.0,
        "Total Revenue": NaN,
        "Gross Profit": NaN,
        "Operating Income": NaN,
        "EBIT": NaN,
        "Net Income": NaN
    },
    "2023-09-30": {
        "Tax Effect Of Unusual Items": NaN,
        "Tax Rate For Calcs": NaN,
        "Normalized EBITDA": NaN,
        "Total Unusual Items": -708000.0,
        "Total Unusual Items Excluding Goodwill": -708000.0,
        "Net Income From Continuing Operation Net Minority Interest": NaN,
        "Reconciled Depreciation": NaN,
        "Reconciled Cost Of Revenue": NaN,
        "EBITDA": NaN,
        "EBIT": NaN,
        "Net Interest Income": NaN,
        "Interest Income": NaN,
        "Normalized Income": NaN,
        "Net Income From Continuing And Discontinued Operation": NaN,
        "Total Expenses": NaN,
        "Total Operating Income As Reported": NaN,
        "Diluted Average Shares": NaN,
        "Basic Average Shares": NaN,
        "Diluted EPS": NaN,
        "Basic EPS": NaN,
        "Diluted NI Availto Com Stockholders": NaN,
        "Net Income Common Stockholders": NaN,
        "Net Income": NaN,
        "Net Income Including Noncontrolling Interests": NaN,
        "Net Income Continuous Operations": NaN,
        "Tax Provision": NaN,
        "Pretax Income": NaN,
        "Other Income Expense": NaN,
        "Other Non Operating Income Expenses": NaN,
        "Gain On Sale Of Security": -708000.0,
        "Net Non Operating Interest Income Expense": NaN,
        "Interest Income Non Operating": NaN,
        "Operating Income": NaN,
        "Operating Expense": NaN,
        "Research And Development": NaN,
        "Selling General And Administration": NaN,
        "Selling And Marketing Expense": NaN,
        "General And Administrative Expense": NaN,
        "Other Gand A": NaN,
        "Gross Profit": NaN,
        "Cost Of Revenue": NaN,
        "Total Revenue": NaN,
        "Operating Revenue": NaN
    },
    "2023-12-31": {
        "Tax Effect Of Unusual Items": NaN,
        "Tax Rate For Calcs": NaN,
        "Normalized EBITDA": NaN,
        "Total Unusual Items": NaN,
        "Total Unusual Items Excluding Goodwill": NaN,
        "Net Income From Continuing Operation Net Minority Interest": NaN,
        "Reconciled Depreciation": NaN,
        "Reconciled Cost Of Revenue": NaN,
        "EBITDA": NaN,
        "EBIT": NaN,
        "Net Interest Income": NaN,
        "Interest Income": NaN,
        "Normalized Income": NaN,
        "Net Income From Continuing And Discontinued Operation": NaN,
        "Total Expenses": NaN,
        "Total Operating Income As Reported": NaN,
        "Diluted Average Shares": NaN,
        "Basic Average Shares": NaN,
        "Diluted EPS": NaN,
        "Basic EPS": NaN,
        "Diluted NI Availto Com Stockholders": NaN,
        "Net Income Common Stockholders": NaN,
        "Net Income": NaN,
        "Net Income Including Noncontrolling Interests": NaN,
        "Net Income Continuous Operations": NaN,
        "Tax Provision": NaN,
        "Pretax Income": NaN,
        "Other Income Expense": NaN,
        "Other Non Operating Income Expenses": -32000.0,
        "Gain On Sale Of Security": NaN,
        "Net Non Operating Interest Income Expense": NaN,
        "Interest Income Non Operating": NaN,
        "Operating Income": NaN,
        "Operating Expense": NaN,
        "Research And Development": NaN,
        "Selling General And Administration": NaN,
        "Selling And Marketing Expense": NaN,
        "General And Administrative Expense": NaN,
        "Other Gand A": NaN,
        "Gross Profit": NaN,
        "Cost Of Revenue": NaN,
        "Total Revenue": NaN,
        "Operating Revenue": NaN
    },
    "2024-03-31": {
        "Tax Effect Of Unusual Items": NaN,
        "Tax Rate For Calcs": NaN,
        "Normalized EBITDA": NaN,
        "Total Unusual Items": -1429000.0,
        "Total Unusual Items Excluding Goodwill": -1429000.0,
        "Net Income From Continuing Operation Net Minority Interest": NaN,
        "Reconciled Depreciation": NaN,
        "Reconciled Cost Of Revenue": NaN,
        "EBITDA": NaN,
        "EBIT": NaN,
        "Net Interest Income": NaN,
        "Interest Income": NaN,
        "Normalized Income": NaN,
        "Net Income From Continuing And Discontinued Operation": NaN,
        "Total Expenses": NaN,
        "Total Operating Income As Reported": NaN,
        "Diluted Average Shares": NaN,
        "Basic Average Shares": NaN,
        "Diluted EPS": NaN,
        "Basic EPS": NaN,
        "Diluted NI Availto Com Stockholders": NaN,
        "Net Income Common Stockholders": NaN,
        "Net Income": NaN,
        "Net Income Including Noncontrolling Interests": NaN,
        "Net Income Continuous Operations": NaN,
        "Tax Provision": NaN,
        "Pretax Income": NaN,
        "Other Income Expense": NaN,
        "Other Non Operating Income Expenses": 30000.0,
        "Gain On Sale Of Security": -1429000.0,
        "Net Non Operating Interest Income Expense": NaN,
        "Interest Income Non Operating": NaN,
        "Operating Income": NaN,
        "Operating Expense": NaN,
        "Research And Development": NaN,
        "Selling General And Administration": NaN,
        "Selling And Marketing Expense": NaN,
        "General And Administrative Expense": NaN,
        "Other Gand A": NaN,
        "Gross Profit": NaN,
        "Cost Of Revenue": NaN,
        "Total Revenue": NaN,
        "Operating Revenue": NaN
    },
    "2024-06-30": {
        "Tax Effect Of Unusual Items": NaN,
        "Tax Rate For Calcs": NaN,
        "Normalized EBITDA": NaN,
        "Total Unusual Items": -591000.0,
        "Total Unusual Items Excluding Goodwill": -591000.0,
        "Net Income From Continuing Operation Net Minority Interest": NaN,
        "Reconciled Depreciation": NaN,
        "Reconciled Cost Of Revenue": NaN,
        "EBITDA": NaN,
        "EBIT": NaN,
        "Net Interest Income": NaN,
        "Interest Income": NaN,
        "Normalized Income": NaN,
        "Net Income From Continuing And Discontinued Operation": NaN,
        "Total Expenses": NaN,
        "Total Operating Income As Reported": NaN,
        "Diluted Average Shares": NaN,
        "Basic Average Shares": NaN,
        "Diluted EPS": NaN,
        "Basic EPS": NaN,
        "Diluted NI Availto Com Stockholders": NaN,
        "Net Income Common Stockholders": NaN,
        "Net Income": NaN,
        "Net Income Including Noncontrolling Interests": NaN,
        "Net Income Continuous Operations": NaN,
        "Tax Provision": NaN,
        "Pretax Income": NaN,
        "Other Income Expense": NaN,
        "Other Non Operating Income Expenses": -587000.0,
        "Gain On Sale Of Security": -591000.0,
        "Net Non Operating Interest Income Expense": NaN,
        "Interest Income Non Operating": NaN,
        "Operating Income": NaN,
        "Operating Expense": NaN,
        "Research And Development": NaN,
        "Selling General And Administration": NaN,
        "Selling And Marketing Expense": NaN,
        "General And Administrative Expense": NaN,
        "Other Gand A": NaN,
        "Gross Profit": NaN,
        "Cost Of Revenue": NaN,
        "Total Revenue": NaN,
        "Operating Revenue": NaN
    },
    "2024-09-30": {
        "Tax Effect Of Unusual Items": 70785.0,
        "Tax Rate For Calcs": 0.117,
        "Normalized EBITDA": 48740000.0,
        "Total Unusual Items": 605000.0,
        "Total Unusual Items Excluding Goodwill": 605000.0,
        "Net Income From Continuing Operation Net Minority Interest": 46212000.0,
        "Reconciled Depreciation": 4391000.0,
        "Reconciled Cost Of Revenue": 28832000.0,
        "EBITDA": 49345000.0,
        "EBIT": 44954000.0,
        "Net Interest Income": 6764000.0,
        "Interest Income": 6764000.0,
        "Normalized Income": 45677785.0,
        "Net Income From Continuing And Discontinued Operation": 46212000.0,
        "Total Expenses": 108913000.0,
        "Total Operating Income As Reported": 44954000.0,
        "Diluted Average Shares": NaN,
        "Basic Average Shares": NaN,
        "Diluted EPS": NaN,
        "Basic EPS": NaN,
        "Diluted NI Availto Com Stockholders": 46212000.0,
        "Net Income Common Stockholders": 46212000.0,
        "Net Income": 46212000.0,
        "Net Income Including Noncontrolling Interests": 46212000.0,
        "Net Income Continuous Operations": 46212000.0,
        "Tax Provision": 6111000.0,
        "Pretax Income": 52323000.0,
        "Other Income Expense": 605000.0,
        "Other Non Operating Income Expenses": NaN,
        "Gain On Sale Of Security": 605000.0,
        "Net Non Operating Interest Income Expense": 6764000.0,
        "Interest Income Non Operating": 6764000.0,
        "Operating Income": 44954000.0,
        "Operating Expense": 80081000.0,
        "Research And Development": 28901000.0,
        "Selling General And Administration": 51180000.0,
        "Selling And Marketing Expense": 32686000.0,
        "General And Administrative Expense": 18494000.0,
        "Other Gand A": 18494000.0,
        "Gross Profit": 125035000.0,
        "Cost Of Revenue": 28832000.0,
        "Total Revenue": 153867000.0,
        "Operating Revenue": 153867000.0
    },
    "2024-12-31": {
        "Tax Effect Of Unusual Items": -325656.789894,
        "Tax Rate For Calcs": 0.183262,
        "Normalized EBITDA": 55293000.0,
        "Total Unusual Items": -1777000.0,
        "Total Unusual Items Excluding Goodwill": -1777000.0,
        "Net Income From Continuing Operation Net Minority Interest": 43965000.0,
        "Reconciled Depreciation": 4103000.0,
        "Reconciled Cost Of Revenue": 29037000.0,
        "EBITDA": 53516000.0,
        "EBIT": 49413000.0,
        "Net Interest Income": 6194000.0,
        "Interest Income": 6194000.0,
        "Normalized Income": 45416343.210106,
        "Net Income From Continuing And Discontinued Operation": 43965000.0,
        "Total Expenses": 109778000.0,
        "Total Operating Income As Reported": 49413000.0,
        "Diluted Average Shares": 37000000.0,
        "Basic Average Shares": 36568000.0,
        "Diluted EPS": 1.19,
        "Basic EPS": 1.2,
        "Diluted NI Availto Com Stockholders": 43965000.0,
        "Net Income Common Stockholders": 43965000.0,
        "Net Income": 43965000.0,
        "Net Income Including Noncontrolling Interests": 43965000.0,
        "Net Income Continuous Operations": 43965000.0,
        "Tax Provision": 9865000.0,
        "Pretax Income": 53830000.0,
        "Other Income Expense": -1777000.0,
        "Other Non Operating Income Expenses": 0.0,
        "Gain On Sale Of Security": -1777000.0,
        "Net Non Operating Interest Income Expense": 6194000.0,
        "Interest Income Non Operating": 6194000.0,
        "Operating Income": 49413000.0,
        "Operating Expense": 80741000.0,
        "Research And Development": 28302000.0,
        "Selling General And Administration": 52439000.0,
        "Selling And Marketing Expense": 34063000.0,
        "General And Administrative Expense": 18376000.0,
        "Other Gand A": 18376000.0,
        "Gross Profit": 130154000.0,
        "Cost Of Revenue": 29037000.0,
        "Total Revenue": 159191000.0,
        "Operating Revenue": 159191000.0
    },
    "2025-03-31": {
        "Tax Effect Of Unusual Items": 48100.0,
        "Tax Rate For Calcs": 0.185,
        "Normalized EBITDA": 55672000.0,
        "Total Unusual Items": 260000.0,
        "Total Unusual Items Excluding Goodwill": 260000.0,
        "Net Income From Continuing Operation Net Minority Interest": 47534000.0,
        "Reconciled Depreciation": 4177000.0,
        "Reconciled Cost Of Revenue": 28926000.0,
        "EBITDA": 55932000.0,
        "EBIT": 51755000.0,
        "Net Interest Income": 6235000.0,
        "Interest Income": 6235000.0,
        "Normalized Income": 47322100.0,
        "Net Income From Continuing And Discontinued Operation": 47534000.0,
        "Total Expenses": 108144000.0,
        "Total Operating Income As Reported": 51755000.0,
        "Diluted Average Shares": 36784000.0,
        "Basic Average Shares": 36466000.0,
        "Diluted EPS": 1.29,
        "Basic EPS": 1.3,
        "Diluted NI Availto Com Stockholders": 47534000.0,
        "Net Income Common Stockholders": 47534000.0,
        "Net Income": 47534000.0,
        "Net Income Including Noncontrolling Interests": 47534000.0,
        "Net Income Continuous Operations": 47534000.0,
        "Tax Provision": 10773000.0,
        "Pretax Income": 58307000.0,
        "Other Income Expense": 317000.0,
        "Other Non Operating Income Expenses": 57000.0,
        "Gain On Sale Of Security": 260000.0,
        "Net Non Operating Interest Income Expense": 6235000.0,
        "Interest Income Non Operating": 6235000.0,
        "Operating Income": 51755000.0,
        "Operating Expense": 79218000.0,
        "Research And Development": 29154000.0,
        "Selling General And Administration": 50064000.0,
        "Selling And Marketing Expense": 32660000.0,
        "General And Administrative Expense": 17404000.0,
        "Other Gand A": 17404000.0,
        "Gross Profit": 130973000.0,
        "Cost Of Revenue": 28926000.0,
        "Total Revenue": 159899000.0,
        "Operating Revenue": 159899000.0
    },
    "2025-06-30": {
        "Tax Effect Of Unusual Items": 0.0,
        "Tax Rate For Calcs": 0.196,
        "Normalized EBITDA": 55385000.0,
        "Total Unusual Items": NaN,
        "Total Unusual Items Excluding Goodwill": NaN,
        "Net Income From Continuing Operation Net Minority Interest": 47290000.0,
        "Reconciled Depreciation": 3978000.0,
        "Reconciled Cost Of Revenue": 28877000.0,
        "EBITDA": 55385000.0,
        "EBIT": 51407000.0,
        "Net Interest Income": 6407000.0,
        "Interest Income": 6407000.0,
        "Normalized Income": 47290000.0,
        "Net Income From Continuing And Discontinued Operation": 47290000.0,
        "Total Expenses": 112655000.0,
        "Total Operating Income As Reported": 51407000.0,
        "Diluted Average Shares": 36519000.0,
        "Basic Average Shares": 36253000.0,
        "Diluted EPS": 1.29,
        "Basic EPS": 1.3,
        "Diluted NI Availto Com Stockholders": 47290000.0,
        "Net Income Common Stockholders": 47290000.0,
        "Net Income": 47290000.0,
        "Net Income Including Noncontrolling Interests": 47290000.0,
        "Net Income Continuous Operations": 47290000.0,
        "Tax Provision": 11523000.0,
        "Pretax Income": 58813000.0,
        "Other Income Expense": 999000.0,
        "Other Non Operating Income Expenses": 999000.0,
        "Gain On Sale Of Security": NaN,
        "Net Non Operating Interest Income Expense": 6407000.0,
        "Interest Income Non Operating": 6407000.0,
        "Operating Income": 51407000.0,
        "Operating Expense": 83778000.0,
        "Research And Development": 30249000.0,
        "Selling General And Administration": 53529000.0,
        "Selling And Marketing Expense": 35810000.0,
        "General And Administrative Expense": 17719000.0,
        "Other Gand A": 17719000.0,
        "Gross Profit": 135185000.0,
        "Cost Of Revenue": 28877000.0,
        "Total Revenue": 164062000.0,
        "Operating Revenue": 164062000.0
    },
    "2025-09-30": {
        "Tax Effect Of Unusual Items": -214344.0,
        "Tax Rate For Calcs": 0.229,
        "Normalized EBITDA": 64089000.0,
        "Total Unusual Items": -936000.0,
        "Total Unusual Items Excluding Goodwill": -936000.0,
        "Net Income From Continuing Operation Net Minority Interest": 50346000.0,
        "Reconciled Depreciation": 3198000.0,
        "Reconciled Cost Of Revenue": 27798000.0,
        "EBITDA": 63153000.0,
        "EBIT": 59955000.0,
        "Net Interest Income": 6264000.0,
        "Interest Income": 6264000.0,
        "Normalized Income": 51067656.0,
        "Net Income From Continuing And Discontinued Operation": 50346000.0,
        "Total Expenses": 109927000.0,
        "Total Operating Income As Reported": 59955000.0,
        "Diluted Average Shares": 36293000.0,
        "Basic Average Shares": 36037000.0,
        "Diluted EPS": 1.39,
        "Basic EPS": 1.4,
        "Diluted NI Availto Com Stockholders": 50346000.0,
        "Net Income Common Stockholders": 50346000.0,
        "Net Income": 50346000.0,
        "Net Income Including Noncontrolling Interests": 50346000.0,
        "Net Income Continuous Operations": 50346000.0,
        "Tax Provision": 14936000.0,
        "Pretax Income": 65282000.0,
        "Other Income Expense": -937000.0,
        "Other Non Operating Income Expenses": -1000.0,
        "Gain On Sale Of Security": -936000.0,
        "Net Non Operating Interest Income Expense": 6264000.0,
        "Interest Income Non Operating": 6264000.0,
        "Operating Income": 59955000.0,
        "Operating Expense": 82129000.0,
        "Research And Development": 28927000.0,
        "Selling General And Administration": 53202000.0,
        "Selling And Marketing Expense": 35280000.0,
        "General And Administrative Expense": 17922000.0,
        "Other Gand A": 17922000.0,
        "Gross Profit": 142084000.0,
        "Cost Of Revenue": 27798000.0,
        "Total Revenue": 169882000.0,
        "Operating Revenue": 169882000.0
    },
    "2025-12-31": {
        "Tax Effect Of Unusual Items": NaN,
        "Tax Rate For Calcs": NaN,
        "Normalized EBITDA": NaN,
        "Total Unusual Items": NaN,
        "Total Unusual Items Excluding Goodwill": NaN,
        "Net Income From Continuing Operation Net Minority Interest": NaN,
        "Reconciled Depreciation": NaN,
        "Reconciled Cost Of Revenue": NaN,
        "EBITDA": NaN,
        "EBIT": NaN,
        "Net Interest Income": NaN,
        "Interest Income": NaN,
        "Normalized Income": NaN,
        "Net Income From Continuing And Discontinued Operation": NaN,
        "Total Expenses": NaN,
        "Total Operating Income As Reported": NaN,
        "Diluted Average Shares": 36140000.0,
        "Basic Average Shares": 35822000.0,
        "Diluted EPS": 1.47,
        "Basic EPS": 1.48,
        "Diluted NI Availto Com Stockholders": NaN,
        "Net Income Common Stockholders": NaN,
        "Net Income": NaN,
        "Net Income Including Noncontrolling Interests": NaN,
        "Net Income Continuous Operations": NaN,
        "Tax Provision": NaN,
        "Pretax Income": NaN,
        "Other Income Expense": NaN,
        "Other Non Operating Income Expenses": NaN,
        "Gain On Sale Of Security": NaN,
        "Net Non Operating Interest Income Expense": NaN,
        "Interest Income Non Operating": NaN,
        "Operating Income": NaN,
        "Operating Expense": NaN,
        "Research And Development": NaN,
        "Selling General And Administration": NaN,
        "Selling And Marketing Expense": NaN,
        "General And Administrative Expense": NaN,
        "Other Gand A": NaN,
        "Gross Profit": NaN,
        "Cost Of Revenue": NaN,
        "Total Revenue": NaN,
        "Operating Revenue": NaN
    }
}