{
    "2023-03-31": {
        "Tax Effect Of Unusual Items": NaN,
        "Tax Rate For Calcs": NaN,
        "Normalized EBITDA": NaN,
        "Net Income From Continuing Operation Net Minority Interest": NaN,
        "Reconciled Depreciation": NaN,
        "Reconciled Cost Of Revenue": NaN,
        "EBITDA": NaN,
        "EBIT": NaN,
        "Net Interest Income": NaN,
        "Interest Expense": NaN,
        "Interest Income": NaN,
        "Normalized Income": NaN,
        "Net Income From Continuing And Discontinued Operation": NaN,
        "Total Expenses": NaN,
        "Total Operating Income As Reported": NaN,
        "Diluted Average Shares": 53950000.0,
        "Basic Average Shares": 53950000.0,
        "Diluted EPS": -0.01,
        "Basic EPS": -0.01,
        "Diluted NI Availto Com Stockholders": NaN,
        "Net Income Common Stockholders": NaN,
        "Net Income": NaN,
        "Net Income Including Noncontrolling Interests": NaN,
        "Net Income Continuous Operations": NaN,
        "Tax Provision": NaN,
        "Pretax Income": NaN,
        "Other Income Expense": NaN,
        "Other Non Operating Income Expenses": NaN,
        "Net Non Operating Interest Income Expense": NaN,
        "Interest Expense Non Operating": NaN,
        "Interest Income Non Operating": NaN,
        "Operating Income": NaN,
        "Operating Expense": NaN,
        "Research And Development": NaN,
        "Selling General And Administration": NaN,
        "Selling And Marketing Expense": NaN,
        "General And Administrative Expense": NaN,
        "Other Gand A": NaN,
        "Gross Profit": NaN,
        "Cost Of Revenue": NaN,
        "Total Revenue": NaN,
        "Operating Revenue": NaN
    },
    "2022-12-31": {
        "Tax Effect Of Unusual Items": 0.0,
        "Tax Rate For Calcs": 0.149542,
        "Normalized EBITDA": -4499000.0,
        "Net Income From Continuing Operation Net Minority Interest": -7979000.0,
        "Reconciled Depreciation": 4670000.0,
        "Reconciled Cost Of Revenue": 125510000.0,
        "EBITDA": -4499000.0,
        "EBIT": -9169000.0,
        "Net Interest Income": -201000.0,
        "Interest Expense": 213000.0,
        "Interest Income": 12000.0,
        "Normalized Income": -7979000.0,
        "Net Income From Continuing And Discontinued Operation": -7979000.0,
        "Total Expenses": 143220000.0,
        "Total Operating Income As Reported": -9172000.0,
        "Diluted Average Shares": 53709000.0,
        "Basic Average Shares": 53709000.0,
        "Diluted EPS": -0.15,
        "Basic EPS": -0.15,
        "Diluted NI Availto Com Stockholders": -7979000.0,
        "Net Income Common Stockholders": -7979000.0,
        "Net Income": -7979000.0,
        "Net Income Including Noncontrolling Interests": -7979000.0,
        "Net Income Continuous Operations": -7979000.0,
        "Tax Provision": -1403000.0,
        "Pretax Income": -9382000.0,
        "Other Income Expense": -9000.0,
        "Other Non Operating Income Expenses": -9000.0,
        "Net Non Operating Interest Income Expense": -201000.0,
        "Interest Expense Non Operating": 213000.0,
        "Interest Income Non Operating": 12000.0,
        "Operating Income": -9172000.0,
        "Operating Expense": 17710000.0,
        "Research And Development": 7174000.0,
        "Selling General And Administration": 10536000.0,
        "Selling And Marketing Expense": 3166000.0,
        "General And Administrative Expense": 7370000.0,
        "Other Gand A": 7370000.0,
        "Gross Profit": 8538000.0,
        "Cost Of Revenue": 125510000.0,
        "Total Revenue": 134048000.0,
        "Operating Revenue": 132285000.0
    },
    "2022-09-30": {
        "Tax Effect Of Unusual Items": 0.0,
        "Tax Rate For Calcs": 0.121035,
        "Normalized EBITDA": -551000.0,
        "Net Income From Continuing Operation Net Minority Interest": -4517000.0,
        "Reconciled Depreciation": 4362000.0,
        "Reconciled Cost Of Revenue": 131245000.0,
        "EBITDA": -551000.0,
        "EBIT": -4913000.0,
        "Net Interest Income": -219000.0,
        "Interest Expense": 226000.0,
        "Interest Income": 7000.0,
        "Normalized Income": -4517000.0,
        "Net Income From Continuing And Discontinued Operation": -4517000.0,
        "Total Expenses": 148490000.0,
        "Total Operating Income As Reported": -4897000.0,
        "Diluted Average Shares": 53350000.0,
        "Basic Average Shares": 53350000.0,
        "Diluted EPS": -0.08,
        "Basic EPS": -0.08,
        "Diluted NI Availto Com Stockholders": -4517000.0,
        "Net Income Common Stockholders": -4517000.0,
        "Net Income": -4517000.0,
        "Net Income Including Noncontrolling Interests": -4517000.0,
        "Net Income Continuous Operations": -4517000.0,
        "Tax Provision": -622000.0,
        "Pretax Income": -5139000.0,
        "Other Income Expense": -23000.0,
        "Other Non Operating Income Expenses": -23000.0,
        "Net Non Operating Interest Income Expense": -219000.0,
        "Interest Expense Non Operating": 226000.0,
        "Interest Income Non Operating": 7000.0,
        "Operating Income": -4897000.0,
        "Operating Expense": 17245000.0,
        "Research And Development": 6826000.0,
        "Selling General And Administration": 10419000.0,
        "Selling And Marketing Expense": 3100000.0,
        "General And Administrative Expense": 7319000.0,
        "Other Gand A": 7319000.0,
        "Salaries And Wages": NaN,
        "Gross Profit": 12348000.0,
        "Cost Of Revenue": 131245000.0,
        "Total Revenue": 143593000.0,
        "Operating Revenue": 143593000.0
    },
    "2022-06-30": {
        "Tax Effect Of Unusual Items": 0.0,
        "Tax Rate For Calcs": 0.4,
        "Normalized EBITDA": 2113000.0,
        "Net Income From Continuing Operation Net Minority Interest": -4942000.0,
        "Reconciled Depreciation": 4302000.0,
        "Reconciled Cost Of Revenue": 134742000.0,
        "EBITDA": 2113000.0,
        "EBIT": -2189000.0,
        "Net Interest Income": -255000.0,
        "Interest Expense": 258000.0,
        "Interest Income": 3000.0,
        "Normalized Income": -4942000.0,
        "Net Income From Continuing And Discontinued Operation": -4942000.0,
        "Total Expenses": 148664000.0,
        "Total Operating Income As Reported": -2162000.0,
        "Diluted Average Shares": 54339000.0,
        "Basic Average Shares": 54339000.0,
        "Diluted EPS": -0.09,
        "Basic EPS": -0.09,
        "Diluted NI Availto Com Stockholders": -4942000.0,
        "Net Income Common Stockholders": -4942000.0,
        "Net Income": -4942000.0,
        "Net Income Including Noncontrolling Interests": -4942000.0,
        "Net Income Continuous Operations": -4942000.0,
        "Tax Provision": 2495000.0,
        "Pretax Income": -2447000.0,
        "Other Income Expense": -30000.0,
        "Other Non Operating Income Expenses": -30000.0,
        "Net Non Operating Interest Income Expense": -255000.0,
        "Interest Expense Non Operating": 258000.0,
        "Interest Income Non Operating": 3000.0,
        "Operating Income": -2162000.0,
        "Operating Expense": 13922000.0,
        "Research And Development": 6911000.0,
        "Selling General And Administration": 7011000.0,
        "Selling And Marketing Expense": 3269000.0,
        "General And Administrative Expense": 3742000.0,
        "Other Gand A": 3742000.0,
        "Salaries And Wages": NaN,
        "Gross Profit": 11760000.0,
        "Cost Of Revenue": 134742000.0,
        "Total Revenue": 146502000.0,
        "Operating Revenue": 145057000.0
    },
    "2022-03-31": {
        "Diluted EPS": 0.04,
        "Total Revenue": 151,
        "Gross Profit": 14,
        "Operating Income": 1,
        "EBIT": 5,
        "Net Income": 2
    },
    "2021-12-31": {
        "Diluted EPS": -0.1,
        "Total Revenue": 125,
        "Gross Profit": 10,
        "Operating Income": -8,
        "EBIT": -3,
        "Net Income": -6
    },
    "2021-09-30": {
        "Diluted EPS": 0.06,
        "Total Revenue": 160,
        "Gross Profit": 18,
        "Operating Income": 4,
        "EBIT": 8,
        "Net Income": 3
    },
    "2021-06-30": {
        "Diluted EPS": 0.06,
        "Total Revenue": 151,
        "Gross Profit": 19,
        "Operating Income": 5,
        "EBIT": 9,
        "Net Income": 3
    },
    "2021-03-31": {
        "Diluted EPS": 0.09,
        "Total Revenue": 153,
        "Gross Profit": 20,
        "Operating Income": 6,
        "EBIT": 10,
        "Net Income": 5
    },
    "2020-12-31": {
        "Diluted EPS": 0.01,
        "Total Revenue": 135,
        "Gross Profit": 15,
        "Operating Income": 0,
        "EBIT": 4,
        "Net Income": 0
    },
    "2020-09-30": {
        "Diluted EPS": 0.27,
        "Total Revenue": 139,
        "Gross Profit": 17,
        "Operating Income": 3,
        "EBIT": 7,
        "Net Income": 15
    },
    "2020-06-30": {
        "Diluted EPS": 0.03,
        "Total Revenue": 117,
        "Gross Profit": 12,
        "Operating Income": -1,
        "EBIT": 2,
        "Net Income": 2
    },
    "2020-03-31": {
        "Diluted EPS": 0.26,
        "Total Revenue": 129,
        "Gross Profit": 14,
        "Operating Income": 4,
        "EBIT": 7,
        "Net Income": 14
    },
    "2019-12-31": {
        "Diluted EPS": 0.03,
        "Total Revenue": 118,
        "Gross Profit": 13,
        "Operating Income": 1,
        "EBIT": 4,
        "Net Income": 2
    },
    "2019-09-30": {
        "Diluted EPS": 0.02,
        "Total Revenue": 127,
        "Gross Profit": 13,
        "Operating Income": 2,
        "EBIT": 4,
        "Net Income": 1
    },
    "2019-06-30": {
        "Diluted EPS": 0.06,
        "Total Revenue": 122,
        "Gross Profit": 15,
        "Operating Income": 3,
        "EBIT": 6,
        "Net Income": 3
    },
    "2019-03-31": {
        "Diluted EPS": 0.02,
        "Total Revenue": 116,
        "Gross Profit": 18,
        "Operating Income": -1,
        "EBIT": 1,
        "Net Income": 1
    },
    "2018-12-31": {
        "Diluted EPS": 1.0,
        "Total Revenue": 104,
        "Gross Profit": 13,
        "Operating Income": 3,
        "EBIT": 5,
        "Net Income": 53
    },
    "2018-09-30": {
        "Diluted EPS": 0.1,
        "Total Revenue": 113,
        "Gross Profit": 16,
        "Operating Income": 5,
        "EBIT": 7,
        "Net Income": 5
    },
    "2018-06-30": {
        "Diluted EPS": 0.11,
        "Total Revenue": 112,
        "Gross Profit": 17,
        "Operating Income": 6,
        "EBIT": 8,
        "Net Income": 5
    },
    "2018-03-31": {
        "Diluted EPS": 0.14,
        "Total Revenue": 118,
        "Gross Profit": 18,
        "Operating Income": 7,
        "EBIT": 8,
        "Net Income": 7
    },
    "2017-12-31": {
        "Diluted EPS": 0.04,
        "Total Revenue": 87,
        "Gross Profit": 12,
        "Operating Income": 2,
        "EBIT": 3,
        "Net Income": 2
    },
    "2017-09-30": {
        "Diluted EPS": 0.03,
        "Total Revenue": 87,
        "Gross Profit": 11,
        "Operating Income": 1,
        "EBIT": 4,
        "Net Income": 1
    },
    "2017-06-30": {
        "Diluted EPS": -0.03,
        "Total Revenue": 82,
        "Gross Profit": 11,
        "Operating Income": 2,
        "EBIT": 4,
        "Net Income": -1
    },
    "2017-03-31": {
        "Diluted EPS": 0.01,
        "Total Revenue": 79,
        "Gross Profit": 10,
        "Operating Income": 0,
        "EBIT": 3,
        "Net Income": 1
    },
    "2016-12-31": {
        "Diluted EPS": -0.17,
        "Total Revenue": 66,
        "Gross Profit": 4,
        "Operating Income": -8,
        "EBIT": -5,
        "Net Income": -8
    },
    "2016-09-30": {
        "Diluted EPS": -0.08,
        "Total Revenue": 73,
        "Gross Profit": 6,
        "Operating Income": -5,
        "EBIT": -2,
        "Net Income": -4
    },
    "2016-06-30": {
        "Diluted EPS": -0.08,
        "Total Revenue": 79,
        "Gross Profit": 7,
        "Operating Income": -4,
        "EBIT": 0,
        "Net Income": -3
    },
    "2016-03-31": {
        "Diluted EPS": -0.07,
        "Total Revenue": 81,
        "Gross Profit": 8,
        "Operating Income": -3,
        "EBIT": 1,
        "Net Income": -3
    },
    "2015-12-31": {
        "Diluted EPS": -0.14,
        "Total Revenue": 65,
        "Gross Profit": 5,
        "Operating Income": -6,
        "EBIT": -3,
        "Net Income": -6
    },
    "2015-09-30": {
        "Diluted EPS": -0.14,
        "Total Revenue": 72,
        "Gross Profit": 6,
        "Operating Income": -6,
        "EBIT": -2,
        "Net Income": -6
    },
    "2015-06-30": {
        "Diluted EPS": -0.12,
        "Total Revenue": 71,
        "Gross Profit": 8,
        "Operating Income": -4,
        "EBIT": 0,
        "Net Income": -5
    },
    "2015-03-31": {
        "Diluted EPS": -0.07,
        "Total Revenue": 75,
        "Gross Profit": 10,
        "Operating Income": -3,
        "EBIT": 2,
        "Net Income": -3
    },
    "2014-12-31": {
        "Diluted EPS": -0.12,
        "Total Revenue": 67,
        "Gross Profit": 6,
        "Operating Income": -5,
        "EBIT": 0,
        "Net Income": -5
    },
    "2014-09-30": {
        "Diluted EPS": -0.14,
        "Total Revenue": 69,
        "Gross Profit": 6,
        "Operating Income": -7,
        "EBIT": -2,
        "Net Income": -6
    },
    "2014-06-30": {
        "Diluted EPS": -2.27,
        "Total Revenue": 68,
        "Gross Profit": 7,
        "Operating Income": -102,
        "EBIT": -96,
        "Net Income": -99
    },
    "2014-03-31": {
        "Diluted EPS": -0.06,
        "Total Revenue": 72,
        "Gross Profit": 10,
        "Operating Income": -3,
        "EBIT": 4,
        "Net Income": -3
    },
    "2013-12-31": {
        "Diluted EPS": -1.01,
        "Total Revenue": 66,
        "Gross Profit": 10,
        "Operating Income": -3,
        "EBIT": 4,
        "Net Income": -44
    },
    "2013-09-30": {
        "Diluted EPS": -0.02,
        "Total Revenue": 77,
        "Gross Profit": 13,
        "Operating Income": 0,
        "EBIT": 7,
        "Net Income": -1
    },
    "2013-06-30": {
        "Diluted EPS": -0.04,
        "Total Revenue": 76,
        "Gross Profit": 15,
        "Operating Income": 2,
        "EBIT": 9,
        "Net Income": -2
    },
    "2013-03-31": {
        "Diluted EPS": -0.05,
        "Total Revenue": 79,
        "Gross Profit": 15,
        "Operating Income": 2,
        "EBIT": 9,
        "Net Income": -2
    },
    "2012-12-31": {
        "Diluted EPS": -1.48,
        "Total Revenue": 72,
        "Gross Profit": 10,
        "Operating Income": -94,
        "EBIT": -84,
        "Net Income": -63
    },
    "2012-09-30": {
        "Diluted EPS": -0.0,
        "Total Revenue": 79,
        "Gross Profit": 13,
        "Operating Income": 1,
        "EBIT": 9,
        "Net Income": 0
    },
    "2012-06-30": {
        "Diluted EPS": 0.02,
        "Total Revenue": 86,
        "Gross Profit": 19,
        "Operating Income": 4,
        "EBIT": 12,
        "Net Income": 0
    },
    "2012-03-31": {
        "Diluted EPS": 0.06,
        "Total Revenue": 93,
        "Gross Profit": 21,
        "Operating Income": 6,
        "EBIT": 14,
        "Net Income": 3
    },
    "2011-12-31": {
        "Diluted EPS": 0.09,
        "Total Revenue": 91,
        "Gross Profit": 22,
        "Operating Income": 8,
        "EBIT": 16,
        "Net Income": 4
    },
    "2011-09-30": {
        "Diluted EPS": 0.11,
        "Total Revenue": 101,
        "Gross Profit": 25,
        "Operating Income": 10,
        "EBIT": 17,
        "Net Income": 5
    },
    "2011-06-30": {
        "Diluted EPS": 0.12,
        "Total Revenue": 94,
        "Gross Profit": 25,
        "Operating Income": 11,
        "EBIT": 18,
        "Net Income": 6
    },
    "2011-03-31": {
        "Diluted EPS": 0.13,
        "Total Revenue": 108,
        "Gross Profit": 29,
        "Operating Income": 12,
        "EBIT": 20,
        "Net Income": 6
    },
    "2010-12-31": {
        "Diluted EPS": 0.14,
        "Total Revenue": 98,
        "Gross Profit": 27,
        "Operating Income": 11,
        "EBIT": 18,
        "Net Income": 7
    },
    "2010-09-30": {
        "Diluted EPS": 0.16,
        "Total Revenue": 104,
        "Gross Profit": 30,
        "Operating Income": 15,
        "EBIT": 21,
        "Net Income": 8
    },
    "2010-06-30": {
        "Diluted EPS": 0.15,
        "Total Revenue": 89,
        "Gross Profit": 26,
        "Operating Income": 12,
        "EBIT": 17,
        "Net Income": 6
    },
    "2010-03-31": {
        "Diluted EPS": 0.11,
        "Total Revenue": 91,
        "Gross Profit": 25,
        "Operating Income": 10,
        "EBIT": 15,
        "Net Income": 4
    },
    "2009-12-31": {
        "Diluted EPS": 0.04,
        "Total Revenue": 77,
        "Gross Profit": 20,
        "Operating Income": 5,
        "EBIT": 10,
        "Net Income": 1
    },
    "2009-09-30": {
        "Diluted EPS": 0.16,
        "Total Revenue": 79,
        "Gross Profit": 24,
        "Operating Income": 12,
        "EBIT": 16,
        "Net Income": 2
    },
    "2009-06-30": {
        "Diluted EPS": 0.0,
        "Total Revenue": NaN,
        "Gross Profit": NaN,
        "Operating Income": NaN,
        "EBIT": NaN,
        "Net Income": NaN
    },
    "2009-03-31": {
        "Diluted EPS": 0.15,
        "Total Revenue": 70,
        "Gross Profit": 23,
        "Operating Income": 13,
        "EBIT": 13,
        "Net Income": 2
    },
    "2023-06-30": {
        "Tax Effect Of Unusual Items": NaN,
        "Tax Rate For Calcs": NaN,
        "Normalized EBITDA": NaN,
        "Net Income From Continuing Operation Net Minority Interest": NaN,
        "Reconciled Depreciation": NaN,
        "Reconciled Cost Of Revenue": NaN,
        "EBITDA": NaN,
        "EBIT": NaN,
        "Net Interest Income": NaN,
        "Interest Expense": NaN,
        "Interest Income": NaN,
        "Normalized Income": NaN,
        "Net Income From Continuing And Discontinued Operation": NaN,
        "Total Expenses": NaN,
        "Total Operating Income As Reported": NaN,
        "Diluted Average Shares": 54196000.0,
        "Basic Average Shares": 54196000.0,
        "Diluted EPS": -1.03,
        "Basic EPS": -1.03,
        "Diluted NI Availto Com Stockholders": NaN,
        "Net Income Common Stockholders": NaN,
        "Net Income": NaN,
        "Net Income Including Noncontrolling Interests": NaN,
        "Net Income Continuous Operations": NaN,
        "Tax Provision": NaN,
        "Pretax Income": NaN,
        "Other Income Expense": NaN,
        "Other Non Operating Income Expenses": NaN,
        "Net Non Operating Interest Income Expense": NaN,
        "Interest Expense Non Operating": NaN,
        "Interest Income Non Operating": NaN,
        "Operating Income": NaN,
        "Operating Expense": NaN,
        "Research And Development": NaN,
        "Selling General And Administration": NaN,
        "Selling And Marketing Expense": NaN,
        "General And Administrative Expense": NaN,
        "Other Gand A": NaN,
        "Gross Profit": NaN,
        "Cost Of Revenue": NaN,
        "Total Revenue": NaN,
        "Operating Revenue": NaN
    },
    "2023-09-30": {
        "Tax Effect Of Unusual Items": 0.0,
        "Tax Rate For Calcs": 0.21,
        "Normalized EBITDA": -4366000.0,
        "Net Income From Continuing Operation Net Minority Interest": -10565000.0,
        "Reconciled Depreciation": 5338000.0,
        "Reconciled Cost Of Revenue": 116274000.0,
        "EBITDA": -4366000.0,
        "EBIT": -9704000.0,
        "Net Interest Income": 55000.0,
        "Interest Expense": 111000.0,
        "Interest Income": 166000.0,
        "Normalized Income": -10565000.0,
        "Net Income From Continuing And Discontinued Operation": -10565000.0,
        "Total Expenses": 133822000.0,
        "Total Operating Income As Reported": -9899000.0,
        "Diluted Average Shares": 54470000.0,
        "Basic Average Shares": 54470000.0,
        "Diluted EPS": -0.19,
        "Basic EPS": -0.19,
        "Diluted NI Availto Com Stockholders": -10565000.0,
        "Net Income Common Stockholders": -10565000.0,
        "Net Income": -10565000.0,
        "Net Income Including Noncontrolling Interests": -10565000.0,
        "Net Income Continuous Operations": -10565000.0,
        "Tax Provision": 750000.0,
        "Pretax Income": -9815000.0,
        "Other Income Expense": 29000.0,
        "Other Non Operating Income Expenses": 29000.0,
        "Net Non Operating Interest Income Expense": 55000.0,
        "Interest Expense Non Operating": 111000.0,
        "Interest Income Non Operating": 166000.0,
        "Operating Income": -9899000.0,
        "Operating Expense": 17548000.0,
        "Research And Development": 7637000.0,
        "Selling General And Administration": 9911000.0,
        "Selling And Marketing Expense": 3124000.0,
        "General And Administrative Expense": 6787000.0,
        "Other Gand A": 6787000.0,
        "Gross Profit": 7649000.0,
        "Cost Of Revenue": 116274000.0,
        "Total Revenue": 123923000.0,
        "Operating Revenue": 121519000.0
    },
    "2023-12-31": {
        "Tax Effect Of Unusual Items": 0.0,
        "Tax Rate For Calcs": 0.21,
        "Normalized EBITDA": -5478000.0,
        "Net Income From Continuing Operation Net Minority Interest": -11554000.0,
        "Reconciled Depreciation": 5713000.0,
        "Reconciled Cost Of Revenue": 115830000.0,
        "EBITDA": -5478000.0,
        "EBIT": -11191000.0,
        "Net Interest Income": 55000.0,
        "Interest Expense": 111000.0,
        "Interest Income": 166000.0,
        "Normalized Income": -11554000.0,
        "Net Income From Continuing And Discontinued Operation": -11554000.0,
        "Total Expenses": 134078000.0,
        "Total Operating Income As Reported": -11395000.0,
        "Diluted Average Shares": 54759000.0,
        "Basic Average Shares": 54759000.0,
        "Diluted EPS": -0.21,
        "Basic EPS": -0.21,
        "Diluted NI Availto Com Stockholders": -11554000.0,
        "Net Income Common Stockholders": -11554000.0,
        "Net Income": -11554000.0,
        "Net Income Including Noncontrolling Interests": -11554000.0,
        "Net Income Continuous Operations": -11554000.0,
        "Tax Provision": 252000.0,
        "Pretax Income": -11302000.0,
        "Other Income Expense": 38000.0,
        "Other Non Operating Income Expenses": 38000.0,
        "Net Non Operating Interest Income Expense": 55000.0,
        "Interest Expense Non Operating": 111000.0,
        "Interest Income Non Operating": 166000.0,
        "Operating Income": -11395000.0,
        "Operating Expense": 18248000.0,
        "Research And Development": 7272000.0,
        "Selling General And Administration": 10976000.0,
        "Selling And Marketing Expense": 3325000.0,
        "General And Administrative Expense": 7651000.0,
        "Other Gand A": 7651000.0,
        "Gross Profit": 6853000.0,
        "Cost Of Revenue": 115830000.0,
        "Total Revenue": 122683000.0,
        "Operating Revenue": 120667000.0
    },
    "2024-03-31": {
        "Tax Effect Of Unusual Items": NaN,
        "Tax Rate For Calcs": NaN,
        "Normalized EBITDA": NaN,
        "Net Income From Continuing Operation Net Minority Interest": NaN,
        "Reconciled Depreciation": NaN,
        "Reconciled Cost Of Revenue": NaN,
        "EBITDA": NaN,
        "EBIT": NaN,
        "Net Interest Income": NaN,
        "Interest Expense": NaN,
        "Interest Income": NaN,
        "Normalized Income": NaN,
        "Net Income From Continuing And Discontinued Operation": NaN,
        "Total Expenses": NaN,
        "Total Operating Income As Reported": NaN,
        "Diluted Average Shares": 55065000.0,
        "Basic Average Shares": 55065000.0,
        "Diluted EPS": -0.13,
        "Basic EPS": -0.13,
        "Diluted NI Availto Com Stockholders": NaN,
        "Net Income Common Stockholders": NaN,
        "Net Income": NaN,
        "Net Income Including Noncontrolling Interests": NaN,
        "Net Income Continuous Operations": NaN,
        "Tax Provision": NaN,
        "Pretax Income": NaN,
        "Other Income Expense": NaN,
        "Other Non Operating Income Expenses": NaN,
        "Net Non Operating Interest Income Expense": NaN,
        "Interest Expense Non Operating": NaN,
        "Interest Income Non Operating": NaN,
        "Operating Income": NaN,
        "Operating Expense": NaN,
        "Research And Development": NaN,
        "Selling General And Administration": NaN,
        "Selling And Marketing Expense": NaN,
        "General And Administrative Expense": NaN,
        "Other Gand A": NaN,
        "Gross Profit": NaN,
        "Cost Of Revenue": NaN,
        "Total Revenue": NaN,
        "Operating Revenue": NaN
    },
    "2024-06-30": {
        "Tax Effect Of Unusual Items": 0.0,
        "Tax Rate For Calcs": 0.21,
        "Normalized EBITDA": 5171000.0,
        "Net Income From Continuing Operation Net Minority Interest": -2164000.0,
        "Reconciled Depreciation": 6681000.0,
        "Reconciled Cost Of Revenue": 180888000.0,
        "EBITDA": 5171000.0,
        "EBIT": -1510000.0,
        "Net Interest Income": -138000.0,
        "Interest Expense": 165000.0,
        "Interest Income": 27000.0,
        "Normalized Income": -2164000.0,
        "Net Income From Continuing And Discontinued Operation": -2164000.0,
        "Total Expenses": 199760000.0,
        "Total Operating Income As Reported": -1439000.0,
        "Diluted Average Shares": NaN,
        "Basic Average Shares": NaN,
        "Diluted EPS": NaN,
        "Basic EPS": NaN,
        "Diluted NI Availto Com Stockholders": -2164000.0,
        "Net Income Common Stockholders": -2164000.0,
        "Net Income": -2164000.0,
        "Net Income Including Noncontrolling Interests": -2164000.0,
        "Net Income Continuous Operations": -2164000.0,
        "Tax Provision": 489000.0,
        "Pretax Income": -1675000.0,
        "Other Income Expense": -98000.0,
        "Other Non Operating Income Expenses": -98000.0,
        "Net Non Operating Interest Income Expense": -138000.0,
        "Interest Expense Non Operating": 165000.0,
        "Interest Income Non Operating": 27000.0,
        "Operating Income": -1439000.0,
        "Operating Expense": 18872000.0,
        "Research And Development": 7588000.0,
        "Selling General And Administration": 11284000.0,
        "Selling And Marketing Expense": 3531000.0,
        "General And Administrative Expense": 7753000.0,
        "Other Gand A": 7753000.0,
        "Gross Profit": 17433000.0,
        "Cost Of Revenue": 180888000.0,
        "Total Revenue": 198321000.0,
        "Operating Revenue": 196179000.0
    },
    "2024-09-30": {
        "Tax Effect Of Unusual Items": 0.0,
        "Tax Rate For Calcs": 0.034629,
        "Normalized EBITDA": 5150000.0,
        "Net Income From Continuing Operation Net Minority Interest": -1366000.0,
        "Reconciled Depreciation": 6441000.0,
        "Reconciled Cost Of Revenue": 250814000.0,
        "EBITDA": 5150000.0,
        "EBIT": -1291000.0,
        "Net Interest Income": -110000.0,
        "Interest Expense": 124000.0,
        "Interest Income": 14000.0,
        "Normalized Income": -1366000.0,
        "Net Income From Continuing And Discontinued Operation": -1366000.0,
        "Total Expenses": 280426000.0,
        "Total Operating Income As Reported": -1207000.0,
        "Diluted Average Shares": NaN,
        "Basic Average Shares": NaN,
        "Diluted EPS": NaN,
        "Basic EPS": NaN,
        "Diluted NI Availto Com Stockholders": -1366000.0,
        "Net Income Common Stockholders": -1366000.0,
        "Net Income": -1366000.0,
        "Net Income Including Noncontrolling Interests": -1366000.0,
        "Net Income Continuous Operations": -1366000.0,
        "Tax Provision": -49000.0,
        "Pretax Income": -1415000.0,
        "Other Income Expense": -98000.0,
        "Other Non Operating Income Expenses": -98000.0,
        "Net Non Operating Interest Income Expense": -110000.0,
        "Interest Expense Non Operating": 124000.0,
        "Interest Income Non Operating": 14000.0,
        "Operating Income": -1207000.0,
        "Operating Expense": 29612000.0,
        "Research And Development": 8620000.0,
        "Selling General And Administration": 20992000.0,
        "Selling And Marketing Expense": 4144000.0,
        "General And Administrative Expense": 16848000.0,
        "Other Gand A": 16848000.0,
        "Gross Profit": 28405000.0,
        "Cost Of Revenue": 250814000.0,
        "Total Revenue": 279219000.0,
        "Operating Revenue": 279219000.0
    },
    "2024-12-31": {
        "Tax Effect Of Unusual Items": 0.0,
        "Tax Rate For Calcs": 0.028231,
        "Normalized EBITDA": 4770000.0,
        "Net Income From Continuing Operation Net Minority Interest": -1549000.0,
        "Reconciled Depreciation": 6238000.0,
        "Reconciled Cost Of Revenue": 255842000.0,
        "EBITDA": 4770000.0,
        "EBIT": -1468000.0,
        "Net Interest Income": -123000.0,
        "Interest Expense": 126000.0,
        "Interest Income": 3000.0,
        "Normalized Income": -1549000.0,
        "Net Income From Continuing And Discontinued Operation": -1549000.0,
        "Total Expenses": 283984000.0,
        "Total Operating Income As Reported": -1388000.0,
        "Diluted Average Shares": 56335000.0,
        "Basic Average Shares": 56335000.0,
        "Diluted EPS": -0.03,
        "Basic EPS": -0.03,
        "Diluted NI Availto Com Stockholders": -1549000.0,
        "Net Income Common Stockholders": -1549000.0,
        "Net Income": -1549000.0,
        "Net Income Including Noncontrolling Interests": -1549000.0,
        "Net Income Continuous Operations": -1549000.0,
        "Tax Provision": -45000.0,
        "Pretax Income": -1594000.0,
        "Other Income Expense": -83000.0,
        "Other Non Operating Income Expenses": -83000.0,
        "Net Non Operating Interest Income Expense": -123000.0,
        "Interest Expense Non Operating": 126000.0,
        "Interest Income Non Operating": 3000.0,
        "Operating Income": -1388000.0,
        "Operating Expense": 28142000.0,
        "Research And Development": 8710000.0,
        "Selling General And Administration": 19432000.0,
        "Selling And Marketing Expense": 5083000.0,
        "General And Administrative Expense": 14349000.0,
        "Other Gand A": 14349000.0,
        "Gross Profit": 26754000.0,
        "Cost Of Revenue": 255842000.0,
        "Total Revenue": 282596000.0,
        "Operating Revenue": 279509000.0
    },
    "2025-03-31": {
        "Tax Effect Of Unusual Items": 0.0,
        "Tax Rate For Calcs": 0.097486,
        "Normalized EBITDA": 10928000.0,
        "Net Income From Continuing Operation Net Minority Interest": 4416000.0,
        "Reconciled Depreciation": 5969000.0,
        "Reconciled Cost Of Revenue": 241980000.0,
        "EBITDA": 10928000.0,
        "EBIT": 4959000.0,
        "Net Interest Income": -63000.0,
        "Interest Expense": 66000.0,
        "Interest Income": 3000.0,
        "Normalized Income": 4416000.0,
        "Net Income From Continuing And Discontinued Operation": 4416000.0,
        "Total Expenses": 264930000.0,
        "Total Operating Income As Reported": 4912000.0,
        "Diluted Average Shares": 58657000.0,
        "Basic Average Shares": 56696000.0,
        "Diluted EPS": 0.08,
        "Basic EPS": 0.08,
        "Diluted NI Availto Com Stockholders": 4416000.0,
        "Net Income Common Stockholders": 4416000.0,
        "Net Income": 4416000.0,
        "Net Income Including Noncontrolling Interests": 4416000.0,
        "Net Income Continuous Operations": 4416000.0,
        "Tax Provision": 477000.0,
        "Pretax Income": 4893000.0,
        "Other Income Expense": 44000.0,
        "Other Non Operating Income Expenses": 44000.0,
        "Net Non Operating Interest Income Expense": -63000.0,
        "Interest Expense Non Operating": 66000.0,
        "Interest Income Non Operating": 3000.0,
        "Operating Income": 4912000.0,
        "Operating Expense": 22950000.0,
        "Research And Development": 8850000.0,
        "Selling General And Administration": 14100000.0,
        "Selling And Marketing Expense": 5140000.0,
        "General And Administrative Expense": 8960000.0,
        "Other Gand A": 8960000.0,
        "Gross Profit": 27862000.0,
        "Cost Of Revenue": 241980000.0,
        "Total Revenue": 269842000.0,
        "Operating Revenue": 265172000.0
    },
    "2025-06-30": {
        "Tax Effect Of Unusual Items": 0.0,
        "Tax Rate For Calcs": 0.144839,
        "Normalized EBITDA": 9691000.0,
        "Net Income From Continuing Operation Net Minority Interest": 3206000.0,
        "Reconciled Depreciation": 5858000.0,
        "Reconciled Cost Of Revenue": 234204000.0,
        "EBITDA": 9691000.0,
        "EBIT": 3833000.0,
        "Net Interest Income": -81000.0,
        "Interest Expense": 84000.0,
        "Interest Income": 3000.0,
        "Normalized Income": 3206000.0,
        "Net Income From Continuing And Discontinued Operation": 3206000.0,
        "Total Expenses": 258178000.0,
        "Total Operating Income As Reported": 3876000.0,
        "Diluted Average Shares": 58240000.0,
        "Basic Average Shares": 57066000.0,
        "Diluted EPS": 0.06,
        "Basic EPS": 0.06,
        "Diluted NI Availto Com Stockholders": 3206000.0,
        "Net Income Common Stockholders": 3206000.0,
        "Net Income": 3206000.0,
        "Net Income Including Noncontrolling Interests": 3206000.0,
        "Net Income Continuous Operations": 3206000.0,
        "Tax Provision": 543000.0,
        "Pretax Income": 3749000.0,
        "Other Income Expense": -46000.0,
        "Other Non Operating Income Expenses": -46000.0,
        "Net Non Operating Interest Income Expense": -81000.0,
        "Interest Expense Non Operating": 84000.0,
        "Interest Income Non Operating": 3000.0,
        "Operating Income": 3876000.0,
        "Operating Expense": 23974000.0,
        "Research And Development": 7692000.0,
        "Selling General And Administration": 16282000.0,
        "Selling And Marketing Expense": 3922000.0,
        "General And Administrative Expense": 12360000.0,
        "Other Gand A": 12360000.0,
        "Gross Profit": 27850000.0,
        "Cost Of Revenue": 234204000.0,
        "Total Revenue": 262054000.0,
        "Operating Revenue": 258304000.0
    },
    "2025-09-30": {
        "Tax Effect Of Unusual Items": 0.0,
        "Tax Rate For Calcs": 0.038991,
        "Normalized EBITDA": 10602000.0,
        "Net Income From Continuing Operation Net Minority Interest": 4535000.0,
        "Reconciled Depreciation": 5815000.0,
        "Reconciled Cost Of Revenue": 258913000.0,
        "EBITDA": 10602000.0,
        "EBIT": 4787000.0,
        "Net Interest Income": -65000.0,
        "Interest Expense": 68000.0,
        "Interest Income": 3000.0,
        "Normalized Income": 4535000.0,
        "Net Income From Continuing And Discontinued Operation": 4535000.0,
        "Total Expenses": 281064000.0,
        "Total Operating Income As Reported": 4789000.0,
        "Diluted Average Shares": 58769000.0,
        "Basic Average Shares": 57358000.0,
        "Diluted EPS": 0.08,
        "Basic EPS": 0.08,
        "Diluted NI Availto Com Stockholders": 4535000.0,
        "Net Income Common Stockholders": 4535000.0,
        "Net Income": 4535000.0,
        "Net Income Including Noncontrolling Interests": 4535000.0,
        "Net Income Continuous Operations": 4535000.0,
        "Tax Provision": 184000.0,
        "Pretax Income": 4719000.0,
        "Other Income Expense": -5000.0,
        "Other Non Operating Income Expenses": -5000.0,
        "Net Non Operating Interest Income Expense": -65000.0,
        "Interest Expense Non Operating": 68000.0,
        "Interest Income Non Operating": 3000.0,
        "Operating Income": 4789000.0,
        "Operating Expense": 22151000.0,
        "Research And Development": 8159000.0,
        "Selling General And Administration": 13992000.0,
        "Selling And Marketing Expense": 4726000.0,
        "General And Administrative Expense": 9266000.0,
        "Other Gand A": 9266000.0,
        "Gross Profit": 26940000.0,
        "Cost Of Revenue": 258913000.0,
        "Total Revenue": 285853000.0,
        "Operating Revenue": 285853000.0
    },
    "2025-12-31": {
        "Tax Effect Of Unusual Items": NaN,
        "Tax Rate For Calcs": NaN,
        "Normalized EBITDA": NaN,
        "Net Income From Continuing Operation Net Minority Interest": NaN,
        "Reconciled Depreciation": NaN,
        "Reconciled Cost Of Revenue": NaN,
        "EBITDA": NaN,
        "EBIT": NaN,
        "Net Interest Income": NaN,
        "Interest Expense": NaN,
        "Interest Income": NaN,
        "Normalized Income": NaN,
        "Net Income From Continuing And Discontinued Operation": NaN,
        "Total Expenses": NaN,
        "Total Operating Income As Reported": NaN,
        "Diluted Average Shares": 57919000.0,
        "Basic Average Shares": 56959000.0,
        "Diluted EPS": 0.87,
        "Basic EPS": 0.88,
        "Diluted NI Availto Com Stockholders": NaN,
        "Net Income Common Stockholders": NaN,
        "Net Income": NaN,
        "Net Income Including Noncontrolling Interests": NaN,
        "Net Income Continuous Operations": NaN,
        "Tax Provision": NaN,
        "Pretax Income": NaN,
        "Other Income Expense": NaN,
        "Other Non Operating Income Expenses": NaN,
        "Net Non Operating Interest Income Expense": NaN,
        "Interest Expense Non Operating": NaN,
        "Interest Income Non Operating": NaN,
        "Operating Income": NaN,
        "Operating Expense": NaN,
        "Research And Development": NaN,
        "Selling General And Administration": NaN,
        "Selling And Marketing Expense": NaN,
        "General And Administrative Expense": NaN,
        "Other Gand A": NaN,
        "Gross Profit": NaN,
        "Cost Of Revenue": NaN,
        "Total Revenue": NaN,
        "Operating Revenue": NaN
    }
}