{
    "2023-03-31": {
        "Tax Effect Of Unusual Items": NaN,
        "Tax Rate For Calcs": NaN,
        "Normalized EBITDA": NaN,
        "Net Income From Continuing Operation Net Minority Interest": NaN,
        "Reconciled Depreciation": NaN,
        "Reconciled Cost Of Revenue": NaN,
        "EBITDA": NaN,
        "EBIT": NaN,
        "Net Interest Income": NaN,
        "Interest Expense": NaN,
        "Normalized Income": NaN,
        "Net Income From Continuing And Discontinued Operation": NaN,
        "Total Expenses": NaN,
        "Total Operating Income As Reported": NaN,
        "Diluted Average Shares": 19932000.0,
        "Basic Average Shares": 19932000.0,
        "Diluted EPS": -0.1,
        "Basic EPS": -0.1,
        "Diluted NI Availto Com Stockholders": NaN,
        "Net Income Common Stockholders": NaN,
        "Net Income": NaN,
        "Net Income Including Noncontrolling Interests": NaN,
        "Net Income Continuous Operations": NaN,
        "Tax Provision": NaN,
        "Pretax Income": NaN,
        "Net Non Operating Interest Income Expense": NaN,
        "Interest Expense Non Operating": NaN,
        "Operating Income": NaN,
        "Operating Expense": NaN,
        "Depreciation Amortization Depletion Income Statement": NaN,
        "Depreciation And Amortization In Income Statement": NaN,
        "Selling General And Administration": NaN,
        "Gross Profit": NaN,
        "Cost Of Revenue": NaN,
        "Total Revenue": NaN,
        "Operating Revenue": NaN
    },
    "2022-12-31": {
        "Tax Effect Of Unusual Items": NaN,
        "Tax Rate For Calcs": NaN,
        "Normalized EBITDA": NaN,
        "Net Income From Continuing Operation Net Minority Interest": NaN,
        "Reconciled Depreciation": NaN,
        "Reconciled Cost Of Revenue": NaN,
        "EBITDA": NaN,
        "EBIT": NaN,
        "Net Interest Income": NaN,
        "Interest Expense": NaN,
        "Normalized Income": NaN,
        "Net Income From Continuing And Discontinued Operation": NaN,
        "Total Expenses": NaN,
        "Total Operating Income As Reported": NaN,
        "Diluted Average Shares": 19922000.0,
        "Basic Average Shares": 19922000.0,
        "Diluted EPS": -0.17,
        "Basic EPS": -0.17,
        "Diluted NI Availto Com Stockholders": NaN,
        "Net Income Common Stockholders": NaN,
        "Net Income": NaN,
        "Net Income Including Noncontrolling Interests": NaN,
        "Net Income Continuous Operations": NaN,
        "Tax Provision": NaN,
        "Pretax Income": NaN,
        "Net Non Operating Interest Income Expense": NaN,
        "Interest Expense Non Operating": NaN,
        "Operating Income": NaN,
        "Operating Expense": NaN,
        "Depreciation Amortization Depletion Income Statement": NaN,
        "Depreciation And Amortization In Income Statement": NaN,
        "Selling General And Administration": NaN,
        "Gross Profit": NaN,
        "Cost Of Revenue": NaN,
        "Total Revenue": NaN,
        "Operating Revenue": NaN
    },
    "2022-09-30": {
        "Tax Effect Of Unusual Items": 0.0,
        "Tax Rate For Calcs": 0.4,
        "Normalized EBITDA": 2931515.0,
        "Net Income From Continuing Operation Net Minority Interest": -1686335.0,
        "Reconciled Depreciation": 2554242.0,
        "Reconciled Cost Of Revenue": 61094057.0,
        "EBITDA": 2931515.0,
        "EBIT": 377273.0,
        "Net Interest Income": -1911989.0,
        "Interest Expense": 1911989.0,
        "Normalized Income": -1686335.0,
        "Net Income From Continuing And Discontinued Operation": -1686335.0,
        "Total Expenses": 72981020.0,
        "Total Operating Income As Reported": 377273.0,
        "Diluted Average Shares": 19368192.0,
        "Basic Average Shares": 19368192.0,
        "Diluted EPS": -0.09,
        "Basic EPS": -0.09,
        "Diluted NI Availto Com Stockholders": -1686335.0,
        "Net Income Common Stockholders": -1686335.0,
        "Net Income": -1686335.0,
        "Net Income Including Noncontrolling Interests": -1686335.0,
        "Net Income Continuous Operations": -1686335.0,
        "Tax Provision": 151619.0,
        "Pretax Income": -1534716.0,
        "Net Non Operating Interest Income Expense": -1911989.0,
        "Interest Expense Non Operating": 1911989.0,
        "Operating Income": 377273.0,
        "Operating Expense": 11806060.0,
        "Depreciation Amortization Depletion Income Statement": 2473339.0,
        "Depreciation And Amortization In Income Statement": 2473339.0,
        "Selling General And Administration": 9332721.0,
        "Gross Profit": 12183333.0,
        "Cost Of Revenue": 61174960.0,
        "Total Revenue": 73358293.0,
        "Operating Revenue": 73358293.0
    },
    "2022-06-30": {
        "Tax Effect Of Unusual Items": 0.0,
        "Tax Rate For Calcs": 0.122502,
        "Normalized EBITDA": 5449612.0,
        "Net Income From Continuing Operation Net Minority Interest": 1150231.0,
        "Reconciled Depreciation": 2549978.0,
        "Reconciled Cost Of Revenue": 62156809.0,
        "EBITDA": 5449612.0,
        "EBIT": 2899634.0,
        "Net Interest Income": -1588827.0,
        "Interest Expense": 1588827.0,
        "Normalized Income": 1150231.0,
        "Net Income From Continuing And Discontinued Operation": 1150231.0,
        "Total Expenses": 74005154.0,
        "Total Operating Income As Reported": 2899634.0,
        "Diluted Average Shares": 21348821.0,
        "Basic Average Shares": 19278730.0,
        "Diluted EPS": 0.05,
        "Basic EPS": 0.06,
        "Diluted NI Availto Com Stockholders": 1150231.0,
        "Net Income Common Stockholders": 1150231.0,
        "Net Income": 1150231.0,
        "Net Income Including Noncontrolling Interests": 1150231.0,
        "Net Income Continuous Operations": 1150231.0,
        "Tax Provision": 160576.0,
        "Pretax Income": 1310807.0,
        "Net Non Operating Interest Income Expense": -1588827.0,
        "Interest Expense Non Operating": 1588827.0,
        "Operating Income": 2899634.0,
        "Operating Expense": 11768757.0,
        "Depreciation Amortization Depletion Income Statement": 2470390.0,
        "Depreciation And Amortization In Income Statement": 2470390.0,
        "Selling General And Administration": 9298367.0,
        "Gross Profit": 14668391.0,
        "Cost Of Revenue": 62236397.0,
        "Total Revenue": 76904788.0,
        "Operating Revenue": 76904788.0
    },
    "2022-03-31": {
        "Diluted EPS": -0.11,
        "Total Revenue": 72,
        "Gross Profit": 11,
        "Operating Income": 0,
        "EBIT": 2,
        "Net Income": -2
    },
    "2021-12-31": {
        "Diluted EPS": -0.03,
        "Total Revenue": 46,
        "Gross Profit": 9,
        "Operating Income": 0,
        "EBIT": 2,
        "Net Income": -1
    },
    "2021-09-30": {
        "Diluted EPS": 0.02,
        "Total Revenue": 37,
        "Gross Profit": 7,
        "Operating Income": 1,
        "EBIT": 2,
        "Net Income": 0
    },
    "2021-06-30": {
        "Diluted EPS": 0.03,
        "Total Revenue": 37,
        "Gross Profit": 7,
        "Operating Income": 1,
        "EBIT": 2,
        "Net Income": 1
    },
    "2021-03-31": {
        "Diluted EPS": 0.06,
        "Total Revenue": 35,
        "Gross Profit": 6,
        "Operating Income": 2,
        "EBIT": 2,
        "Net Income": 1
    },
    "2020-12-31": {
        "Diluted EPS": 0.01,
        "Total Revenue": 28,
        "Gross Profit": 6,
        "Operating Income": 1,
        "EBIT": 1,
        "Net Income": 0
    },
    "2020-09-30": {
        "Diluted EPS": -0.02,
        "Total Revenue": 24,
        "Gross Profit": 5,
        "Operating Income": 0,
        "EBIT": 0,
        "Net Income": 0
    },
    "2020-06-30": {
        "Diluted EPS": 0.08,
        "Total Revenue": 22,
        "Gross Profit": 4,
        "Operating Income": 0,
        "EBIT": 0,
        "Net Income": 1
    },
    "2020-03-31": {
        "Diluted EPS": -0.02,
        "Total Revenue": 25,
        "Gross Profit": 5,
        "Operating Income": 0,
        "EBIT": 0,
        "Net Income": 0
    },
    "2019-12-31": {
        "Diluted EPS": 0.01,
        "Total Revenue": 23,
        "Gross Profit": 5,
        "Operating Income": 0,
        "EBIT": 1,
        "Net Income": 0
    },
    "2019-09-30": {
        "Diluted EPS": 0.0,
        "Total Revenue": 24,
        "Gross Profit": 5,
        "Operating Income": 0,
        "EBIT": 1,
        "Net Income": 0
    },
    "2019-06-30": {
        "Diluted EPS": 0.0,
        "Total Revenue": 25,
        "Gross Profit": 5,
        "Operating Income": 0,
        "EBIT": 1,
        "Net Income": 0
    },
    "2019-03-31": {
        "Diluted EPS": -0.01,
        "Total Revenue": 27,
        "Gross Profit": 5,
        "Operating Income": 0,
        "EBIT": 0,
        "Net Income": 0
    },
    "2018-12-31": {
        "Diluted EPS": 0.01,
        "Total Revenue": 25,
        "Gross Profit": 4,
        "Operating Income": 0,
        "EBIT": 1,
        "Net Income": 0
    },
    "2018-09-30": {
        "Diluted EPS": -0.04,
        "Total Revenue": 26,
        "Gross Profit": 4,
        "Operating Income": -1,
        "EBIT": 0,
        "Net Income": -1
    },
    "2018-06-30": {
        "Diluted EPS": -0.04,
        "Total Revenue": 28,
        "Gross Profit": 4,
        "Operating Income": 0,
        "EBIT": 1,
        "Net Income": -1
    },
    "2018-03-31": {
        "Diluted EPS": -0.09,
        "Total Revenue": 25,
        "Gross Profit": 4,
        "Operating Income": -1,
        "EBIT": 0,
        "Net Income": -1
    },
    "2017-12-31": {
        "Diluted EPS": -0.1,
        "Total Revenue": 23,
        "Gross Profit": 3,
        "Operating Income": -1,
        "EBIT": 0,
        "Net Income": -2
    },
    "2017-09-30": {
        "Diluted EPS": -0.07,
        "Total Revenue": 32,
        "Gross Profit": 4,
        "Operating Income": -1,
        "EBIT": 0,
        "Net Income": -1
    },
    "2017-06-30": {
        "Diluted EPS": -0.08,
        "Total Revenue": 41,
        "Gross Profit": 4,
        "Operating Income": -1,
        "EBIT": 0,
        "Net Income": -1
    },
    "2017-03-31": {
        "Diluted EPS": -0.13,
        "Total Revenue": 43,
        "Gross Profit": 4,
        "Operating Income": -2,
        "EBIT": -1,
        "Net Income": -2
    },
    "2016-12-31": {
        "Diluted EPS": -0.09,
        "Total Revenue": 45,
        "Gross Profit": 4,
        "Operating Income": -1,
        "EBIT": 0,
        "Net Income": -1
    },
    "2016-09-30": {
        "Diluted EPS": -0.16,
        "Total Revenue": 46,
        "Gross Profit": 4,
        "Operating Income": -2,
        "EBIT": -1,
        "Net Income": -2
    },
    "2016-06-30": {
        "Diluted EPS": -0.14,
        "Total Revenue": 47,
        "Gross Profit": 4,
        "Operating Income": -2,
        "EBIT": -1,
        "Net Income": -2
    },
    "2016-03-31": {
        "Diluted EPS": -0.16,
        "Total Revenue": 46,
        "Gross Profit": 3,
        "Operating Income": -2,
        "EBIT": -1,
        "Net Income": -2
    },
    "2015-12-31": {
        "Diluted EPS": -0.22,
        "Total Revenue": 44,
        "Gross Profit": 3,
        "Operating Income": -3,
        "EBIT": -1,
        "Net Income": -3
    },
    "2015-09-30": {
        "Diluted EPS": -0.12,
        "Total Revenue": 44,
        "Gross Profit": 4,
        "Operating Income": -2,
        "EBIT": -1,
        "Net Income": -2
    },
    "2015-06-30": {
        "Diluted EPS": -0.11,
        "Total Revenue": 42,
        "Gross Profit": 3,
        "Operating Income": -1,
        "EBIT": 0,
        "Net Income": -2
    },
    "2015-03-31": {
        "Diluted EPS": -0.08,
        "Total Revenue": 40,
        "Gross Profit": 3,
        "Operating Income": -1,
        "EBIT": 0,
        "Net Income": -2
    },
    "2014-12-31": {
        "Diluted EPS": -0.08,
        "Total Revenue": 47,
        "Gross Profit": 4,
        "Operating Income": -2,
        "EBIT": -1,
        "Net Income": -2
    },
    "2014-09-30": {
        "Diluted EPS": -0.4,
        "Total Revenue": 47,
        "Gross Profit": 4,
        "Operating Income": -1,
        "EBIT": 2,
        "Net Income": -5
    },
    "2014-06-30": {
        "Diluted EPS": -0.16,
        "Total Revenue": 43,
        "Gross Profit": 4,
        "Operating Income": -1,
        "EBIT": 0,
        "Net Income": -2
    },
    "2014-03-31": {
        "Diluted EPS": -0.16,
        "Total Revenue": 38,
        "Gross Profit": 3,
        "Operating Income": -1,
        "EBIT": 1,
        "Net Income": -1
    },
    "2013-12-31": {
        "Diluted EPS": -0.24,
        "Total Revenue": 38,
        "Gross Profit": 2,
        "Operating Income": -2,
        "EBIT": -1,
        "Net Income": -3
    },
    "2013-09-30": {
        "Diluted EPS": -0.8,
        "Total Revenue": 29,
        "Gross Profit": 3,
        "Operating Income": -7,
        "EBIT": 23,
        "Net Income": -9
    },
    "2013-06-30": {
        "Diluted EPS": -0.32,
        "Total Revenue": 0,
        "Gross Profit": 0,
        "Operating Income": -2,
        "EBIT": -2,
        "Net Income": -2
    },
    "2013-03-31": {
        "Diluted EPS": -0.48,
        "Total Revenue": 0,
        "Gross Profit": 0,
        "Operating Income": -2,
        "EBIT": -2,
        "Net Income": -3
    },
    "2012-12-31": {
        "Diluted EPS": -5.2,
        "Total Revenue": 0,
        "Gross Profit": 0,
        "Operating Income": -20,
        "EBIT": -20,
        "Net Income": -38
    },
    "2012-09-30": {
        "Diluted EPS": -0.08,
        "Total Revenue": 0,
        "Gross Profit": 0,
        "Operating Income": -1,
        "EBIT": -1,
        "Net Income": -1
    },
    "2012-06-30": {
        "Diluted EPS": -0.16,
        "Total Revenue": 0,
        "Gross Profit": 0,
        "Operating Income": -1,
        "EBIT": -1,
        "Net Income": -1
    },
    "2012-03-31": {
        "Diluted EPS": -0.48,
        "Total Revenue": 0,
        "Gross Profit": 0,
        "Operating Income": -1,
        "EBIT": -1,
        "Net Income": -3
    },
    "2011-12-31": {
        "Diluted EPS": 0.0,
        "Total Revenue": 0,
        "Gross Profit": 0,
        "Operating Income": 0,
        "EBIT": 0,
        "Net Income": 0
    },
    "2011-09-30": {
        "Diluted EPS": -0.16,
        "Total Revenue": 0,
        "Gross Profit": 0,
        "Operating Income": 0,
        "EBIT": 0,
        "Net Income": 0
    },
    "2011-06-30": {
        "Diluted EPS": 0.0,
        "Total Revenue": NaN,
        "Gross Profit": NaN,
        "Operating Income": NaN,
        "EBIT": NaN,
        "Net Income": NaN
    },
    "2011-03-31": {
        "Diluted EPS": -0.03,
        "Total Revenue": 0,
        "Gross Profit": 0,
        "Operating Income": 0,
        "EBIT": 0,
        "Net Income": 0
    },
    "2010-12-31": {
        "Diluted EPS": -0.08,
        "Total Revenue": NaN,
        "Gross Profit": NaN,
        "Operating Income": 0,
        "EBIT": 0,
        "Net Income": 0
    },
    "2010-09-30": {
        "Diluted EPS": 0.0,
        "Total Revenue": NaN,
        "Gross Profit": NaN,
        "Operating Income": 0,
        "EBIT": 0,
        "Net Income": 0
    },
    "2010-06-30": {
        "Diluted EPS": 0.0,
        "Total Revenue": NaN,
        "Gross Profit": NaN,
        "Operating Income": NaN,
        "EBIT": NaN,
        "Net Income": NaN
    },
    "2010-03-31": {
        "Diluted EPS": -0.32,
        "Total Revenue": NaN,
        "Gross Profit": NaN,
        "Operating Income": -1,
        "EBIT": -1,
        "Net Income": -1
    },
    "2009-12-31": {
        "Diluted EPS": -0.08,
        "Total Revenue": NaN,
        "Gross Profit": NaN,
        "Operating Income": 0,
        "EBIT": NaN,
        "Net Income": 0
    },
    "2009-09-30": {
        "Diluted EPS": -0.08,
        "Total Revenue": NaN,
        "Gross Profit": NaN,
        "Operating Income": 0,
        "EBIT": 0,
        "Net Income": 0
    },
    "2009-06-30": {
        "Diluted EPS": 0.0,
        "Total Revenue": NaN,
        "Gross Profit": NaN,
        "Operating Income": NaN,
        "EBIT": NaN,
        "Net Income": NaN
    },
    "2009-03-31": {
        "Diluted EPS": 0.0,
        "Total Revenue": NaN,
        "Gross Profit": NaN,
        "Operating Income": 0,
        "EBIT": 0,
        "Net Income": 0
    },
    "2023-06-30": {
        "Tax Effect Of Unusual Items": NaN,
        "Tax Rate For Calcs": NaN,
        "Normalized EBITDA": NaN,
        "Net Income From Continuing Operation Net Minority Interest": NaN,
        "Reconciled Depreciation": NaN,
        "Reconciled Cost Of Revenue": NaN,
        "EBITDA": NaN,
        "EBIT": NaN,
        "Net Interest Income": NaN,
        "Interest Expense": NaN,
        "Normalized Income": NaN,
        "Net Income From Continuing And Discontinued Operation": NaN,
        "Total Expenses": NaN,
        "Total Operating Income As Reported": NaN,
        "Diluted Average Shares": 19962031.0,
        "Basic Average Shares": 19962031.0,
        "Diluted EPS": -0.04,
        "Basic EPS": -0.04,
        "Diluted NI Availto Com Stockholders": NaN,
        "Net Income Common Stockholders": NaN,
        "Net Income": NaN,
        "Net Income Including Noncontrolling Interests": NaN,
        "Net Income Continuous Operations": NaN,
        "Tax Provision": NaN,
        "Pretax Income": NaN,
        "Net Non Operating Interest Income Expense": NaN,
        "Interest Expense Non Operating": NaN,
        "Operating Income": NaN,
        "Operating Expense": NaN,
        "Depreciation Amortization Depletion Income Statement": NaN,
        "Depreciation And Amortization In Income Statement": NaN,
        "Selling General And Administration": NaN,
        "Gross Profit": NaN,
        "Cost Of Revenue": NaN,
        "Total Revenue": NaN,
        "Operating Revenue": NaN
    },
    "2023-09-30": {
        "Tax Effect Of Unusual Items": NaN,
        "Tax Rate For Calcs": NaN,
        "Normalized EBITDA": NaN,
        "Net Income From Continuing Operation Net Minority Interest": NaN,
        "Reconciled Depreciation": NaN,
        "Reconciled Cost Of Revenue": NaN,
        "EBITDA": NaN,
        "EBIT": NaN,
        "Net Interest Income": NaN,
        "Interest Expense": NaN,
        "Normalized Income": NaN,
        "Net Income From Continuing And Discontinued Operation": NaN,
        "Total Expenses": NaN,
        "Total Operating Income As Reported": NaN,
        "Diluted Average Shares": 20059528.0,
        "Basic Average Shares": 20059528.0,
        "Diluted EPS": -0.1,
        "Basic EPS": -0.1,
        "Diluted NI Availto Com Stockholders": NaN,
        "Net Income Common Stockholders": NaN,
        "Net Income": NaN,
        "Net Income Including Noncontrolling Interests": NaN,
        "Net Income Continuous Operations": NaN,
        "Tax Provision": NaN,
        "Pretax Income": NaN,
        "Net Non Operating Interest Income Expense": NaN,
        "Interest Expense Non Operating": NaN,
        "Operating Income": NaN,
        "Operating Expense": NaN,
        "Depreciation Amortization Depletion Income Statement": NaN,
        "Depreciation And Amortization In Income Statement": NaN,
        "Selling General And Administration": NaN,
        "Gross Profit": NaN,
        "Cost Of Revenue": NaN,
        "Total Revenue": NaN,
        "Operating Revenue": NaN
    },
    "2023-12-31": {
        "Tax Effect Of Unusual Items": 0.0,
        "Tax Rate For Calcs": 0.101584,
        "Normalized EBITDA": 2191232.0,
        "Net Income From Continuing Operation Net Minority Interest": -2330009.0,
        "Reconciled Depreciation": 2462805.0,
        "Reconciled Cost Of Revenue": 57730398.0,
        "EBITDA": 2191232.0,
        "EBIT": -271573.0,
        "Net Interest Income": -2321891.0,
        "Interest Expense": 2321891.0,
        "Normalized Income": -2330009.0,
        "Net Income From Continuing And Discontinued Operation": -2330009.0,
        "Total Expenses": 69612802.0,
        "Total Operating Income As Reported": -271573.0,
        "Diluted Average Shares": NaN,
        "Basic Average Shares": NaN,
        "Diluted EPS": NaN,
        "Basic EPS": NaN,
        "Diluted NI Availto Com Stockholders": -2330009.0,
        "Net Income Common Stockholders": -2330009.0,
        "Net Income": -2330009.0,
        "Net Income Including Noncontrolling Interests": -2330009.0,
        "Net Income Continuous Operations": -2330009.0,
        "Tax Provision": -263455.0,
        "Pretax Income": -2593464.0,
        "Net Non Operating Interest Income Expense": -2321891.0,
        "Interest Expense Non Operating": 2321891.0,
        "Operating Income": -271573.0,
        "Operating Expense": 11771454.0,
        "Depreciation Amortization Depletion Income Statement": 2351855.0,
        "Depreciation And Amortization In Income Statement": 2351855.0,
        "Selling General And Administration": 9419599.0,
        "Gross Profit": 11499881.0,
        "Cost Of Revenue": 57841348.0,
        "Total Revenue": 69341229.0,
        "Operating Revenue": 69341229.0
    },
    "2024-03-31": {
        "Tax Effect Of Unusual Items": NaN,
        "Tax Rate For Calcs": NaN,
        "Normalized EBITDA": NaN,
        "Total Unusual Items": 0.0,
        "Total Unusual Items Excluding Goodwill": 0.0,
        "Net Income From Continuing Operation Net Minority Interest": NaN,
        "Reconciled Depreciation": NaN,
        "Reconciled Cost Of Revenue": NaN,
        "EBITDA": NaN,
        "EBIT": NaN,
        "Net Interest Income": NaN,
        "Interest Expense": NaN,
        "Normalized Income": NaN,
        "Net Income From Continuing And Discontinued Operation": NaN,
        "Total Expenses": NaN,
        "Total Operating Income As Reported": NaN,
        "Diluted Average Shares": NaN,
        "Basic Average Shares": NaN,
        "Diluted EPS": NaN,
        "Basic EPS": NaN,
        "Diluted NI Availto Com Stockholders": NaN,
        "Net Income Common Stockholders": NaN,
        "Net Income": NaN,
        "Net Income Including Noncontrolling Interests": NaN,
        "Net Income Continuous Operations": NaN,
        "Tax Provision": NaN,
        "Pretax Income": NaN,
        "Other Income Expense": NaN,
        "Special Income Charges": 0.0,
        "Gain On Sale Of Ppe": 0.0,
        "Impairment Of Capital Assets": 0.0,
        "Net Non Operating Interest Income Expense": NaN,
        "Interest Expense Non Operating": NaN,
        "Operating Income": NaN,
        "Operating Expense": NaN,
        "Depreciation Amortization Depletion Income Statement": NaN,
        "Depreciation And Amortization In Income Statement": NaN,
        "Selling General And Administration": NaN,
        "Gross Profit": NaN,
        "Cost Of Revenue": NaN,
        "Total Revenue": NaN,
        "Operating Revenue": NaN
    },
    "2024-06-30": {
        "Tax Effect Of Unusual Items": NaN,
        "Tax Rate For Calcs": NaN,
        "Normalized EBITDA": NaN,
        "Total Unusual Items": 0.0,
        "Total Unusual Items Excluding Goodwill": 0.0,
        "Net Income From Continuing Operation Net Minority Interest": NaN,
        "Reconciled Depreciation": NaN,
        "Reconciled Cost Of Revenue": NaN,
        "EBITDA": NaN,
        "EBIT": NaN,
        "Net Interest Income": NaN,
        "Interest Expense": NaN,
        "Normalized Income": NaN,
        "Net Income From Continuing And Discontinued Operation": NaN,
        "Total Expenses": NaN,
        "Total Operating Income As Reported": NaN,
        "Diluted Average Shares": NaN,
        "Basic Average Shares": NaN,
        "Diluted EPS": NaN,
        "Basic EPS": NaN,
        "Diluted NI Availto Com Stockholders": NaN,
        "Net Income Common Stockholders": NaN,
        "Net Income": NaN,
        "Net Income Including Noncontrolling Interests": NaN,
        "Net Income Continuous Operations": NaN,
        "Tax Provision": NaN,
        "Pretax Income": NaN,
        "Other Income Expense": NaN,
        "Special Income Charges": 0.0,
        "Gain On Sale Of Ppe": 0.0,
        "Impairment Of Capital Assets": 0.0,
        "Net Non Operating Interest Income Expense": NaN,
        "Interest Expense Non Operating": NaN,
        "Operating Income": NaN,
        "Operating Expense": NaN,
        "Depreciation Amortization Depletion Income Statement": NaN,
        "Depreciation And Amortization In Income Statement": NaN,
        "Selling General And Administration": NaN,
        "Gross Profit": NaN,
        "Cost Of Revenue": NaN,
        "Total Revenue": NaN,
        "Operating Revenue": NaN
    },
    "2024-09-30": {
        "Tax Effect Of Unusual Items": 0.0,
        "Tax Rate For Calcs": 0.075873,
        "Normalized EBITDA": 1671000.0,
        "Total Unusual Items": 0.0,
        "Total Unusual Items Excluding Goodwill": 0.0,
        "Net Income From Continuing Operation Net Minority Interest": -3386000.0,
        "Reconciled Depreciation": 2612000.0,
        "Reconciled Cost Of Revenue": 60822000.0,
        "EBITDA": 1671000.0,
        "EBIT": -941000.0,
        "Net Interest Income": -2723000.0,
        "Interest Expense": 2723000.0,
        "Normalized Income": -3386000.0,
        "Net Income From Continuing And Discontinued Operation": -3386000.0,
        "Total Expenses": 73707000.0,
        "Total Operating Income As Reported": -941000.0,
        "Diluted Average Shares": 20666000.0,
        "Basic Average Shares": 20666000.0,
        "Diluted EPS": -0.16,
        "Basic EPS": -0.16,
        "Diluted NI Availto Com Stockholders": -3386000.0,
        "Net Income Common Stockholders": -3386000.0,
        "Net Income": -3386000.0,
        "Net Income Including Noncontrolling Interests": -3386000.0,
        "Net Income Continuous Operations": -3386000.0,
        "Tax Provision": -278000.0,
        "Pretax Income": -3664000.0,
        "Other Income Expense": NaN,
        "Special Income Charges": 0.0,
        "Gain On Sale Of Ppe": 0.0,
        "Impairment Of Capital Assets": 0.0,
        "Net Non Operating Interest Income Expense": -2723000.0,
        "Interest Expense Non Operating": 2723000.0,
        "Operating Income": -941000.0,
        "Operating Expense": 12641000.0,
        "Depreciation Amortization Depletion Income Statement": 2368000.0,
        "Depreciation And Amortization In Income Statement": 2368000.0,
        "Selling General And Administration": 10273000.0,
        "Gross Profit": 11700000.0,
        "Cost Of Revenue": 61066000.0,
        "Total Revenue": 72766000.0,
        "Operating Revenue": 72766000.0
    },
    "2024-12-31": {
        "Tax Effect Of Unusual Items": 0.0,
        "Tax Rate For Calcs": 0.017985,
        "Normalized EBITDA": -4619044.0,
        "Total Unusual Items": NaN,
        "Total Unusual Items Excluding Goodwill": NaN,
        "Net Income From Continuing Operation Net Minority Interest": -9507708.0,
        "Reconciled Depreciation": 2558320.0,
        "Reconciled Cost Of Revenue": 58991784.0,
        "EBITDA": -4619044.0,
        "EBIT": -7177364.0,
        "Net Interest Income": -2504469.0,
        "Interest Expense": 2504469.0,
        "Normalized Income": -9507708.0,
        "Net Income From Continuing And Discontinued Operation": -9507708.0,
        "Total Expenses": 71636376.0,
        "Total Operating Income As Reported": -7177364.0,
        "Diluted Average Shares": 20837000.0,
        "Basic Average Shares": 20837000.0,
        "Diluted EPS": -0.46,
        "Basic EPS": -0.46,
        "Diluted NI Availto Com Stockholders": -9507708.0,
        "Net Income Common Stockholders": -9507708.0,
        "Net Income": -9507708.0,
        "Net Income Including Noncontrolling Interests": -9507708.0,
        "Net Income Continuous Operations": -9507708.0,
        "Tax Provision": -174125.0,
        "Pretax Income": -9681833.0,
        "Other Income Expense": NaN,
        "Special Income Charges": NaN,
        "Gain On Sale Of Ppe": NaN,
        "Impairment Of Capital Assets": NaN,
        "Net Non Operating Interest Income Expense": -2504469.0,
        "Interest Expense Non Operating": 2504469.0,
        "Operating Income": -1666364.0,
        "Operating Expense": 12392935.0,
        "Depreciation Amortization Depletion Income Statement": 2306663.0,
        "Depreciation And Amortization In Income Statement": 2306663.0,
        "Selling General And Administration": 10086272.0,
        "Gross Profit": 10726571.0,
        "Cost Of Revenue": 59243441.0,
        "Total Revenue": 69970012.0,
        "Operating Revenue": 69970012.0
    },
    "2025-03-31": {
        "Tax Effect Of Unusual Items": -12947.257384,
        "Tax Rate For Calcs": 0.00211,
        "Normalized EBITDA": -279000.0,
        "Total Unusual Items": -6137000.0,
        "Total Unusual Items Excluding Goodwill": -6137000.0,
        "Net Income From Continuing Operation Net Minority Interest": -10406000.0,
        "Reconciled Depreciation": 1745000.0,
        "Reconciled Cost Of Revenue": 57297000.0,
        "EBITDA": -6416000.0,
        "EBIT": -8161000.0,
        "Net Interest Income": -2267000.0,
        "Interest Expense": 2267000.0,
        "Normalized Income": -4281947.257384,
        "Net Income From Continuing And Discontinued Operation": -10406000.0,
        "Total Expenses": 70454000.0,
        "Total Operating Income As Reported": -8161000.0,
        "Diluted Average Shares": 20859000.0,
        "Basic Average Shares": 20859000.0,
        "Diluted EPS": -0.5,
        "Basic EPS": -0.5,
        "Diluted NI Availto Com Stockholders": -10406000.0,
        "Net Income Common Stockholders": -10406000.0,
        "Net Income": -10406000.0,
        "Net Income Including Noncontrolling Interests": -10406000.0,
        "Net Income Continuous Operations": -10406000.0,
        "Tax Provision": -22000.0,
        "Pretax Income": -10428000.0,
        "Other Income Expense": -6137000.0,
        "Special Income Charges": -6137000.0,
        "Gain On Sale Of Ppe": -4430000.0,
        "Impairment Of Capital Assets": 1707000.0,
        "Net Non Operating Interest Income Expense": -2267000.0,
        "Interest Expense Non Operating": 2267000.0,
        "Operating Income": -2024000.0,
        "Operating Expense": 12955000.0,
        "Depreciation Amortization Depletion Income Statement": 1543000.0,
        "Depreciation And Amortization In Income Statement": 1543000.0,
        "Selling General And Administration": 11412000.0,
        "Gross Profit": 10931000.0,
        "Cost Of Revenue": 57499000.0,
        "Total Revenue": 68430000.0,
        "Operating Revenue": 68430000.0
    },
    "2025-06-30": {
        "Tax Effect Of Unusual Items": -673.356749,
        "Tax Rate For Calcs": 0.011039,
        "Normalized EBITDA": 1944000.0,
        "Total Unusual Items": -61000.0,
        "Total Unusual Items Excluding Goodwill": -61000.0,
        "Net Income From Continuing Operation Net Minority Interest": -1971000.0,
        "Reconciled Depreciation": 1501000.0,
        "Reconciled Cost Of Revenue": 48301000.0,
        "EBITDA": 1883000.0,
        "EBIT": 382000.0,
        "Net Interest Income": -2375000.0,
        "Interest Expense": 2375000.0,
        "Normalized Income": -1910673.356749,
        "Net Income From Continuing And Discontinued Operation": -1971000.0,
        "Total Expenses": 59097000.0,
        "Total Operating Income As Reported": 382000.0,
        "Diluted Average Shares": 20933000.0,
        "Basic Average Shares": 20933000.0,
        "Diluted EPS": -0.09,
        "Basic EPS": -0.09,
        "Diluted NI Availto Com Stockholders": -1971000.0,
        "Net Income Common Stockholders": -1971000.0,
        "Net Income": -1971000.0,
        "Net Income Including Noncontrolling Interests": -1971000.0,
        "Net Income Continuous Operations": -1971000.0,
        "Tax Provision": -22000.0,
        "Pretax Income": -1993000.0,
        "Other Income Expense": -61000.0,
        "Special Income Charges": -61000.0,
        "Gain On Sale Of Ppe": -61000.0,
        "Impairment Of Capital Assets": 0.0,
        "Net Non Operating Interest Income Expense": -2375000.0,
        "Interest Expense Non Operating": 2375000.0,
        "Operating Income": 443000.0,
        "Operating Expense": 10594000.0,
        "Depreciation Amortization Depletion Income Statement": 1299000.0,
        "Depreciation And Amortization In Income Statement": 1299000.0,
        "Selling General And Administration": 9295000.0,
        "Gross Profit": 11037000.0,
        "Cost Of Revenue": 48503000.0,
        "Total Revenue": 59540000.0,
        "Operating Revenue": 59540000.0
    },
    "2025-09-30": {
        "Tax Effect Of Unusual Items": 31920.0,
        "Tax Rate For Calcs": 0.21,
        "Normalized EBITDA": 2421000.0,
        "Total Unusual Items": 152000.0,
        "Total Unusual Items Excluding Goodwill": 152000.0,
        "Net Income From Continuing Operation Net Minority Interest": -1349000.0,
        "Reconciled Depreciation": 1498000.0,
        "Reconciled Cost Of Revenue": 51680000.0,
        "EBITDA": 2573000.0,
        "EBIT": 1075000.0,
        "Net Interest Income": -2389000.0,
        "Interest Expense": 2389000.0,
        "Normalized Income": -1469080.0,
        "Net Income From Continuing And Discontinued Operation": -1349000.0,
        "Total Expenses": 62418000.0,
        "Total Operating Income As Reported": 1075000.0,
        "Diluted Average Shares": 21029000.0,
        "Basic Average Shares": 21029000.0,
        "Diluted EPS": -0.06,
        "Basic EPS": -0.06,
        "Diluted NI Availto Com Stockholders": -1349000.0,
        "Net Income Common Stockholders": -1349000.0,
        "Net Income": -1349000.0,
        "Net Income Including Noncontrolling Interests": -1349000.0,
        "Net Income Continuous Operations": -1349000.0,
        "Tax Provision": 35000.0,
        "Pretax Income": -1314000.0,
        "Other Income Expense": 152000.0,
        "Special Income Charges": 152000.0,
        "Gain On Sale Of Ppe": 152000.0,
        "Impairment Of Capital Assets": 0.0,
        "Net Non Operating Interest Income Expense": -2389000.0,
        "Interest Expense Non Operating": 2389000.0,
        "Operating Income": 923000.0,
        "Operating Expense": 10544000.0,
        "Depreciation Amortization Depletion Income Statement": 1304000.0,
        "Depreciation And Amortization In Income Statement": 1304000.0,
        "Selling General And Administration": 9240000.0,
        "Gross Profit": 11467000.0,
        "Cost Of Revenue": 51874000.0,
        "Total Revenue": 63341000.0,
        "Operating Revenue": 63341000.0
    }
}