{
    "2023-03-31": {
        "Tax Effect Of Unusual Items": 0.0,
        "Tax Rate For Calcs": 0.304488,
        "Normalized EBITDA": -97532000.0,
        "Net Income From Continuing Operation Net Minority Interest": -138416000.0,
        "Reconciled Depreciation": 84240000.0,
        "Reconciled Cost Of Revenue": 517989000.0,
        "EBITDA": -97532000.0,
        "EBIT": -181772000.0,
        "Net Interest Income": -17241000.0,
        "Interest Expense": 17241000.0,
        "Normalized Income": -138416000.0,
        "Net Income From Continuing And Discontinued Operation": -138416000.0,
        "Total Expenses": 821685000.0,
        "Total Operating Income As Reported": -188982000.0,
        "Diluted Average Shares": 99513000.0,
        "Basic Average Shares": 98649000.0,
        "Diluted EPS": -1.39,
        "Basic EPS": -1.385695,
        "Diluted NI Availto Com Stockholders": -138416000.0,
        "Net Income Common Stockholders": -138416000.0,
        "Net Income": -138416000.0,
        "Net Income Including Noncontrolling Interests": -138416000.0,
        "Net Income Continuous Operations": -138416000.0,
        "Tax Provision": -60597000.0,
        "Pretax Income": -199013000.0,
        "Other Income Expense": 7210000.0,
        "Other Non Operating Income Expenses": 7210000.0,
        "Net Non Operating Interest Income Expense": -17241000.0,
        "Interest Expense Non Operating": 17241000.0,
        "Operating Income": -188982000.0,
        "Operating Expense": 303696000.0,
        "Other Operating Expenses": 57105000.0,
        "Research And Development": 163637000.0,
        "Selling General And Administration": 82954000.0,
        "Gross Profit": 114714000.0,
        "Cost Of Revenue": 517989000.0,
        "Total Revenue": 632703000.0,
        "Operating Revenue": 632703000.0
    },
    "2022-12-31": {
        "Tax Effect Of Unusual Items": 0.0,
        "Tax Rate For Calcs": 0.21,
        "Normalized EBITDA": 98478000.0,
        "Net Income From Continuing Operation Net Minority Interest": -15931000.0,
        "Reconciled Depreciation": 84187000.0,
        "Reconciled Cost Of Revenue": 475230000.0,
        "EBITDA": 98478000.0,
        "EBIT": 14291000.0,
        "Net Interest Income": -17066000.0,
        "Interest Expense": 17066000.0,
        "Normalized Income": -15931000.0,
        "Net Income From Continuing And Discontinued Operation": -15931000.0,
        "Total Expenses": 734552000.0,
        "Total Operating Income As Reported": 8729000.0,
        "Diluted Average Shares": 100943000.0,
        "Basic Average Shares": 100021000.0,
        "Diluted EPS": -0.16,
        "Basic EPS": -0.159277,
        "Diluted NI Availto Com Stockholders": -15931000.0,
        "Net Income Common Stockholders": -15931000.0,
        "Net Income": -15931000.0,
        "Net Income Including Noncontrolling Interests": -15931000.0,
        "Net Income Continuous Operations": -15931000.0,
        "Tax Provision": 13156000.0,
        "Pretax Income": -2775000.0,
        "Other Income Expense": 5562000.0,
        "Other Non Operating Income Expenses": 5562000.0,
        "Net Non Operating Interest Income Expense": -17066000.0,
        "Interest Expense Non Operating": 17066000.0,
        "Operating Income": 8729000.0,
        "Operating Expense": 259322000.0,
        "Other Operating Expenses": 33581000.0,
        "Research And Development": 149472000.0,
        "Selling General And Administration": 76269000.0,
        "Gross Profit": 268051000.0,
        "Cost Of Revenue": 475230000.0,
        "Total Revenue": 743281000.0,
        "Operating Revenue": 743281000.0
    },
    "2022-09-30": {
        "Tax Effect Of Unusual Items": 0.0,
        "Tax Rate For Calcs": 0.235981,
        "Normalized EBITDA": 263776000.0,
        "Net Income From Continuing Operation Net Minority Interest": 188615000.0,
        "Reconciled Depreciation": 84700000.0,
        "Reconciled Cost Of Revenue": 619130000.0,
        "EBITDA": 263776000.0,
        "EBIT": 263776000.0,
        "Net Interest Income": -16904000.0,
        "Interest Expense": 16904000.0,
        "Normalized Income": 188615000.0,
        "Net Income From Continuing And Discontinued Operation": 188615000.0,
        "Total Expenses": 896495000.0,
        "Total Operating Income As Reported": 261562000.0,
        "Diluted Average Shares": 103674000.0,
        "Basic Average Shares": 102061000.0,
        "Diluted EPS": 1.82,
        "Basic EPS": 1.827594,
        "Diluted NI Availto Com Stockholders": 188615000.0,
        "Net Income Common Stockholders": 188615000.0,
        "Net Income": 188615000.0,
        "Net Income Including Noncontrolling Interests": 188615000.0,
        "Net Income Continuous Operations": 188615000.0,
        "Tax Provision": 58257000.0,
        "Pretax Income": 246872000.0,
        "Other Income Expense": 2214000.0,
        "Other Non Operating Income Expenses": 2214000.0,
        "Net Non Operating Interest Income Expense": -16904000.0,
        "Interest Expense Non Operating": 16904000.0,
        "Operating Income": 261562000.0,
        "Operating Expense": 277365000.0,
        "Other Operating Expenses": 11449000.0,
        "Research And Development": 168164000.0,
        "Selling General And Administration": 97752000.0,
        "Gross Profit": 538927000.0,
        "Cost Of Revenue": 619130000.0,
        "Total Revenue": 1158057000.0,
        "Operating Revenue": 1158057000.0
    },
    "2022-06-30": {
        "Tax Effect Of Unusual Items": 0.0,
        "Tax Rate For Calcs": 0.134025,
        "Normalized EBITDA": 96797000.0,
        "Net Income From Continuing Operation Net Minority Interest": 68884000.0,
        "Reconciled Depreciation": 85721000.0,
        "Reconciled Cost Of Revenue": 660108000.0,
        "EBITDA": 96797000.0,
        "EBIT": 96797000.0,
        "Net Interest Income": -17252000.0,
        "Interest Expense": 17252000.0,
        "Normalized Income": 68884000.0,
        "Net Income From Continuing And Discontinued Operation": 68884000.0,
        "Total Expenses": 933499000.0,
        "Total Operating Income As Reported": 101859000.0,
        "Diluted Average Shares": 106080000.0,
        "Basic Average Shares": 103340000.0,
        "Diluted EPS": 0.65,
        "Basic EPS": 0.664091,
        "Diluted NI Availto Com Stockholders": 68884000.0,
        "Net Income Common Stockholders": 68884000.0,
        "Net Income": 68884000.0,
        "Net Income Including Noncontrolling Interests": 68884000.0,
        "Net Income Continuous Operations": 68884000.0,
        "Tax Provision": 10661000.0,
        "Pretax Income": 79545000.0,
        "Other Income Expense": -5062000.0,
        "Other Non Operating Income Expenses": -5062000.0,
        "Net Non Operating Interest Income Expense": -17252000.0,
        "Interest Expense Non Operating": 17252000.0,
        "Operating Income": 101859000.0,
        "Operating Expense": 273391000.0,
        "Other Operating Expenses": 3008000.0,
        "Research And Development": 168568000.0,
        "Selling General And Administration": 101815000.0,
        "Gross Profit": 375250000.0,
        "Cost Of Revenue": 660108000.0,
        "Total Revenue": 1035358000.0,
        "Operating Revenue": 1035358000.0
    },
    "2023-06-30": {
        "Tax Effect Of Unusual Items": 0.0,
        "Tax Rate For Calcs": 0.157,
        "Normalized EBITDA": 46592000.0,
        "Net Income From Continuing Operation Net Minority Interest": -43580000.0,
        "Reconciled Depreciation": 81012000.0,
        "Reconciled Cost Of Revenue": 422094000.0,
        "EBITDA": 46592000.0,
        "EBIT": -34420000.0,
        "Net Interest Income": -17261000.0,
        "Interest Expense": 17261000.0,
        "Normalized Income": -43580000.0,
        "Net Income From Continuing And Discontinued Operation": -43580000.0,
        "Total Expenses": 699300000.0,
        "Total Operating Income As Reported": -48136000.0,
        "Diluted Average Shares": 98509000.0,
        "Basic Average Shares": 98048000.0,
        "Diluted EPS": -0.444158,
        "Basic EPS": -0.444158,
        "Diluted NI Availto Com Stockholders": -43580000.0,
        "Net Income Common Stockholders": -43580000.0,
        "Net Income": -43580000.0,
        "Net Income Including Noncontrolling Interests": -43580000.0,
        "Net Income Continuous Operations": -43580000.0,
        "Tax Provision": -8101000.0,
        "Pretax Income": -51681000.0,
        "Other Income Expense": 13716000.0,
        "Other Non Operating Income Expenses": 13716000.0,
        "Net Non Operating Interest Income Expense": -17261000.0,
        "Interest Expense Non Operating": 17261000.0,
        "Operating Income": -48136000.0,
        "Operating Expense": 277206000.0,
        "Other Operating Expenses": 8693000.0,
        "Research And Development": 163090000.0,
        "Selling General And Administration": 105423000.0,
        "Gross Profit": 229070000.0,
        "Cost Of Revenue": 422094000.0,
        "Total Revenue": 651164000.0,
        "Operating Revenue": 651164000.0
    },
    "2022-03-31": {
        "Diluted EPS": 1.96,
        "Total Revenue": NaN,
        "Gross Profit": 570,
        "Operating Income": 271,
        "EBIT": 360,
        "Net Income": 212
    },
    "2021-12-31": {
        "Diluted EPS": 1.95,
        "Total Revenue": NaN,
        "Gross Profit": 548,
        "Operating Income": 296,
        "EBIT": 388,
        "Net Income": 216
    },
    "2021-09-30": {
        "Diluted EPS": 2.84,
        "Total Revenue": NaN,
        "Gross Profit": 622,
        "Operating Income": 362,
        "EBIT": 452,
        "Net Income": 319
    },
    "2021-06-30": {
        "Diluted EPS": 2.51,
        "Total Revenue": NaN,
        "Gross Profit": 546,
        "Operating Income": 297,
        "EBIT": 387,
        "Net Income": 286
    },
    "2021-03-31": {
        "Diluted EPS": 2.57,
        "Total Revenue": NaN,
        "Gross Profit": 528,
        "Operating Income": 293,
        "EBIT": 379,
        "Net Income": 299
    },
    "2020-12-31": {
        "Diluted EPS": 1.74,
        "Total Revenue": NaN,
        "Gross Profit": 538,
        "Operating Income": 299,
        "EBIT": 424,
        "Net Income": 201
    },
    "2020-09-30": {
        "Diluted EPS": 1.18,
        "Total Revenue": NaN,
        "Gross Profit": 492,
        "Operating Income": 222,
        "EBIT": 345,
        "Net Income": 137
    },
    "2020-06-30": {
        "Diluted EPS": 0.83,
        "Total Revenue": 787,
        "Gross Profit": 326,
        "Operating Income": 93,
        "EBIT": 215,
        "Net Income": 97
    },
    "2020-03-31": {
        "Diluted EPS": 0.41,
        "Total Revenue": 788,
        "Gross Profit": 336,
        "Operating Income": 102,
        "EBIT": 221,
        "Net Income": 50
    },
    "2019-12-31": {
        "Diluted EPS": 1.36,
        "Total Revenue": 869,
        "Gross Profit": 368,
        "Operating Income": 153,
        "EBIT": 270,
        "Net Income": 161
    },
    "2019-09-30": {
        "Diluted EPS": 0.7,
        "Total Revenue": 807,
        "Gross Profit": 324,
        "Operating Income": 113,
        "EBIT": 224,
        "Net Income": 83
    },
    "2019-06-30": {
        "Diluted EPS": 0.33,
        "Total Revenue": 776,
        "Gross Profit": 294,
        "Operating Income": 55,
        "EBIT": 177,
        "Net Income": 40
    },
    "2019-03-31": {
        "Diluted EPS": 0.49,
        "Total Revenue": 681,
        "Gross Profit": 267,
        "Operating Income": 64,
        "EBIT": 185,
        "Net Income": 62
    },
    "2018-12-31": {
        "Diluted EPS": 0.55,
        "Total Revenue": 832,
        "Gross Profit": 338,
        "Operating Income": 81,
        "EBIT": 266,
        "Net Income": 70
    },
    "2018-09-30": {
        "Diluted EPS": 0.25,
        "Total Revenue": 884,
        "Gross Profit": 354,
        "Operating Income": 90,
        "EBIT": 271,
        "Net Income": 32
    },
    "2018-06-30": {
        "Diluted EPS": -0.24,
        "Total Revenue": 693,
        "Gross Profit": 237,
        "Operating Income": -19,
        "EBIT": 158,
        "Net Income": -30
    },
    "2018-03-31": {
        "Diluted EPS": -0.09,
        "Total Revenue": 665,
        "Gross Profit": 253,
        "Operating Income": -32,
        "EBIT": 143,
        "Net Income": -13
    },
    "2017-12-31": {
        "Diluted EPS": -0.26,
        "Total Revenue": 846,
        "Gross Profit": 337,
        "Operating Income": 80,
        "EBIT": 262,
        "Net Income": -33
    },
    "2017-09-30": {
        "Diluted EPS": 0.27,
        "Total Revenue": 822,
        "Gross Profit": 321,
        "Operating Income": 50,
        "EBIT": 230,
        "Net Income": 36
    },
    "2017-06-30": {
        "Diluted EPS": -0.24,
        "Total Revenue": 641,
        "Gross Profit": 236,
        "Operating Income": -28,
        "EBIT": 149,
        "Net Income": -31
    },
    "2017-03-31": {
        "Diluted EPS": 0.44,
        "Total Revenue": 643,
        "Gross Profit": 232,
        "Operating Income": -24,
        "EBIT": 161,
        "Net Income": 56
    },
    "2016-12-31": {
        "Diluted EPS": -0.62,
        "Total Revenue": 826,
        "Gross Profit": 311,
        "Operating Income": 61,
        "EBIT": 240,
        "Net Income": -79
    },
    "2016-09-30": {
        "Diluted EPS": 0.09,
        "Total Revenue": 865,
        "Gross Profit": 317,
        "Operating Income": 45,
        "EBIT": 220,
        "Net Income": 12
    },
    "2016-06-30": {
        "Diluted EPS": -0.04,
        "Total Revenue": 699,
        "Gross Profit": 276,
        "Operating Income": 6,
        "EBIT": 172,
        "Net Income": -6
    },
    "2016-03-31": {
        "Diluted EPS": -0.16,
        "Total Revenue": 608,
        "Gross Profit": 254,
        "Operating Income": 8,
        "EBIT": 167,
        "Net Income": -24
    },
    "2015-12-31": {
        "Diluted EPS": -0.08,
        "Total Revenue": 621,
        "Gross Profit": 231,
        "Operating Income": -13,
        "EBIT": 164,
        "Net Income": -11
    },
    "2015-09-30": {
        "Diluted EPS": 0.03,
        "Total Revenue": 708,
        "Gross Profit": 285,
        "Operating Income": 18,
        "EBIT": 192,
        "Net Income": 4
    },
    "2015-06-30": {
        "Diluted EPS": 0.01,
        "Total Revenue": 674,
        "Gross Profit": 280,
        "Operating Income": -1,
        "EBIT": 165,
        "Net Income": 2
    },
    "2015-03-31": {
        "Diluted EPS": -0.44,
        "Total Revenue": 635,
        "Gross Profit": 189,
        "Operating Income": -103,
        "EBIT": 58,
        "Net Income": 6
    },
    "2014-12-31": {
        "Diluted EPS": 1.18,
        "Total Revenue": 397,
        "Gross Profit": 191,
        "Operating Income": 104,
        "EBIT": 122,
        "Net Income": 88
    },
    "2014-09-30": {
        "Diluted EPS": 0.85,
        "Total Revenue": 363,
        "Gross Profit": 167,
        "Operating Income": 75,
        "EBIT": 94,
        "Net Income": 63
    },
    "2014-06-30": {
        "Diluted EPS": 0.52,
        "Total Revenue": 316,
        "Gross Profit": 142,
        "Operating Income": 46,
        "EBIT": 65,
        "Net Income": 39
    },
    "2014-03-31": {
        "Diluted EPS": 0.0,
        "Total Revenue": NaN,
        "Gross Profit": NaN,
        "Operating Income": NaN,
        "EBIT": NaN,
        "Net Income": NaN
    },
    "2013-12-31": {
        "Diluted EPS": 0.09,
        "Total Revenue": 289,
        "Gross Profit": 108,
        "Operating Income": 15,
        "EBIT": 15,
        "Net Income": 6
    },
    "2013-03-31": {
        "Diluted EPS": 0.0,
        "Total Revenue": NaN,
        "Gross Profit": NaN,
        "Operating Income": NaN,
        "EBIT": NaN,
        "Net Income": NaN
    },
    "2023-09-30": {
        "Tax Effect Of Unusual Items": 0.0,
        "Tax Rate For Calcs": 0.301,
        "Normalized EBITDA": 235913000.0,
        "Net Income From Continuing Operation Net Minority Interest": 97461000.0,
        "Reconciled Depreciation": 79274000.0,
        "Reconciled Cost Of Revenue": 613803000.0,
        "EBITDA": 235913000.0,
        "EBIT": 156639000.0,
        "Net Interest Income": -17121000.0,
        "Interest Expense": 17121000.0,
        "Normalized Income": 97461000.0,
        "Net Income From Continuing And Discontinued Operation": 97461000.0,
        "Total Expenses": 952065000.0,
        "Total Operating Income As Reported": 151428000.0,
        "Diluted Average Shares": 98590000.0,
        "Basic Average Shares": 97506000.0,
        "Diluted EPS": 0.99,
        "Basic EPS": 0.999538,
        "Diluted NI Availto Com Stockholders": 97461000.0,
        "Net Income Common Stockholders": 97461000.0,
        "Net Income": 97461000.0,
        "Net Income Including Noncontrolling Interests": 97461000.0,
        "Net Income Continuous Operations": 97461000.0,
        "Tax Provision": 42057000.0,
        "Pretax Income": 139518000.0,
        "Other Income Expense": 5211000.0,
        "Other Non Operating Income Expenses": 5211000.0,
        "Net Non Operating Interest Income Expense": -17121000.0,
        "Interest Expense Non Operating": 17121000.0,
        "Operating Income": 151428000.0,
        "Operating Expense": 338262000.0,
        "Other Operating Expenses": 59619000.0,
        "Research And Development": 174947000.0,
        "Selling General And Administration": 103696000.0,
        "Gross Profit": 489690000.0,
        "Cost Of Revenue": 613803000.0,
        "Total Revenue": 1103493000.0,
        "Operating Revenue": 1103493000.0
    },
    "2023-12-31": {
        "Tax Effect Of Unusual Items": NaN,
        "Tax Rate For Calcs": NaN,
        "Normalized EBITDA": NaN,
        "Total Unusual Items": -173414000.0,
        "Total Unusual Items Excluding Goodwill": -173414000.0,
        "Net Income From Continuing Operation Net Minority Interest": NaN,
        "Reconciled Depreciation": NaN,
        "Reconciled Cost Of Revenue": NaN,
        "EBITDA": NaN,
        "EBIT": NaN,
        "Net Interest Income": NaN,
        "Interest Expense": NaN,
        "Normalized Income": NaN,
        "Net Income From Continuing And Discontinued Operation": NaN,
        "Total Expenses": NaN,
        "Total Operating Income As Reported": NaN,
        "Diluted Average Shares": NaN,
        "Basic Average Shares": NaN,
        "Diluted EPS": NaN,
        "Basic EPS": NaN,
        "Diluted NI Availto Com Stockholders": NaN,
        "Net Income Common Stockholders": NaN,
        "Net Income": NaN,
        "Net Income Including Noncontrolling Interests": NaN,
        "Net Income Continuous Operations": NaN,
        "Tax Provision": NaN,
        "Pretax Income": NaN,
        "Other Income Expense": NaN,
        "Other Non Operating Income Expenses": NaN,
        "Special Income Charges": -173414000.0,
        "Impairment Of Capital Assets": 173414000.0,
        "Net Non Operating Interest Income Expense": NaN,
        "Interest Expense Non Operating": NaN,
        "Operating Income": NaN,
        "Operating Expense": NaN,
        "Other Operating Expenses": NaN,
        "Research And Development": NaN,
        "Selling General And Administration": NaN,
        "Selling And Marketing Expense": NaN,
        "General And Administrative Expense": NaN,
        "Other Gand A": NaN,
        "Gross Profit": NaN,
        "Cost Of Revenue": NaN,
        "Total Revenue": NaN,
        "Operating Revenue": NaN
    },
    "2024-03-31": {
        "Tax Effect Of Unusual Items": 0.0,
        "Tax Rate For Calcs": 0.21,
        "Normalized EBITDA": 128580000.0,
        "Total Unusual Items": NaN,
        "Total Unusual Items Excluding Goodwill": NaN,
        "Net Income From Continuing Operation Net Minority Interest": 2735000.0,
        "Reconciled Depreciation": 81784000.0,
        "Reconciled Cost Of Revenue": 559131000.0,
        "EBITDA": 128580000.0,
        "EBIT": 46796000.0,
        "Net Interest Income": -17282000.0,
        "Interest Expense": 17282000.0,
        "Normalized Income": 2735000.0,
        "Net Income From Continuing And Discontinued Operation": 2735000.0,
        "Total Expenses": 689596000.0,
        "Total Operating Income As Reported": 29978000.0,
        "Diluted Average Shares": 97335000.0,
        "Basic Average Shares": 95798000.0,
        "Diluted EPS": 0.02855,
        "Basic EPS": 0.02855,
        "Diluted NI Availto Com Stockholders": 2735000.0,
        "Net Income Common Stockholders": 2735000.0,
        "Net Income": 2735000.0,
        "Net Income Including Noncontrolling Interests": 2735000.0,
        "Net Income Continuous Operations": 2735000.0,
        "Tax Provision": 26779000.0,
        "Pretax Income": 29514000.0,
        "Other Income Expense": -204596000.0,
        "Other Non Operating Income Expenses": 16818000.0,
        "Special Income Charges": NaN,
        "Impairment Of Capital Assets": NaN,
        "Net Non Operating Interest Income Expense": -17282000.0,
        "Interest Expense Non Operating": 17282000.0,
        "Operating Income": 251392000.0,
        "Operating Expense": 130465000.0,
        "Other Operating Expenses": -142525000.0,
        "Research And Development": 179883000.0,
        "Selling General And Administration": 93107000.0,
        "Gross Profit": 381857000.0,
        "Cost Of Revenue": 559131000.0,
        "Total Revenue": 940988000.0,
        "Operating Revenue": 940988000.0
    },
    "2024-06-30": {
        "Tax Effect Of Unusual Items": NaN,
        "Tax Rate For Calcs": NaN,
        "Normalized EBITDA": NaN,
        "Total Unusual Items": NaN,
        "Total Unusual Items Excluding Goodwill": NaN,
        "Net Income From Continuing Operation Net Minority Interest": NaN,
        "Reconciled Depreciation": NaN,
        "Reconciled Cost Of Revenue": NaN,
        "EBITDA": NaN,
        "EBIT": NaN,
        "Net Interest Income": NaN,
        "Interest Expense": NaN,
        "Normalized Income": NaN,
        "Net Income From Continuing And Discontinued Operation": NaN,
        "Total Expenses": NaN,
        "Total Operating Income As Reported": NaN,
        "Diluted Average Shares": NaN,
        "Basic Average Shares": NaN,
        "Diluted EPS": NaN,
        "Basic EPS": NaN,
        "Diluted NI Availto Com Stockholders": NaN,
        "Net Income Common Stockholders": NaN,
        "Net Income": NaN,
        "Net Income Including Noncontrolling Interests": NaN,
        "Net Income Continuous Operations": NaN,
        "Tax Provision": NaN,
        "Pretax Income": NaN,
        "Other Income Expense": NaN,
        "Other Non Operating Income Expenses": NaN,
        "Special Income Charges": NaN,
        "Impairment Of Capital Assets": NaN,
        "Net Non Operating Interest Income Expense": NaN,
        "Interest Expense Non Operating": NaN,
        "Operating Income": NaN,
        "Operating Expense": NaN,
        "Other Operating Expenses": NaN,
        "Research And Development": NaN,
        "Selling General And Administration": NaN,
        "Selling And Marketing Expense": 59816000.0,
        "General And Administrative Expense": 55107000.0,
        "Other Gand A": 55107000.0,
        "Gross Profit": NaN,
        "Cost Of Revenue": NaN,
        "Total Revenue": NaN,
        "Operating Revenue": NaN
    },
    "2024-09-30": {
        "Tax Effect Of Unusual Items": -23743860.0,
        "Tax Rate For Calcs": 0.21,
        "Normalized EBITDA": 214244000.0,
        "Total Unusual Items": NaN,
        "Total Unusual Items Excluding Goodwill": NaN,
        "Net Income From Continuing Operation Net Minority Interest": -17435000.0,
        "Reconciled Depreciation": 76081000.0,
        "Reconciled Cost Of Revenue": 601203000.0,
        "EBITDA": 101178000.0,
        "EBIT": 25097000.0,
        "Net Interest Income": -22594000.0,
        "Interest Expense": 22594000.0,
        "Normalized Income": 71887140.0,
        "Net Income From Continuing And Discontinued Operation": -17435000.0,
        "Total Expenses": 923768000.0,
        "Total Operating Income As Reported": 9675000.0,
        "Diluted Average Shares": NaN,
        "Basic Average Shares": NaN,
        "Diluted EPS": NaN,
        "Basic EPS": NaN,
        "Diluted NI Availto Com Stockholders": -17435000.0,
        "Net Income Common Stockholders": -17435000.0,
        "Net Income": -17435000.0,
        "Net Income Including Noncontrolling Interests": -17435000.0,
        "Net Income Continuous Operations": -17435000.0,
        "Tax Provision": 19938000.0,
        "Pretax Income": 2503000.0,
        "Other Income Expense": -97644000.0,
        "Other Non Operating Income Expenses": 15422000.0,
        "Special Income Charges": NaN,
        "Impairment Of Capital Assets": NaN,
        "Net Non Operating Interest Income Expense": -22594000.0,
        "Interest Expense Non Operating": 22594000.0,
        "Operating Income": 122741000.0,
        "Operating Expense": 322565000.0,
        "Other Operating Expenses": 13755000.0,
        "Research And Development": 201050000.0,
        "Selling General And Administration": 107760000.0,
        "Selling And Marketing Expense": NaN,
        "General And Administrative Expense": NaN,
        "Other Gand A": NaN,
        "Gross Profit": 445306000.0,
        "Cost Of Revenue": 601203000.0,
        "Total Revenue": 1046509000.0,
        "Operating Revenue": 1046509000.0
    },
    "2024-12-31": {
        "Tax Effect Of Unusual Items": 0.0,
        "Tax Rate For Calcs": 0.155943,
        "Normalized EBITDA": 141378000.0,
        "Total Unusual Items": 0.0,
        "Total Unusual Items Excluding Goodwill": 0.0,
        "Net Income From Continuing Operation Net Minority Interest": 41271000.0,
        "Reconciled Depreciation": 73827000.0,
        "Reconciled Cost Of Revenue": 524901000.0,
        "EBITDA": 141378000.0,
        "EBIT": 67551000.0,
        "Net Interest Income": -18655000.0,
        "Interest Expense": 18655000.0,
        "Normalized Income": 41271000.0,
        "Net Income From Continuing And Discontinued Operation": 41271000.0,
        "Total Expenses": 863292000.0,
        "Total Operating Income As Reported": 53025000.0,
        "Diluted Average Shares": 95031000.0,
        "Basic Average Shares": 94341000.0,
        "Diluted EPS": 0.43,
        "Basic EPS": 0.44,
        "Diluted NI Availto Com Stockholders": 41271000.0,
        "Net Income Common Stockholders": 41271000.0,
        "Net Income": 41271000.0,
        "Net Income Including Noncontrolling Interests": 41271000.0,
        "Net Income Continuous Operations": 41271000.0,
        "Tax Provision": 7625000.0,
        "Pretax Income": 48896000.0,
        "Other Income Expense": 14526000.0,
        "Other Non Operating Income Expenses": 14526000.0,
        "Special Income Charges": 0.0,
        "Impairment Of Capital Assets": 0.0,
        "Net Non Operating Interest Income Expense": -18655000.0,
        "Interest Expense Non Operating": 18655000.0,
        "Operating Income": 53025000.0,
        "Operating Expense": 338391000.0,
        "Other Operating Expenses": 68905000.0,
        "Research And Development": 179126000.0,
        "Selling General And Administration": 90360000.0,
        "Selling And Marketing Expense": 56525000.0,
        "General And Administrative Expense": 33835000.0,
        "Other Gand A": 33835000.0,
        "Gross Profit": 391416000.0,
        "Cost Of Revenue": 524901000.0,
        "Total Revenue": 916317000.0,
        "Operating Revenue": 916317000.0
    },
    "2025-03-31": {
        "Tax Effect Of Unusual Items": -20183310.0,
        "Tax Rate For Calcs": 0.21,
        "Normalized EBITDA": 202097000.0,
        "Total Unusual Items": -96111000.0,
        "Total Unusual Items Excluding Goodwill": -96111000.0,
        "Net Income From Continuing Operation Net Minority Interest": 31365000.0,
        "Reconciled Depreciation": 70778000.0,
        "Reconciled Cost Of Revenue": 502911000.0,
        "EBITDA": 105986000.0,
        "EBIT": 35208000.0,
        "Net Interest Income": -19985000.0,
        "Interest Expense": 19985000.0,
        "Normalized Income": 107292690.0,
        "Net Income From Continuing And Discontinued Operation": 31365000.0,
        "Total Expenses": 745142000.0,
        "Total Operating Income As Reported": 28221000.0,
        "Diluted Average Shares": 94105000.0,
        "Basic Average Shares": 93249000.0,
        "Diluted EPS": 0.33,
        "Basic EPS": 0.34,
        "Diluted NI Availto Com Stockholders": 31365000.0,
        "Net Income Common Stockholders": 31365000.0,
        "Net Income": 31365000.0,
        "Net Income Including Noncontrolling Interests": 31365000.0,
        "Net Income Continuous Operations": 31365000.0,
        "Tax Provision": -16142000.0,
        "Pretax Income": 15223000.0,
        "Other Income Expense": -89124000.0,
        "Other Non Operating Income Expenses": 6987000.0,
        "Special Income Charges": -96111000.0,
        "Impairment Of Capital Assets": 96111000.0,
        "Net Non Operating Interest Income Expense": -19985000.0,
        "Interest Expense Non Operating": 19985000.0,
        "Operating Income": 124332000.0,
        "Operating Expense": 242231000.0,
        "Other Operating Expenses": -28281000.0,
        "Research And Development": 179931000.0,
        "Selling General And Administration": 90581000.0,
        "Selling And Marketing Expense": NaN,
        "General And Administrative Expense": NaN,
        "Other Gand A": NaN,
        "Gross Profit": 366563000.0,
        "Cost Of Revenue": 502911000.0,
        "Total Revenue": 869474000.0,
        "Operating Revenue": 869474000.0
    },
    "2025-06-30": {
        "Tax Effect Of Unusual Items": 0.0,
        "Tax Rate For Calcs": 0.192,
        "Normalized EBITDA": 117932000.0,
        "Total Unusual Items": NaN,
        "Total Unusual Items Excluding Goodwill": NaN,
        "Net Income From Continuing Operation Net Minority Interest": 25594000.0,
        "Reconciled Depreciation": 67460000.0,
        "Reconciled Cost Of Revenue": 486976000.0,
        "EBITDA": 117932000.0,
        "EBIT": 50472000.0,
        "Net Interest Income": -18787000.0,
        "Interest Expense": 18787000.0,
        "Normalized Income": 25594000.0,
        "Net Income From Continuing And Discontinued Operation": 25594000.0,
        "Total Expenses": 788692000.0,
        "Total Operating Income As Reported": 30086000.0,
        "Diluted Average Shares": 93770000.0,
        "Basic Average Shares": 92915000.0,
        "Diluted EPS": 0.27,
        "Basic EPS": 0.28,
        "Diluted NI Availto Com Stockholders": 25594000.0,
        "Net Income Common Stockholders": 25594000.0,
        "Net Income": 25594000.0,
        "Net Income Including Noncontrolling Interests": 25594000.0,
        "Net Income Continuous Operations": 25594000.0,
        "Tax Provision": 6091000.0,
        "Pretax Income": 31685000.0,
        "Other Income Expense": 20386000.0,
        "Other Non Operating Income Expenses": 20386000.0,
        "Special Income Charges": NaN,
        "Impairment Of Capital Assets": NaN,
        "Net Non Operating Interest Income Expense": -18787000.0,
        "Interest Expense Non Operating": 18787000.0,
        "Operating Income": 30086000.0,
        "Operating Expense": 301716000.0,
        "Other Operating Expenses": 14583000.0,
        "Research And Development": 179244000.0,
        "Selling General And Administration": 107889000.0,
        "Selling And Marketing Expense": 56891000.0,
        "General And Administrative Expense": 50998000.0,
        "Other Gand A": 50998000.0,
        "Gross Profit": 331802000.0,
        "Cost Of Revenue": 486976000.0,
        "Total Revenue": 818778000.0,
        "Operating Revenue": 818778000.0
    },
    "2025-09-30": {
        "Tax Effect Of Unusual Items": 0.0,
        "Tax Rate For Calcs": 0.229,
        "Normalized EBITDA": 240283000.0,
        "Total Unusual Items": 0.0,
        "Total Unusual Items Excluding Goodwill": 0.0,
        "Net Income From Continuing Operation Net Minority Interest": 119603000.0,
        "Reconciled Depreciation": 66705000.0,
        "Reconciled Cost Of Revenue": 561415000.0,
        "EBITDA": 240283000.0,
        "EBIT": 173578000.0,
        "Net Interest Income": -18483000.0,
        "Interest Expense": 18483000.0,
        "Normalized Income": 119603000.0,
        "Net Income From Continuing And Discontinued Operation": 119603000.0,
        "Total Expenses": 900820000.0,
        "Total Operating Income As Reported": 157683000.0,
        "Diluted Average Shares": 93792000.0,
        "Basic Average Shares": 92803000.0,
        "Diluted EPS": 1.28,
        "Basic EPS": 1.29,
        "Diluted NI Availto Com Stockholders": 119603000.0,
        "Net Income Common Stockholders": 119603000.0,
        "Net Income": 119603000.0,
        "Net Income Including Noncontrolling Interests": 119603000.0,
        "Net Income Continuous Operations": 119603000.0,
        "Tax Provision": 35492000.0,
        "Pretax Income": 155095000.0,
        "Other Income Expense": 15895000.0,
        "Other Non Operating Income Expenses": 15895000.0,
        "Special Income Charges": 0.0,
        "Impairment Of Capital Assets": 0.0,
        "Net Non Operating Interest Income Expense": -18483000.0,
        "Interest Expense Non Operating": 18483000.0,
        "Operating Income": 157683000.0,
        "Operating Expense": 339405000.0,
        "Other Operating Expenses": 33657000.0,
        "Research And Development": 198424000.0,
        "Selling General And Administration": 107324000.0,
        "Selling And Marketing Expense": 59644000.0,
        "General And Administrative Expense": 47680000.0,
        "Other Gand A": 47680000.0,
        "Gross Profit": 497088000.0,
        "Cost Of Revenue": 561415000.0,
        "Total Revenue": 1058503000.0,
        "Operating Revenue": 1058503000.0
    },
    "2025-12-31": {
        "Tax Effect Of Unusual Items": 0.0,
        "Tax Rate For Calcs": 0.13562,
        "Normalized EBITDA": 273347000.0,
        "Total Unusual Items": 0.0,
        "Total Unusual Items Excluding Goodwill": 0.0,
        "Net Income From Continuing Operation Net Minority Interest": 164062000.0,
        "Reconciled Depreciation": 65520000.0,
        "Reconciled Cost Of Revenue": 528768000.0,
        "EBITDA": 273347000.0,
        "EBIT": 207827000.0,
        "Net Interest Income": -18024000.0,
        "Interest Expense": 18024000.0,
        "Normalized Income": 164062000.0,
        "Net Income From Continuing And Discontinued Operation": 164062000.0,
        "Total Expenses": 800818000.0,
        "Total Operating Income As Reported": 192141000.0,
        "Diluted Average Shares": 93571000.0,
        "Basic Average Shares": 92586000.0,
        "Diluted EPS": 1.75,
        "Basic EPS": 1.77,
        "Diluted NI Availto Com Stockholders": 164062000.0,
        "Net Income Common Stockholders": 164062000.0,
        "Net Income": 164062000.0,
        "Net Income Including Noncontrolling Interests": 164062000.0,
        "Net Income Continuous Operations": 164062000.0,
        "Tax Provision": 25741000.0,
        "Pretax Income": 189803000.0,
        "Other Income Expense": 15686000.0,
        "Other Non Operating Income Expenses": 15686000.0,
        "Special Income Charges": 0.0,
        "Impairment Of Capital Assets": NaN,
        "Net Non Operating Interest Income Expense": -18024000.0,
        "Interest Expense Non Operating": 18024000.0,
        "Operating Income": 192141000.0,
        "Operating Expense": 272050000.0,
        "Other Operating Expenses": 12553000.0,
        "Research And Development": 178066000.0,
        "Selling General And Administration": 81431000.0,
        "Selling And Marketing Expense": 49424000.0,
        "General And Administrative Expense": 32007000.0,
        "Other Gand A": 32007000.0,
        "Gross Profit": 464191000.0,
        "Cost Of Revenue": 528768000.0,
        "Total Revenue": 992959000.0,
        "Operating Revenue": 992959000.0
    }
}