{
    "2023-06-30": {
        "Tax Effect Of Unusual Items": 0.0,
        "Tax Rate For Calcs": 0.0,
        "Normalized EBITDA": -103935000.0,
        "Net Income From Continuing Operation Net Minority Interest": -116521000.0,
        "Reconciled Depreciation": 11970000.0,
        "EBITDA": -103935000.0,
        "EBIT": -115905000.0,
        "Net Interest Income": 6717000.0,
        "Interest Expense": 602000.0,
        "Interest Income": 7319000.0,
        "Normalized Income": -116521000.0,
        "Net Income From Continuing And Discontinued Operation": -116521000.0,
        "Total Expenses": 123542000.0,
        "Total Operating Income As Reported": -123542000.0,
        "Diluted Average Shares": 445324000.0,
        "Basic Average Shares": 445324000.0,
        "Diluted EPS": -0.26,
        "Basic EPS": -0.26,
        "Diluted NI Availto Com Stockholders": -116521000.0,
        "Net Income Common Stockholders": -116521000.0,
        "Net Income": -116521000.0,
        "Minority Interests": -14000.0,
        "Net Income Including Noncontrolling Interests": -116507000.0,
        "Net Income Continuous Operations": -116507000.0,
        "Pretax Income": -116507000.0,
        "Other Income Expense": 318000.0,
        "Other Non Operating Income Expenses": 318000.0,
        "Net Non Operating Interest Income Expense": 6717000.0,
        "Interest Expense Non Operating": 602000.0,
        "Interest Income Non Operating": 7319000.0,
        "Operating Income": -123542000.0,
        "Operating Expense": 123542000.0,
        "Research And Development": 86453000.0,
        "Selling General And Administration": 37089000.0,
        "General And Administrative Expense": 37089000.0,
        "Other Gand A": 37089000.0,
        "Total Revenue": 0.0,
        "Operating Revenue": 0.0
    },
    "2023-03-31": {
        "Tax Effect Of Unusual Items": 0.0,
        "Tax Rate For Calcs": 0.0,
        "Normalized EBITDA": -92593000.0,
        "Net Income From Continuing Operation Net Minority Interest": -104647000.0,
        "Reconciled Depreciation": 11438000.0,
        "EBITDA": -92593000.0,
        "EBIT": -104031000.0,
        "Net Interest Income": 5677000.0,
        "Interest Expense": 600000.0,
        "Interest Income": 6277000.0,
        "Normalized Income": -104647000.0,
        "Net Income From Continuing And Discontinued Operation": -104647000.0,
        "Total Expenses": 109978000.0,
        "Total Operating Income As Reported": -109978000.0,
        "Diluted Average Shares": 440085000.0,
        "Basic Average Shares": 440085000.0,
        "Diluted EPS": -0.24,
        "Basic EPS": -0.24,
        "Diluted NI Availto Com Stockholders": -104647000.0,
        "Average Dilution Earnings": NaN,
        "Net Income Common Stockholders": -104647000.0,
        "Net Income": -104647000.0,
        "Minority Interests": -16000.0,
        "Net Income Including Noncontrolling Interests": -104631000.0,
        "Net Income Continuous Operations": -104631000.0,
        "Pretax Income": -104631000.0,
        "Other Income Expense": -330000.0,
        "Other Non Operating Income Expenses": -330000.0,
        "Net Non Operating Interest Income Expense": 5677000.0,
        "Interest Expense Non Operating": 600000.0,
        "Interest Income Non Operating": 6277000.0,
        "Operating Income": -109978000.0,
        "Operating Expense": 109978000.0,
        "Research And Development": 76941000.0,
        "Selling General And Administration": 33037000.0,
        "General And Administrative Expense": 33037000.0,
        "Other Gand A": 33037000.0,
        "Total Revenue": 0.0,
        "Operating Revenue": 0.0
    },
    "2022-12-31": {
        "Tax Effect Of Unusual Items": NaN,
        "Tax Rate For Calcs": NaN,
        "Normalized EBITDA": NaN,
        "Net Income From Continuing Operation Net Minority Interest": NaN,
        "Reconciled Depreciation": NaN,
        "EBITDA": NaN,
        "EBIT": NaN,
        "Net Interest Income": NaN,
        "Interest Expense": NaN,
        "Interest Income": NaN,
        "Normalized Income": NaN,
        "Net Income From Continuing And Discontinued Operation": NaN,
        "Total Expenses": NaN,
        "Total Operating Income As Reported": NaN,
        "Diluted Average Shares": NaN,
        "Basic Average Shares": NaN,
        "Diluted EPS": NaN,
        "Basic EPS": NaN,
        "Diluted NI Availto Com Stockholders": NaN,
        "Average Dilution Earnings": 0.0,
        "Net Income Common Stockholders": NaN,
        "Net Income": NaN,
        "Minority Interests": NaN,
        "Net Income Including Noncontrolling Interests": NaN,
        "Net Income Continuous Operations": NaN,
        "Pretax Income": NaN,
        "Other Income Expense": NaN,
        "Other Non Operating Income Expenses": NaN,
        "Net Non Operating Interest Income Expense": NaN,
        "Interest Expense Non Operating": NaN,
        "Interest Income Non Operating": NaN,
        "Operating Income": NaN,
        "Operating Expense": NaN,
        "Research And Development": NaN,
        "Selling General And Administration": NaN,
        "General And Administrative Expense": NaN,
        "Other Gand A": NaN,
        "Total Revenue": NaN,
        "Operating Revenue": NaN
    },
    "2022-09-30": {
        "Tax Effect Of Unusual Items": NaN,
        "Tax Rate For Calcs": NaN,
        "Normalized EBITDA": NaN,
        "Net Income From Continuing Operation Net Minority Interest": NaN,
        "Reconciled Depreciation": NaN,
        "EBITDA": NaN,
        "EBIT": NaN,
        "Net Interest Income": NaN,
        "Interest Expense": NaN,
        "Interest Income": NaN,
        "Normalized Income": NaN,
        "Net Income From Continuing And Discontinued Operation": NaN,
        "Total Expenses": NaN,
        "Total Operating Income As Reported": NaN,
        "Diluted Average Shares": NaN,
        "Basic Average Shares": NaN,
        "Diluted EPS": NaN,
        "Basic EPS": NaN,
        "Diluted NI Availto Com Stockholders": NaN,
        "Average Dilution Earnings": 0.0,
        "Net Income Common Stockholders": NaN,
        "Net Income": NaN,
        "Minority Interests": NaN,
        "Net Income Including Noncontrolling Interests": NaN,
        "Net Income Continuous Operations": NaN,
        "Pretax Income": NaN,
        "Other Income Expense": NaN,
        "Other Non Operating Income Expenses": NaN,
        "Net Non Operating Interest Income Expense": NaN,
        "Interest Expense Non Operating": NaN,
        "Interest Income Non Operating": NaN,
        "Operating Income": NaN,
        "Operating Expense": NaN,
        "Research And Development": NaN,
        "Selling General And Administration": NaN,
        "General And Administrative Expense": NaN,
        "Other Gand A": NaN,
        "Total Revenue": NaN,
        "Operating Revenue": NaN
    },
    "2022-06-30": {
        "Tax Effect Of Unusual Items": 0.0,
        "Tax Rate For Calcs": 0.0,
        "Normalized EBITDA": -86542000.0,
        "Net Income From Continuing Operation Net Minority Interest": -94829000.0,
        "Reconciled Depreciation": 7688000.0,
        "EBITDA": -86542000.0,
        "EBIT": -94230000.0,
        "Net Interest Income": 903000.0,
        "Interest Expense": 607000.0,
        "Interest Income": 1510000.0,
        "Normalized Income": -94829000.0,
        "Net Income From Continuing And Discontinued Operation": -94829000.0,
        "Total Expenses": 95873000.0,
        "Total Operating Income As Reported": -95873000.0,
        "Diluted Average Shares": 431523000.0,
        "Basic Average Shares": 431523000.0,
        "Diluted EPS": -0.22,
        "Basic EPS": -0.22,
        "Diluted NI Availto Com Stockholders": -94829000.0,
        "Average Dilution Earnings": 0.0,
        "Net Income Common Stockholders": -94829000.0,
        "Net Income": -94829000.0,
        "Minority Interests": 8000.0,
        "Net Income Including Noncontrolling Interests": -94837000.0,
        "Net Income Continuous Operations": -94837000.0,
        "Pretax Income": -94837000.0,
        "Other Income Expense": 133000.0,
        "Other Non Operating Income Expenses": 133000.0,
        "Net Non Operating Interest Income Expense": 903000.0,
        "Interest Expense Non Operating": 607000.0,
        "Interest Income Non Operating": 1510000.0,
        "Operating Income": -95873000.0,
        "Operating Expense": 95873000.0,
        "Research And Development": 65133000.0,
        "Selling General And Administration": 30740000.0,
        "General And Administrative Expense": 30740000.0,
        "Other Gand A": 30740000.0,
        "Total Revenue": 0.0,
        "Operating Revenue": 0.0
    },
    "2023-09-30": {
        "Tax Effect Of Unusual Items": NaN,
        "Tax Rate For Calcs": NaN,
        "Normalized EBITDA": NaN,
        "Net Income From Continuing Operation Net Minority Interest": NaN,
        "Reconciled Depreciation": NaN,
        "EBITDA": NaN,
        "EBIT": NaN,
        "Net Interest Income": NaN,
        "Interest Expense": NaN,
        "Interest Income": NaN,
        "Normalized Income": NaN,
        "Net Income From Continuing And Discontinued Operation": NaN,
        "Total Expenses": NaN,
        "Total Operating Income As Reported": NaN,
        "Diluted Average Shares": 471752000.0,
        "Basic Average Shares": 471752000.0,
        "Diluted EPS": -0.23,
        "Basic EPS": -0.23,
        "Diluted NI Availto Com Stockholders": NaN,
        "Net Income Common Stockholders": NaN,
        "Net Income": NaN,
        "Minority Interests": NaN,
        "Net Income Including Noncontrolling Interests": NaN,
        "Net Income Continuous Operations": NaN,
        "Pretax Income": NaN,
        "Other Income Expense": NaN,
        "Other Non Operating Income Expenses": NaN,
        "Net Non Operating Interest Income Expense": NaN,
        "Interest Expense Non Operating": NaN,
        "Interest Income Non Operating": NaN,
        "Operating Income": NaN,
        "Operating Expense": NaN,
        "Research And Development": NaN,
        "Selling General And Administration": NaN,
        "General And Administrative Expense": NaN,
        "Other Gand A": NaN,
        "Total Revenue": NaN,
        "Operating Revenue": NaN
    },
    "2023-12-31": {
        "Tax Effect Of Unusual Items": 0.0,
        "Tax Rate For Calcs": 0.0,
        "Normalized EBITDA": -100010000.0,
        "Net Income From Continuing Operation Net Minority Interest": -113360000.0,
        "Reconciled Depreciation": 12747000.0,
        "EBITDA": -100010000.0,
        "EBIT": -112757000.0,
        "Net Interest Income": 11831000.0,
        "Interest Expense": 582000.0,
        "Interest Income": 12413000.0,
        "Normalized Income": -113360000.0,
        "Net Income From Continuing And Discontinued Operation": -113360000.0,
        "Total Expenses": 124640000.0,
        "Total Operating Income As Reported": -124640000.0,
        "Diluted Average Shares": 491129000.0,
        "Basic Average Shares": 491129000.0,
        "Diluted EPS": -0.23,
        "Basic EPS": -0.23,
        "Diluted NI Availto Com Stockholders": -113360000.0,
        "Net Income Common Stockholders": -113360000.0,
        "Net Income": -113360000.0,
        "Minority Interests": -21000.0,
        "Net Income Including Noncontrolling Interests": -113339000.0,
        "Net Income Continuous Operations": -113339000.0,
        "Pretax Income": -113339000.0,
        "Other Income Expense": -530000.0,
        "Other Non Operating Income Expenses": -530000.0,
        "Net Non Operating Interest Income Expense": 11831000.0,
        "Interest Expense Non Operating": 582000.0,
        "Interest Income Non Operating": 12413000.0,
        "Operating Income": -124640000.0,
        "Operating Expense": 124640000.0,
        "Research And Development": 96397000.0,
        "Selling General And Administration": 28243000.0,
        "General And Administrative Expense": 28243000.0,
        "Other Gand A": 28243000.0,
        "Total Revenue": 0.0,
        "Operating Revenue": 0.0
    },
    "2024-03-31": {
        "Tax Effect Of Unusual Items": 0.0,
        "Tax Rate For Calcs": 0.0,
        "Normalized EBITDA": -106088000.0,
        "Net Income From Continuing Operation Net Minority Interest": -120648000.0,
        "Reconciled Depreciation": 13968000.0,
        "EBITDA": -106088000.0,
        "EBIT": -120056000.0,
        "Net Interest Income": 11493000.0,
        "Interest Expense": 572000.0,
        "Interest Income": 12065000.0,
        "Normalized Income": -120648000.0,
        "Net Income From Continuing And Discontinued Operation": -120648000.0,
        "Total Expenses": 131901000.0,
        "Total Operating Income As Reported": -131901000.0,
        "Diluted Average Shares": 496145000.0,
        "Basic Average Shares": 496145000.0,
        "Diluted EPS": -0.24,
        "Basic EPS": -0.24,
        "Diluted NI Availto Com Stockholders": -120648000.0,
        "Net Income Common Stockholders": -120648000.0,
        "Net Income": -120648000.0,
        "Minority Interests": -20000.0,
        "Net Income Including Noncontrolling Interests": -120628000.0,
        "Net Income Continuous Operations": -120628000.0,
        "Pretax Income": -120628000.0,
        "Other Income Expense": -220000.0,
        "Other Non Operating Income Expenses": -220000.0,
        "Net Non Operating Interest Income Expense": 11493000.0,
        "Interest Expense Non Operating": 572000.0,
        "Interest Income Non Operating": 12065000.0,
        "Operating Income": -131901000.0,
        "Operating Expense": 131901000.0,
        "Research And Development": 83847000.0,
        "Selling General And Administration": 48054000.0,
        "General And Administrative Expense": 48054000.0,
        "Other Gand A": 48054000.0,
        "Total Revenue": 0.0,
        "Operating Revenue": 0.0
    },
    "2024-06-30": {
        "Tax Effect Of Unusual Items": 0.0,
        "Tax Rate For Calcs": 0.0,
        "Normalized EBITDA": -107540000.0,
        "Net Income From Continuing Operation Net Minority Interest": -122975000.0,
        "Reconciled Depreciation": 14851000.0,
        "EBITDA": -107540000.0,
        "EBIT": -122391000.0,
        "Net Interest Income": 11454000.0,
        "Interest Expense": 562000.0,
        "Interest Income": 12016000.0,
        "Normalized Income": -122975000.0,
        "Net Income From Continuing And Discontinued Operation": -122975000.0,
        "Total Expenses": 134457000.0,
        "Total Operating Income As Reported": -134457000.0,
        "Diluted Average Shares": 501232000.0,
        "Basic Average Shares": 501232000.0,
        "Diluted EPS": -0.25,
        "Basic EPS": -0.25,
        "Diluted NI Availto Com Stockholders": -122975000.0,
        "Net Income Common Stockholders": -122975000.0,
        "Net Income": -122975000.0,
        "Minority Interests": -22000.0,
        "Net Income Including Noncontrolling Interests": -122953000.0,
        "Net Income Continuous Operations": -122953000.0,
        "Pretax Income": -122953000.0,
        "Other Income Expense": 50000.0,
        "Other Non Operating Income Expenses": 50000.0,
        "Net Non Operating Interest Income Expense": 11454000.0,
        "Interest Expense Non Operating": 562000.0,
        "Interest Income Non Operating": 12016000.0,
        "Operating Income": -134457000.0,
        "Operating Expense": 134457000.0,
        "Research And Development": 97746000.0,
        "Selling General And Administration": 36711000.0,
        "General And Administrative Expense": 36711000.0,
        "Other Gand A": 36711000.0,
        "Total Revenue": 0.0,
        "Operating Revenue": 0.0
    },
    "2024-09-30": {
        "Tax Effect Of Unusual Items": 0.0,
        "Tax Rate For Calcs": 0.0,
        "Normalized EBITDA": -102193000.0,
        "Net Income From Continuing Operation Net Minority Interest": -119572000.0,
        "Reconciled Depreciation": 16956000.0,
        "EBITDA": -102193000.0,
        "EBIT": -119149000.0,
        "Net Interest Income": 10797000.0,
        "Interest Expense": 550000.0,
        "Interest Income": 11347000.0,
        "Normalized Income": -119572000.0,
        "Net Income From Continuing And Discontinued Operation": -119572000.0,
        "Total Expenses": 130158000.0,
        "Total Operating Income As Reported": -130158000.0,
        "Diluted Average Shares": 508957000.0,
        "Basic Average Shares": 508957000.0,
        "Diluted EPS": -0.23,
        "Basic EPS": -0.23,
        "Diluted NI Availto Com Stockholders": -119572000.0,
        "Net Income Common Stockholders": -119572000.0,
        "Net Income": -119572000.0,
        "Minority Interests": 127000.0,
        "Net Income Including Noncontrolling Interests": -119699000.0,
        "Net Income Continuous Operations": -119699000.0,
        "Pretax Income": -119699000.0,
        "Other Income Expense": -338000.0,
        "Other Non Operating Income Expenses": -338000.0,
        "Net Non Operating Interest Income Expense": 10797000.0,
        "Interest Expense Non Operating": 550000.0,
        "Interest Income Non Operating": 11347000.0,
        "Operating Income": -130158000.0,
        "Operating Expense": 130158000.0,
        "Research And Development": 96994000.0,
        "Selling General And Administration": 33164000.0,
        "General And Administrative Expense": 33164000.0,
        "Other Gand A": 33164000.0,
        "Total Revenue": 0.0,
        "Operating Revenue": 0.0
    },
    "2024-12-31": {
        "Tax Effect Of Unusual Items": 0.0,
        "Tax Rate For Calcs": 0.0,
        "Normalized EBITDA": -94106000.0,
        "Net Income From Continuing Operation Net Minority Interest": -114662000.0,
        "Reconciled Depreciation": 20016000.0,
        "EBITDA": -94106000.0,
        "EBIT": -114122000.0,
        "Net Interest Income": 10056000.0,
        "Interest Expense": 540000.0,
        "Interest Income": 10596000.0,
        "Normalized Income": -114662000.0,
        "Net Income From Continuing And Discontinued Operation": -114662000.0,
        "Total Expenses": 128691000.0,
        "Total Operating Income As Reported": -128691000.0,
        "Diluted Average Shares": 525871000.0,
        "Basic Average Shares": 525871000.0,
        "Diluted EPS": -0.22,
        "Basic EPS": -0.22,
        "Diluted NI Availto Com Stockholders": -114662000.0,
        "Net Income Common Stockholders": -114662000.0,
        "Net Income": -114662000.0,
        "Minority Interests": 0.0,
        "Net Income Including Noncontrolling Interests": -114662000.0,
        "Net Income Continuous Operations": -114662000.0,
        "Pretax Income": -114662000.0,
        "Other Income Expense": 3973000.0,
        "Other Non Operating Income Expenses": 3973000.0,
        "Net Non Operating Interest Income Expense": 10056000.0,
        "Interest Expense Non Operating": 540000.0,
        "Interest Income Non Operating": 10596000.0,
        "Operating Income": -128691000.0,
        "Operating Expense": 128691000.0,
        "Research And Development": 104384000.0,
        "Selling General And Administration": 24307000.0,
        "General And Administrative Expense": 24307000.0,
        "Other Gand A": 24307000.0,
        "Total Revenue": 0.0,
        "Operating Revenue": 0.0
    },
    "2025-03-31": {
        "Tax Effect Of Unusual Items": 0.0,
        "Tax Rate For Calcs": 0.0,
        "Normalized EBITDA": -93514000.0,
        "Net Income From Continuing Operation Net Minority Interest": -114423000.0,
        "Reconciled Depreciation": 20381000.0,
        "EBITDA": -93514000.0,
        "EBIT": -113895000.0,
        "Net Interest Income": 9241000.0,
        "Interest Expense": 528000.0,
        "Interest Income": 9769000.0,
        "Normalized Income": -114423000.0,
        "Net Income From Continuing And Discontinued Operation": -114423000.0,
        "Total Expenses": 123575000.0,
        "Total Operating Income As Reported": -123575000.0,
        "Diluted Average Shares": 548006000.0,
        "Basic Average Shares": 548006000.0,
        "Diluted EPS": -0.21,
        "Basic EPS": -0.21,
        "Diluted NI Availto Com Stockholders": -114423000.0,
        "Net Income Common Stockholders": -114423000.0,
        "Net Income": -114423000.0,
        "Minority Interests": 0.0,
        "Net Income Including Noncontrolling Interests": -114423000.0,
        "Net Income Continuous Operations": -114423000.0,
        "Pretax Income": -114423000.0,
        "Other Income Expense": -89000.0,
        "Other Non Operating Income Expenses": -89000.0,
        "Net Non Operating Interest Income Expense": 9241000.0,
        "Interest Expense Non Operating": 528000.0,
        "Interest Income Non Operating": 9769000.0,
        "Operating Income": -123575000.0,
        "Operating Expense": 123575000.0,
        "Research And Development": 95589000.0,
        "Selling General And Administration": 27986000.0,
        "General And Administrative Expense": 27986000.0,
        "Other Gand A": 27986000.0,
        "Total Revenue": 0.0,
        "Operating Revenue": 0.0
    },
    "2025-06-30": {
        "Tax Effect Of Unusual Items": 0.0,
        "Tax Rate For Calcs": 0.0,
        "Normalized EBITDA": -92644000.0,
        "Net Income From Continuing Operation Net Minority Interest": -114698000.0,
        "Reconciled Depreciation": 21538000.0,
        "EBITDA": -92644000.0,
        "EBIT": -114182000.0,
        "Net Interest Income": 8424000.0,
        "Interest Expense": 516000.0,
        "Interest Income": 8940000.0,
        "Normalized Income": -114698000.0,
        "Net Income From Continuing And Discontinued Operation": -114698000.0,
        "Total Expenses": 123586000.0,
        "Total Operating Income As Reported": -123586000.0,
        "Diluted Average Shares": 561698000.0,
        "Basic Average Shares": 561698000.0,
        "Diluted EPS": -0.2,
        "Basic EPS": -0.2,
        "Diluted NI Availto Com Stockholders": -114698000.0,
        "Net Income Common Stockholders": -114698000.0,
        "Net Income": -114698000.0,
        "Minority Interests": 0.0,
        "Net Income Including Noncontrolling Interests": -114698000.0,
        "Net Income Continuous Operations": -114698000.0,
        "Pretax Income": -114698000.0,
        "Other Income Expense": 464000.0,
        "Other Non Operating Income Expenses": 464000.0,
        "Net Non Operating Interest Income Expense": 8424000.0,
        "Interest Expense Non Operating": 516000.0,
        "Interest Income Non Operating": 8940000.0,
        "Operating Income": -123586000.0,
        "Operating Expense": 123586000.0,
        "Research And Development": 101177000.0,
        "Selling General And Administration": 22409000.0,
        "General And Administrative Expense": 22409000.0,
        "Other Gand A": 22409000.0,
        "Total Revenue": 0.0,
        "Operating Revenue": 0.0
    },
    "2025-09-30": {
        "Tax Effect Of Unusual Items": 0.0,
        "Tax Rate For Calcs": 0.0,
        "Normalized EBITDA": -89407000.0,
        "Net Income From Continuing Operation Net Minority Interest": -105824000.0,
        "Reconciled Depreciation": 15914000.0,
        "EBITDA": -89407000.0,
        "EBIT": -105321000.0,
        "Net Interest Income": 9494000.0,
        "Interest Expense": 503000.0,
        "Interest Income": 9997000.0,
        "Normalized Income": -105824000.0,
        "Net Income From Continuing And Discontinued Operation": -105824000.0,
        "Total Expenses": 114993000.0,
        "Total Operating Income As Reported": -114993000.0,
        "Diluted Average Shares": 588728000.0,
        "Basic Average Shares": 588728000.0,
        "Diluted EPS": -0.18,
        "Basic EPS": -0.18,
        "Diluted NI Availto Com Stockholders": -105824000.0,
        "Net Income Common Stockholders": -105824000.0,
        "Net Income": -105824000.0,
        "Minority Interests": 0.0,
        "Net Income Including Noncontrolling Interests": -105824000.0,
        "Net Income Continuous Operations": -105824000.0,
        "Pretax Income": -105824000.0,
        "Other Income Expense": -325000.0,
        "Other Non Operating Income Expenses": -325000.0,
        "Net Non Operating Interest Income Expense": 9494000.0,
        "Interest Expense Non Operating": 503000.0,
        "Interest Income Non Operating": 9997000.0,
        "Operating Income": -114993000.0,
        "Operating Expense": 114993000.0,
        "Research And Development": 92074000.0,
        "Selling General And Administration": 22919000.0,
        "General And Administrative Expense": 22919000.0,
        "Other Gand A": 22919000.0,
        "Total Revenue": 0.0,
        "Operating Revenue": 0.0
    }
}