{
    "2023-03-31": {
        "Tax Effect Of Unusual Items": NaN,
        "Tax Rate For Calcs": NaN,
        "Normalized EBITDA": NaN,
        "Total Unusual Items": 33000.0,
        "Total Unusual Items Excluding Goodwill": 33000.0,
        "Net Income From Continuing Operation Net Minority Interest": NaN,
        "Reconciled Depreciation": NaN,
        "Reconciled Cost Of Revenue": NaN,
        "EBITDA": NaN,
        "EBIT": NaN,
        "Net Interest Income": NaN,
        "Interest Income": NaN,
        "Normalized Income": NaN,
        "Net Income From Continuing And Discontinued Operation": NaN,
        "Total Expenses": NaN,
        "Rent Expense Supplemental": NaN,
        "Total Operating Income As Reported": NaN,
        "Diluted Average Shares": NaN,
        "Basic Average Shares": NaN,
        "Diluted EPS": NaN,
        "Basic EPS": NaN,
        "Diluted NI Availto Com Stockholders": NaN,
        "Net Income Common Stockholders": NaN,
        "Net Income": NaN,
        "Net Income Including Noncontrolling Interests": NaN,
        "Net Income Continuous Operations": NaN,
        "Tax Provision": NaN,
        "Pretax Income": NaN,
        "Other Income Expense": NaN,
        "Other Non Operating Income Expenses": NaN,
        "Special Income Charges": 33000.0,
        "Impairment Of Capital Assets": NaN,
        "Restructuring And Mergern Acquisition": -33000.0,
        "Net Non Operating Interest Income Expense": NaN,
        "Total Other Finance Cost": -3449000.0,
        "Interest Income Non Operating": NaN,
        "Operating Income": NaN,
        "Operating Expense": NaN,
        "Other Operating Expenses": NaN,
        "Research And Development": NaN,
        "Selling General And Administration": NaN,
        "Selling And Marketing Expense": 20883000.0,
        "General And Administrative Expense": NaN,
        "Other Gand A": NaN,
        "Rent And Landing Fees": NaN,
        "Gross Profit": NaN,
        "Cost Of Revenue": NaN,
        "Total Revenue": NaN,
        "Operating Revenue": NaN
    },
    "2022-12-31": {
        "Tax Effect Of Unusual Items": NaN,
        "Tax Rate For Calcs": NaN,
        "Normalized EBITDA": NaN,
        "Total Unusual Items": -9006000.0,
        "Total Unusual Items Excluding Goodwill": -9006000.0,
        "Net Income From Continuing Operation Net Minority Interest": NaN,
        "Reconciled Depreciation": NaN,
        "Reconciled Cost Of Revenue": NaN,
        "EBITDA": NaN,
        "EBIT": NaN,
        "Net Interest Income": NaN,
        "Interest Income": NaN,
        "Normalized Income": NaN,
        "Net Income From Continuing And Discontinued Operation": NaN,
        "Total Expenses": NaN,
        "Rent Expense Supplemental": NaN,
        "Total Operating Income As Reported": NaN,
        "Diluted Average Shares": NaN,
        "Basic Average Shares": NaN,
        "Diluted EPS": NaN,
        "Basic EPS": NaN,
        "Diluted NI Availto Com Stockholders": NaN,
        "Net Income Common Stockholders": NaN,
        "Net Income": NaN,
        "Net Income Including Noncontrolling Interests": NaN,
        "Net Income Continuous Operations": NaN,
        "Tax Provision": NaN,
        "Pretax Income": NaN,
        "Other Income Expense": NaN,
        "Other Non Operating Income Expenses": NaN,
        "Special Income Charges": -9006000.0,
        "Impairment Of Capital Assets": 8677000.0,
        "Restructuring And Mergern Acquisition": 329000.0,
        "Net Non Operating Interest Income Expense": NaN,
        "Total Other Finance Cost": -2815000.0,
        "Interest Income Non Operating": NaN,
        "Operating Income": NaN,
        "Operating Expense": NaN,
        "Other Operating Expenses": NaN,
        "Research And Development": NaN,
        "Selling General And Administration": NaN,
        "Selling And Marketing Expense": NaN,
        "General And Administrative Expense": NaN,
        "Other Gand A": NaN,
        "Rent And Landing Fees": NaN,
        "Gross Profit": NaN,
        "Cost Of Revenue": NaN,
        "Total Revenue": NaN,
        "Operating Revenue": NaN
    },
    "2022-09-30": {
        "Tax Effect Of Unusual Items": NaN,
        "Tax Rate For Calcs": NaN,
        "Normalized EBITDA": NaN,
        "Total Unusual Items": NaN,
        "Total Unusual Items Excluding Goodwill": NaN,
        "Net Income From Continuing Operation Net Minority Interest": NaN,
        "Reconciled Depreciation": NaN,
        "Reconciled Cost Of Revenue": NaN,
        "EBITDA": NaN,
        "EBIT": NaN,
        "Net Interest Income": NaN,
        "Interest Income": 1712000.0,
        "Normalized Income": NaN,
        "Net Income From Continuing And Discontinued Operation": NaN,
        "Total Expenses": NaN,
        "Rent Expense Supplemental": NaN,
        "Total Operating Income As Reported": NaN,
        "Diluted Average Shares": NaN,
        "Basic Average Shares": NaN,
        "Diluted EPS": NaN,
        "Basic EPS": NaN,
        "Diluted NI Availto Com Stockholders": NaN,
        "Net Income Common Stockholders": NaN,
        "Net Income": NaN,
        "Net Income Including Noncontrolling Interests": NaN,
        "Net Income Continuous Operations": NaN,
        "Tax Provision": NaN,
        "Pretax Income": NaN,
        "Other Income Expense": NaN,
        "Other Non Operating Income Expenses": NaN,
        "Special Income Charges": NaN,
        "Write Off": 8695000.0,
        "Impairment Of Capital Assets": 20341000.0,
        "Restructuring And Mergern Acquisition": 4035000.0,
        "Net Non Operating Interest Income Expense": NaN,
        "Total Other Finance Cost": -1712000.0,
        "Interest Income Non Operating": 1712000.0,
        "Operating Income": NaN,
        "Operating Expense": NaN,
        "Other Operating Expenses": NaN,
        "Research And Development": NaN,
        "Selling General And Administration": NaN,
        "Selling And Marketing Expense": NaN,
        "General And Administrative Expense": NaN,
        "Other Gand A": NaN,
        "Rent And Landing Fees": NaN,
        "Gross Profit": NaN,
        "Cost Of Revenue": NaN,
        "Total Revenue": NaN,
        "Operating Revenue": NaN
    },
    "2022-06-30": {
        "Tax Effect Of Unusual Items": 0.0,
        "Tax Rate For Calcs": 0.4,
        "Normalized EBITDA": -23527000.0,
        "Total Unusual Items": NaN,
        "Total Unusual Items Excluding Goodwill": NaN,
        "Net Income From Continuing Operation Net Minority Interest": -24902000.0,
        "Reconciled Depreciation": 1432000.0,
        "Reconciled Cost Of Revenue": 14789000.0,
        "EBITDA": -23527000.0,
        "EBIT": -24959000.0,
        "Net Interest Income": 552000.0,
        "Normalized Income": -24902000.0,
        "Net Income From Continuing And Discontinued Operation": -24902000.0,
        "Total Expenses": 48384000.0,
        "Rent Expense Supplemental": NaN,
        "Total Operating Income As Reported": -24959000.0,
        "Diluted Average Shares": 36922000.0,
        "Basic Average Shares": 36922000.0,
        "Diluted EPS": -0.67,
        "Basic EPS": -0.67,
        "Diluted NI Availto Com Stockholders": -24902000.0,
        "Net Income Common Stockholders": -24902000.0,
        "Net Income": -24902000.0,
        "Net Income Including Noncontrolling Interests": -24902000.0,
        "Net Income Continuous Operations": -24902000.0,
        "Tax Provision": 137000.0,
        "Pretax Income": -24765000.0,
        "Other Income Expense": -358000.0,
        "Other Non Operating Income Expenses": -358000.0,
        "Special Income Charges": NaN,
        "Write Off": NaN,
        "Impairment Of Capital Assets": NaN,
        "Restructuring And Mergern Acquisition": NaN,
        "Net Non Operating Interest Income Expense": 552000.0,
        "Total Other Finance Cost": -552000.0,
        "Operating Income": -24959000.0,
        "Operating Expense": 33595000.0,
        "Other Operating Expenses": -75000.0,
        "Research And Development": 6625000.0,
        "Selling General And Administration": 27045000.0,
        "Selling And Marketing Expense": NaN,
        "General And Administrative Expense": NaN,
        "Other Gand A": NaN,
        "Rent And Landing Fees": NaN,
        "Gross Profit": 8636000.0,
        "Cost Of Revenue": 14789000.0,
        "Total Revenue": 23425000.0,
        "Operating Revenue": 23425000.0
    },
    "2022-03-31": {
        "Diluted EPS": -0.49,
        "Total Revenue": 30,
        "Gross Profit": 15,
        "Operating Income": -18,
        "EBIT": -17,
        "Net Income": -18
    },
    "2021-12-31": {
        "Diluted EPS": -0.55,
        "Total Revenue": 30,
        "Gross Profit": 16,
        "Operating Income": -20,
        "EBIT": -18,
        "Net Income": -20
    },
    "2021-09-30": {
        "Diluted EPS": -0.43,
        "Total Revenue": 28,
        "Gross Profit": 15,
        "Operating Income": -15,
        "EBIT": -14,
        "Net Income": -16
    },
    "2021-06-30": {
        "Diluted EPS": -0.33,
        "Total Revenue": 25,
        "Gross Profit": 14,
        "Operating Income": -14,
        "EBIT": -12,
        "Net Income": -12
    },
    "2021-03-31": {
        "Diluted EPS": -0.29,
        "Total Revenue": 27,
        "Gross Profit": 16,
        "Operating Income": -10,
        "EBIT": -8,
        "Net Income": -10
    },
    "2020-12-31": {
        "Diluted EPS": -0.3,
        "Total Revenue": 26,
        "Gross Profit": 15,
        "Operating Income": -10,
        "EBIT": -9,
        "Net Income": -10
    },
    "2020-09-30": {
        "Diluted EPS": 0.07,
        "Total Revenue": 31,
        "Gross Profit": 21,
        "Operating Income": 2,
        "EBIT": 4,
        "Net Income": 2
    },
    "2020-06-30": {
        "Diluted EPS": -0.43,
        "Total Revenue": 13,
        "Gross Profit": 5,
        "Operating Income": -12,
        "EBIT": -11,
        "Net Income": -12
    },
    "2020-03-31": {
        "Diluted EPS": -0.41,
        "Total Revenue": 16,
        "Gross Profit": 7,
        "Operating Income": -12,
        "EBIT": -10,
        "Net Income": -12
    },
    "2019-12-31": {
        "Diluted EPS": -0.38,
        "Total Revenue": 16,
        "Gross Profit": 7,
        "Operating Income": -11,
        "EBIT": -10,
        "Net Income": -11
    },
    "2019-09-30": {
        "Diluted EPS": -0.37,
        "Total Revenue": 15,
        "Gross Profit": 7,
        "Operating Income": -10,
        "EBIT": -9,
        "Net Income": -10
    },
    "2019-06-30": {
        "Diluted EPS": -0.46,
        "Total Revenue": 14,
        "Gross Profit": 7,
        "Operating Income": -11,
        "EBIT": -10,
        "Net Income": -11
    },
    "2019-03-31": {
        "Diluted EPS": -0.42,
        "Total Revenue": 12,
        "Gross Profit": 6,
        "Operating Income": -9,
        "EBIT": -9,
        "Net Income": -9
    },
    "2018-12-31": {
        "Diluted EPS": -0.41,
        "Total Revenue": 11,
        "Gross Profit": 5,
        "Operating Income": -9,
        "EBIT": -9,
        "Net Income": -9
    },
    "2018-09-30": {
        "Diluted EPS": -0.35,
        "Total Revenue": 11,
        "Gross Profit": 6,
        "Operating Income": -8,
        "EBIT": -7,
        "Net Income": -8
    },
    "2018-06-30": {
        "Diluted EPS": -0.34,
        "Total Revenue": 9,
        "Gross Profit": 4,
        "Operating Income": -7,
        "EBIT": -7,
        "Net Income": -7
    },
    "2018-03-31": {
        "Diluted EPS": -0.33,
        "Total Revenue": 8,
        "Gross Profit": 3,
        "Operating Income": -7,
        "EBIT": -7,
        "Net Income": -7
    },
    "2017-12-31": {
        "Diluted EPS": -1.06,
        "Total Revenue": 7,
        "Gross Profit": 3,
        "Operating Income": -7,
        "EBIT": -7,
        "Net Income": -7
    },
    "2017-09-30": {
        "Diluted EPS": -3.13,
        "Total Revenue": 6,
        "Gross Profit": 3,
        "Operating Income": -6,
        "EBIT": -6,
        "Net Income": -8
    },
    "2017-06-30": {
        "Diluted EPS": -3.21,
        "Total Revenue": 5,
        "Gross Profit": 2,
        "Operating Income": -6,
        "EBIT": -6,
        "Net Income": -8
    },
    "2017-03-31": {
        "Diluted EPS": -3.18,
        "Total Revenue": 5,
        "Gross Profit": 2,
        "Operating Income": -6,
        "EBIT": -6,
        "Net Income": -7
    },
    "2016-12-31": {
        "Diluted EPS": 0.0,
        "Total Revenue": NaN,
        "Gross Profit": NaN,
        "Operating Income": NaN,
        "EBIT": NaN,
        "Net Income": NaN
    },
    "2015-12-31": {
        "Diluted EPS": 0.0,
        "Total Revenue": NaN,
        "Gross Profit": NaN,
        "Operating Income": NaN,
        "EBIT": NaN,
        "Net Income": NaN
    },
    "2023-06-30": {
        "Tax Effect Of Unusual Items": NaN,
        "Tax Rate For Calcs": NaN,
        "Normalized EBITDA": NaN,
        "Total Unusual Items": 0.0,
        "Total Unusual Items Excluding Goodwill": 0.0,
        "Net Income From Continuing Operation Net Minority Interest": NaN,
        "Reconciled Depreciation": NaN,
        "Reconciled Cost Of Revenue": NaN,
        "EBITDA": NaN,
        "EBIT": NaN,
        "Net Interest Income": NaN,
        "Interest Income": NaN,
        "Normalized Income": NaN,
        "Net Income From Continuing And Discontinued Operation": NaN,
        "Total Expenses": NaN,
        "Rent Expense Supplemental": NaN,
        "Total Operating Income As Reported": NaN,
        "Diluted Average Shares": NaN,
        "Basic Average Shares": NaN,
        "Diluted EPS": NaN,
        "Basic EPS": NaN,
        "Diluted NI Availto Com Stockholders": NaN,
        "Net Income Common Stockholders": NaN,
        "Net Income": NaN,
        "Net Income Including Noncontrolling Interests": NaN,
        "Net Income Continuous Operations": NaN,
        "Tax Provision": NaN,
        "Pretax Income": NaN,
        "Other Income Expense": NaN,
        "Other Non Operating Income Expenses": NaN,
        "Special Income Charges": 0.0,
        "Impairment Of Capital Assets": NaN,
        "Restructuring And Mergern Acquisition": 0.0,
        "Net Non Operating Interest Income Expense": NaN,
        "Total Other Finance Cost": -3886000.0,
        "Interest Income Non Operating": NaN,
        "Operating Income": NaN,
        "Operating Expense": NaN,
        "Other Operating Expenses": NaN,
        "Research And Development": NaN,
        "Selling General And Administration": NaN,
        "General And Administrative Expense": NaN,
        "Other Gand A": NaN,
        "Rent And Landing Fees": NaN,
        "Gross Profit": NaN,
        "Cost Of Revenue": NaN,
        "Total Revenue": NaN,
        "Operating Revenue": NaN
    },
    "2023-09-30": {
        "Tax Effect Of Unusual Items": NaN,
        "Tax Rate For Calcs": NaN,
        "Normalized EBITDA": NaN,
        "Total Unusual Items": 0.0,
        "Total Unusual Items Excluding Goodwill": 0.0,
        "Net Income From Continuing Operation Net Minority Interest": NaN,
        "Reconciled Depreciation": NaN,
        "Reconciled Cost Of Revenue": NaN,
        "EBITDA": NaN,
        "EBIT": NaN,
        "Net Interest Income": NaN,
        "Interest Income": NaN,
        "Normalized Income": NaN,
        "Net Income From Continuing And Discontinued Operation": NaN,
        "Total Expenses": NaN,
        "Rent Expense Supplemental": NaN,
        "Total Operating Income As Reported": NaN,
        "Diluted Average Shares": NaN,
        "Basic Average Shares": NaN,
        "Diluted EPS": NaN,
        "Basic EPS": NaN,
        "Diluted NI Availto Com Stockholders": NaN,
        "Net Income Common Stockholders": NaN,
        "Net Income": NaN,
        "Net Income Including Noncontrolling Interests": NaN,
        "Net Income Continuous Operations": NaN,
        "Tax Provision": NaN,
        "Pretax Income": NaN,
        "Other Income Expense": NaN,
        "Other Non Operating Income Expenses": NaN,
        "Special Income Charges": 0.0,
        "Impairment Of Capital Assets": 0.0,
        "Restructuring And Mergern Acquisition": NaN,
        "Net Non Operating Interest Income Expense": NaN,
        "Interest Income Non Operating": NaN,
        "Operating Income": NaN,
        "Operating Expense": NaN,
        "Other Operating Expenses": NaN,
        "Research And Development": NaN,
        "Selling General And Administration": NaN,
        "General And Administrative Expense": NaN,
        "Other Gand A": NaN,
        "Rent And Landing Fees": NaN,
        "Gross Profit": NaN,
        "Cost Of Revenue": NaN,
        "Total Revenue": NaN,
        "Operating Revenue": NaN
    },
    "2023-12-31": {
        "Tax Effect Of Unusual Items": NaN,
        "Tax Rate For Calcs": NaN,
        "Normalized EBITDA": NaN,
        "Total Unusual Items": -1570000.0,
        "Total Unusual Items Excluding Goodwill": -1570000.0,
        "Net Income From Continuing Operation Net Minority Interest": NaN,
        "Reconciled Depreciation": NaN,
        "Reconciled Cost Of Revenue": NaN,
        "EBITDA": NaN,
        "EBIT": NaN,
        "Net Interest Income": NaN,
        "Interest Income": NaN,
        "Normalized Income": NaN,
        "Net Income From Continuing And Discontinued Operation": NaN,
        "Total Expenses": NaN,
        "Rent Expense Supplemental": NaN,
        "Total Operating Income As Reported": NaN,
        "Diluted Average Shares": NaN,
        "Basic Average Shares": NaN,
        "Diluted EPS": NaN,
        "Basic EPS": NaN,
        "Diluted NI Availto Com Stockholders": NaN,
        "Net Income Common Stockholders": NaN,
        "Net Income": NaN,
        "Net Income Including Noncontrolling Interests": NaN,
        "Net Income Continuous Operations": NaN,
        "Tax Provision": NaN,
        "Pretax Income": NaN,
        "Other Income Expense": NaN,
        "Other Non Operating Income Expenses": NaN,
        "Special Income Charges": -1570000.0,
        "Impairment Of Capital Assets": 1570000.0,
        "Restructuring And Mergern Acquisition": NaN,
        "Net Non Operating Interest Income Expense": NaN,
        "Interest Income Non Operating": NaN,
        "Operating Income": NaN,
        "Operating Expense": NaN,
        "Other Operating Expenses": NaN,
        "Research And Development": NaN,
        "Selling General And Administration": NaN,
        "General And Administrative Expense": NaN,
        "Other Gand A": NaN,
        "Rent And Landing Fees": NaN,
        "Gross Profit": NaN,
        "Cost Of Revenue": NaN,
        "Total Revenue": NaN,
        "Operating Revenue": NaN
    },
    "2024-03-31": {
        "Tax Effect Of Unusual Items": NaN,
        "Tax Rate For Calcs": NaN,
        "Normalized EBITDA": NaN,
        "Total Unusual Items": 0.0,
        "Total Unusual Items Excluding Goodwill": 0.0,
        "Net Income From Continuing Operation Net Minority Interest": NaN,
        "Reconciled Depreciation": NaN,
        "Reconciled Cost Of Revenue": NaN,
        "EBITDA": NaN,
        "EBIT": NaN,
        "Net Interest Income": NaN,
        "Interest Income": NaN,
        "Normalized Income": NaN,
        "Net Income From Continuing And Discontinued Operation": NaN,
        "Total Expenses": NaN,
        "Rent Expense Supplemental": NaN,
        "Total Operating Income As Reported": NaN,
        "Diluted Average Shares": NaN,
        "Basic Average Shares": NaN,
        "Diluted EPS": NaN,
        "Basic EPS": NaN,
        "Diluted NI Availto Com Stockholders": NaN,
        "Net Income Common Stockholders": NaN,
        "Net Income": NaN,
        "Net Income Including Noncontrolling Interests": NaN,
        "Net Income Continuous Operations": NaN,
        "Tax Provision": NaN,
        "Pretax Income": NaN,
        "Other Income Expense": NaN,
        "Other Non Operating Income Expenses": NaN,
        "Special Income Charges": 0.0,
        "Restructuring And Mergern Acquisition": 0.0,
        "Net Non Operating Interest Income Expense": NaN,
        "Interest Income Non Operating": NaN,
        "Operating Income": NaN,
        "Operating Expense": NaN,
        "Other Operating Expenses": NaN,
        "Research And Development": NaN,
        "Selling General And Administration": NaN,
        "General And Administrative Expense": NaN,
        "Other Gand A": NaN,
        "Rent And Landing Fees": NaN,
        "Gross Profit": NaN,
        "Cost Of Revenue": NaN,
        "Total Revenue": NaN,
        "Operating Revenue": NaN
    },
    "2024-06-30": {
        "Tax Effect Of Unusual Items": NaN,
        "Tax Rate For Calcs": NaN,
        "Normalized EBITDA": NaN,
        "Total Unusual Items": 0.0,
        "Total Unusual Items Excluding Goodwill": 0.0,
        "Net Income From Continuing Operation Net Minority Interest": NaN,
        "Reconciled Depreciation": NaN,
        "Reconciled Cost Of Revenue": NaN,
        "EBITDA": NaN,
        "EBIT": NaN,
        "Net Interest Income": NaN,
        "Interest Income": NaN,
        "Normalized Income": NaN,
        "Net Income From Continuing And Discontinued Operation": NaN,
        "Total Expenses": NaN,
        "Rent Expense Supplemental": NaN,
        "Total Operating Income As Reported": NaN,
        "Diluted Average Shares": NaN,
        "Basic Average Shares": NaN,
        "Diluted EPS": NaN,
        "Basic EPS": NaN,
        "Diluted NI Availto Com Stockholders": NaN,
        "Net Income Common Stockholders": NaN,
        "Net Income": NaN,
        "Net Income Including Noncontrolling Interests": NaN,
        "Net Income Continuous Operations": NaN,
        "Tax Provision": NaN,
        "Pretax Income": NaN,
        "Other Income Expense": NaN,
        "Other Non Operating Income Expenses": NaN,
        "Special Income Charges": 0.0,
        "Restructuring And Mergern Acquisition": 0.0,
        "Net Non Operating Interest Income Expense": NaN,
        "Interest Income Non Operating": NaN,
        "Operating Income": NaN,
        "Operating Expense": NaN,
        "Other Operating Expenses": NaN,
        "Research And Development": NaN,
        "Selling General And Administration": NaN,
        "General And Administrative Expense": NaN,
        "Other Gand A": NaN,
        "Rent And Landing Fees": NaN,
        "Gross Profit": NaN,
        "Cost Of Revenue": NaN,
        "Total Revenue": NaN,
        "Operating Revenue": NaN
    },
    "2024-09-30": {
        "Tax Effect Of Unusual Items": 0.0,
        "Tax Rate For Calcs": 0.21,
        "Normalized EBITDA": -10972000.0,
        "Total Unusual Items": 0.0,
        "Total Unusual Items Excluding Goodwill": 0.0,
        "Net Income From Continuing Operation Net Minority Interest": -8353000.0,
        "Reconciled Depreciation": 776000.0,
        "Reconciled Cost Of Revenue": 15660000.0,
        "EBITDA": -10972000.0,
        "EBIT": -11748000.0,
        "Net Interest Income": 3535000.0,
        "Interest Income": 3535000.0,
        "Normalized Income": -8353000.0,
        "Net Income From Continuing And Discontinued Operation": -8353000.0,
        "Total Expenses": 47159000.0,
        "Rent Expense Supplemental": 889000.0,
        "Total Operating Income As Reported": -11748000.0,
        "Diluted Average Shares": 38449000.0,
        "Basic Average Shares": 38449000.0,
        "Diluted EPS": -0.22,
        "Basic EPS": -0.22,
        "Diluted NI Availto Com Stockholders": -8353000.0,
        "Net Income Common Stockholders": -8353000.0,
        "Net Income": -8353000.0,
        "Net Income Including Noncontrolling Interests": -8353000.0,
        "Net Income Continuous Operations": -8353000.0,
        "Tax Provision": 145000.0,
        "Pretax Income": -8208000.0,
        "Other Income Expense": 5000.0,
        "Other Non Operating Income Expenses": 5000.0,
        "Special Income Charges": 0.0,
        "Restructuring And Mergern Acquisition": 0.0,
        "Net Non Operating Interest Income Expense": 3535000.0,
        "Interest Income Non Operating": 3535000.0,
        "Operating Income": -11748000.0,
        "Operating Expense": 31499000.0,
        "Other Operating Expenses": -402000.0,
        "Research And Development": 8104000.0,
        "Selling General And Administration": 23797000.0,
        "General And Administrative Expense": 23797000.0,
        "Other Gand A": 22908000.0,
        "Rent And Landing Fees": 889000.0,
        "Gross Profit": 19751000.0,
        "Cost Of Revenue": 15660000.0,
        "Total Revenue": 35411000.0,
        "Operating Revenue": 35411000.0
    },
    "2024-12-31": {
        "Tax Effect Of Unusual Items": 0.0,
        "Tax Rate For Calcs": 0.000688,
        "Normalized EBITDA": -11153000.0,
        "Total Unusual Items": NaN,
        "Total Unusual Items Excluding Goodwill": NaN,
        "Net Income From Continuing Operation Net Minority Interest": -11628000.0,
        "Reconciled Depreciation": 3616000.0,
        "Reconciled Cost Of Revenue": 12992000.0,
        "EBITDA": -11153000.0,
        "EBIT": -14769000.0,
        "Net Interest Income": 3490000.0,
        "Interest Income": 3490000.0,
        "Normalized Income": -11628000.0,
        "Net Income From Continuing And Discontinued Operation": -11628000.0,
        "Total Expenses": 48875000.0,
        "Rent Expense Supplemental": 280000.0,
        "Total Operating Income As Reported": -14769000.0,
        "Diluted Average Shares": 38551000.0,
        "Basic Average Shares": 38551000.0,
        "Diluted EPS": -0.3,
        "Basic EPS": -0.3,
        "Diluted NI Availto Com Stockholders": -11628000.0,
        "Net Income Common Stockholders": -11628000.0,
        "Net Income": -11628000.0,
        "Net Income Including Noncontrolling Interests": -11628000.0,
        "Net Income Continuous Operations": -11628000.0,
        "Tax Provision": -8000.0,
        "Pretax Income": -11636000.0,
        "Other Income Expense": -357000.0,
        "Other Non Operating Income Expenses": -357000.0,
        "Special Income Charges": NaN,
        "Restructuring And Mergern Acquisition": NaN,
        "Net Non Operating Interest Income Expense": 3490000.0,
        "Interest Income Non Operating": 3490000.0,
        "Operating Income": -14769000.0,
        "Operating Expense": 35883000.0,
        "Other Operating Expenses": -1055000.0,
        "Research And Development": 8067000.0,
        "Selling General And Administration": 28871000.0,
        "General And Administrative Expense": 28871000.0,
        "Other Gand A": 28591000.0,
        "Rent And Landing Fees": 280000.0,
        "Gross Profit": 21114000.0,
        "Cost Of Revenue": 12992000.0,
        "Total Revenue": 34106000.0,
        "Operating Revenue": 34106000.0
    },
    "2025-03-31": {
        "Tax Effect Of Unusual Items": -46996.0,
        "Tax Rate For Calcs": 0.124,
        "Normalized EBITDA": -23799000.0,
        "Total Unusual Items": -379000.0,
        "Total Unusual Items Excluding Goodwill": -379000.0,
        "Net Income From Continuing Operation Net Minority Interest": -20504000.0,
        "Reconciled Depreciation": 2188000.0,
        "Reconciled Cost Of Revenue": 13918000.0,
        "EBITDA": -24178000.0,
        "EBIT": -26366000.0,
        "Net Interest Income": 3267000.0,
        "Interest Income": 3267000.0,
        "Normalized Income": -20171996.0,
        "Net Income From Continuing And Discontinued Operation": -20504000.0,
        "Total Expenses": 56639000.0,
        "Rent Expense Supplemental": 288000.0,
        "Total Operating Income As Reported": -26366000.0,
        "Diluted Average Shares": 38718000.0,
        "Basic Average Shares": 38718000.0,
        "Diluted EPS": -0.53,
        "Basic EPS": -0.53,
        "Diluted NI Availto Com Stockholders": -20504000.0,
        "Net Income Common Stockholders": -20504000.0,
        "Net Income": -20504000.0,
        "Net Income Including Noncontrolling Interests": -20504000.0,
        "Net Income Continuous Operations": -20504000.0,
        "Tax Provision": -2913000.0,
        "Pretax Income": -23417000.0,
        "Other Income Expense": -318000.0,
        "Other Non Operating Income Expenses": 61000.0,
        "Special Income Charges": -379000.0,
        "Restructuring And Mergern Acquisition": 379000.0,
        "Net Non Operating Interest Income Expense": 3267000.0,
        "Interest Income Non Operating": 3267000.0,
        "Operating Income": -26366000.0,
        "Operating Expense": 42721000.0,
        "Other Operating Expenses": -60000.0,
        "Research And Development": 10036000.0,
        "Selling General And Administration": 32745000.0,
        "General And Administrative Expense": 32745000.0,
        "Other Gand A": 32457000.0,
        "Rent And Landing Fees": 288000.0,
        "Gross Profit": 16355000.0,
        "Cost Of Revenue": 13918000.0,
        "Total Revenue": 30273000.0,
        "Operating Revenue": 30273000.0
    },
    "2025-06-30": {
        "Tax Effect Of Unusual Items": -6794.0,
        "Tax Rate For Calcs": 0.002,
        "Normalized EBITDA": -23184000.0,
        "Total Unusual Items": -3397000.0,
        "Total Unusual Items Excluding Goodwill": -3397000.0,
        "Net Income From Continuing Operation Net Minority Interest": -30013000.0,
        "Reconciled Depreciation": 2849000.0,
        "Reconciled Cost Of Revenue": 13176000.0,
        "EBITDA": -26581000.0,
        "EBIT": -29430000.0,
        "Net Interest Income": 2692000.0,
        "Interest Income": 2692000.0,
        "Normalized Income": -26622794.0,
        "Net Income From Continuing And Discontinued Operation": -30013000.0,
        "Total Expenses": 53884000.0,
        "Rent Expense Supplemental": 296000.0,
        "Total Operating Income As Reported": -37100000.0,
        "Diluted Average Shares": 38893000.0,
        "Basic Average Shares": 38893000.0,
        "Diluted EPS": -0.77,
        "Basic EPS": -0.77,
        "Diluted NI Availto Com Stockholders": -30013000.0,
        "Net Income Common Stockholders": -30013000.0,
        "Net Income": -30013000.0,
        "Net Income Including Noncontrolling Interests": -30013000.0,
        "Net Income Continuous Operations": -30013000.0,
        "Tax Provision": -73000.0,
        "Pretax Income": -30086000.0,
        "Other Income Expense": -3348000.0,
        "Other Non Operating Income Expenses": 49000.0,
        "Special Income Charges": -3397000.0,
        "Restructuring And Mergern Acquisition": 3397000.0,
        "Net Non Operating Interest Income Expense": 2692000.0,
        "Interest Income Non Operating": 2692000.0,
        "Operating Income": -29430000.0,
        "Operating Expense": 40708000.0,
        "Other Operating Expenses": -22000.0,
        "Research And Development": 9081000.0,
        "Selling General And Administration": 31649000.0,
        "General And Administrative Expense": 31649000.0,
        "Other Gand A": 31353000.0,
        "Rent And Landing Fees": 296000.0,
        "Gross Profit": 11278000.0,
        "Cost Of Revenue": 13176000.0,
        "Total Revenue": 24454000.0,
        "Operating Revenue": 24454000.0
    },
    "2025-09-30": {
        "Tax Effect Of Unusual Items": -491004.0,
        "Tax Rate For Calcs": 0.069,
        "Normalized EBITDA": -18454000.0,
        "Total Unusual Items": -7116000.0,
        "Total Unusual Items Excluding Goodwill": -7116000.0,
        "Net Income From Continuing Operation Net Minority Interest": -33517000.0,
        "Reconciled Depreciation": 4581000.0,
        "Reconciled Cost Of Revenue": 23027000.0,
        "EBITDA": -25570000.0,
        "EBIT": -30151000.0,
        "Net Interest Income": 1448000.0,
        "Interest Income": 1448000.0,
        "Normalized Income": -26892004.0,
        "Net Income From Continuing And Discontinued Operation": -33517000.0,
        "Total Expenses": 70301000.0,
        "Rent Expense Supplemental": 286000.0,
        "Total Operating Income As Reported": -37325000.0,
        "Diluted Average Shares": 46060000.0,
        "Basic Average Shares": 46060000.0,
        "Diluted EPS": -0.73,
        "Basic EPS": -0.73,
        "Diluted NI Availto Com Stockholders": -33517000.0,
        "Net Income Common Stockholders": -33517000.0,
        "Net Income": -33517000.0,
        "Net Income Including Noncontrolling Interests": -33517000.0,
        "Net Income Continuous Operations": -33517000.0,
        "Tax Provision": -2480000.0,
        "Pretax Income": -35997000.0,
        "Other Income Expense": -7294000.0,
        "Other Non Operating Income Expenses": -178000.0,
        "Special Income Charges": -7116000.0,
        "Restructuring And Mergern Acquisition": 7116000.0,
        "Net Non Operating Interest Income Expense": 1448000.0,
        "Interest Income Non Operating": 1448000.0,
        "Operating Income": -30151000.0,
        "Operating Expense": 47274000.0,
        "Other Operating Expenses": -83000.0,
        "Research And Development": 8009000.0,
        "Selling General And Administration": 39348000.0,
        "General And Administrative Expense": 39348000.0,
        "Other Gand A": 39062000.0,
        "Rent And Landing Fees": 286000.0,
        "Gross Profit": 17123000.0,
        "Cost Of Revenue": 23027000.0,
        "Total Revenue": 40150000.0,
        "Operating Revenue": 40150000.0
    }
}