{
    "2023-03-31": {
        "Tax Effect Of Unusual Items": NaN,
        "Tax Rate For Calcs": NaN,
        "Normalized EBITDA": NaN,
        "Total Unusual Items": NaN,
        "Total Unusual Items Excluding Goodwill": NaN,
        "Net Income From Continuing Operation Net Minority Interest": NaN,
        "Reconciled Depreciation": NaN,
        "Reconciled Cost Of Revenue": NaN,
        "EBITDA": NaN,
        "EBIT": NaN,
        "Net Interest Income": NaN,
        "Interest Expense": NaN,
        "Interest Income": NaN,
        "Normalized Income": NaN,
        "Net Income From Continuing And Discontinued Operation": NaN,
        "Total Expenses": NaN,
        "Rent Expense Supplemental": 1961000.0,
        "Total Operating Income As Reported": NaN,
        "Diluted Average Shares": NaN,
        "Basic Average Shares": NaN,
        "Diluted EPS": NaN,
        "Basic EPS": NaN,
        "Diluted NI Availto Com Stockholders": NaN,
        "Net Income Common Stockholders": NaN,
        "Net Income": NaN,
        "Net Income Including Noncontrolling Interests": NaN,
        "Net Income Continuous Operations": NaN,
        "Tax Provision": NaN,
        "Pretax Income": NaN,
        "Other Income Expense": NaN,
        "Special Income Charges": NaN,
        "Other Special Charges": -19869000.0,
        "Restructuring And Mergern Acquisition": NaN,
        "Net Non Operating Interest Income Expense": NaN,
        "Interest Expense Non Operating": NaN,
        "Interest Income Non Operating": NaN,
        "Operating Income": NaN,
        "Operating Expense": NaN,
        "Depreciation Amortization Depletion Income Statement": NaN,
        "Depreciation And Amortization In Income Statement": NaN,
        "Amortization": NaN,
        "Amortization Of Intangibles Income Statement": NaN,
        "Research And Development": NaN,
        "Selling General And Administration": NaN,
        "Selling And Marketing Expense": NaN,
        "General And Administrative Expense": NaN,
        "Other Gand A": NaN,
        "Rent And Landing Fees": 1961000.0,
        "Gross Profit": NaN,
        "Cost Of Revenue": NaN,
        "Total Revenue": NaN,
        "Operating Revenue": NaN
    },
    "2022-12-31": {
        "Tax Effect Of Unusual Items": NaN,
        "Tax Rate For Calcs": NaN,
        "Normalized EBITDA": NaN,
        "Total Unusual Items": NaN,
        "Total Unusual Items Excluding Goodwill": NaN,
        "Net Income From Continuing Operation Net Minority Interest": NaN,
        "Reconciled Depreciation": NaN,
        "Reconciled Cost Of Revenue": NaN,
        "EBITDA": NaN,
        "EBIT": NaN,
        "Net Interest Income": NaN,
        "Interest Expense": NaN,
        "Interest Income": NaN,
        "Normalized Income": NaN,
        "Net Income From Continuing And Discontinued Operation": NaN,
        "Total Expenses": NaN,
        "Rent Expense Supplemental": 7171000.0,
        "Total Operating Income As Reported": NaN,
        "Diluted Average Shares": NaN,
        "Basic Average Shares": NaN,
        "Diluted EPS": NaN,
        "Basic EPS": NaN,
        "Diluted NI Availto Com Stockholders": NaN,
        "Net Income Common Stockholders": NaN,
        "Net Income": NaN,
        "Net Income Including Noncontrolling Interests": NaN,
        "Net Income Continuous Operations": NaN,
        "Tax Provision": NaN,
        "Pretax Income": NaN,
        "Other Income Expense": NaN,
        "Special Income Charges": NaN,
        "Other Special Charges": NaN,
        "Restructuring And Mergern Acquisition": NaN,
        "Net Non Operating Interest Income Expense": NaN,
        "Interest Expense Non Operating": NaN,
        "Interest Income Non Operating": NaN,
        "Operating Income": NaN,
        "Operating Expense": NaN,
        "Depreciation Amortization Depletion Income Statement": NaN,
        "Depreciation And Amortization In Income Statement": NaN,
        "Amortization": NaN,
        "Amortization Of Intangibles Income Statement": NaN,
        "Research And Development": NaN,
        "Selling General And Administration": NaN,
        "Selling And Marketing Expense": NaN,
        "General And Administrative Expense": NaN,
        "Other Gand A": NaN,
        "Rent And Landing Fees": 7171000.0,
        "Gross Profit": NaN,
        "Cost Of Revenue": NaN,
        "Total Revenue": NaN,
        "Operating Revenue": NaN
    },
    "2022-09-30": {
        "Tax Effect Of Unusual Items": NaN,
        "Tax Rate For Calcs": NaN,
        "Normalized EBITDA": NaN,
        "Total Unusual Items": NaN,
        "Total Unusual Items Excluding Goodwill": NaN,
        "Net Income From Continuing Operation Net Minority Interest": NaN,
        "Reconciled Depreciation": NaN,
        "Reconciled Cost Of Revenue": NaN,
        "EBITDA": NaN,
        "EBIT": NaN,
        "Net Interest Income": NaN,
        "Interest Expense": NaN,
        "Interest Income": NaN,
        "Normalized Income": NaN,
        "Net Income From Continuing And Discontinued Operation": NaN,
        "Total Expenses": NaN,
        "Rent Expense Supplemental": 5494000.0,
        "Total Operating Income As Reported": NaN,
        "Diluted Average Shares": NaN,
        "Basic Average Shares": NaN,
        "Diluted EPS": NaN,
        "Basic EPS": NaN,
        "Diluted NI Availto Com Stockholders": NaN,
        "Net Income Common Stockholders": NaN,
        "Net Income": NaN,
        "Net Income Including Noncontrolling Interests": NaN,
        "Net Income Continuous Operations": NaN,
        "Tax Provision": NaN,
        "Pretax Income": NaN,
        "Other Income Expense": NaN,
        "Special Income Charges": NaN,
        "Other Special Charges": NaN,
        "Restructuring And Mergern Acquisition": NaN,
        "Net Non Operating Interest Income Expense": NaN,
        "Interest Expense Non Operating": NaN,
        "Interest Income Non Operating": NaN,
        "Operating Income": NaN,
        "Operating Expense": NaN,
        "Depreciation Amortization Depletion Income Statement": NaN,
        "Depreciation And Amortization In Income Statement": NaN,
        "Amortization": NaN,
        "Amortization Of Intangibles Income Statement": NaN,
        "Research And Development": NaN,
        "Selling General And Administration": NaN,
        "Selling And Marketing Expense": NaN,
        "General And Administrative Expense": NaN,
        "Other Gand A": NaN,
        "Rent And Landing Fees": 5494000.0,
        "Gross Profit": NaN,
        "Cost Of Revenue": NaN,
        "Total Revenue": NaN,
        "Operating Revenue": NaN
    },
    "2022-06-30": {
        "Tax Effect Of Unusual Items": -210800.0,
        "Tax Rate For Calcs": 0.4,
        "Normalized EBITDA": -7666000.0,
        "Total Unusual Items": -527000.0,
        "Total Unusual Items Excluding Goodwill": -527000.0,
        "Net Income From Continuing Operation Net Minority Interest": -25222000.0,
        "Reconciled Depreciation": 15027000.0,
        "Reconciled Cost Of Revenue": 66816000.0,
        "EBITDA": -8193000.0,
        "EBIT": -23220000.0,
        "Net Interest Income": -1098000.0,
        "Interest Expense": 1662000.0,
        "Interest Income": 564000.0,
        "Normalized Income": -24905800.0,
        "Net Income From Continuing And Discontinued Operation": -25222000.0,
        "Total Expenses": 163566000.0,
        "Rent Expense Supplemental": 129000.0,
        "Total Operating Income As Reported": -23784000.0,
        "Diluted Average Shares": 57234000.0,
        "Basic Average Shares": 57234000.0,
        "Diluted EPS": -0.44,
        "Basic EPS": -0.44,
        "Diluted NI Availto Com Stockholders": -25222000.0,
        "Net Income Common Stockholders": -25222000.0,
        "Net Income": -25222000.0,
        "Net Income Including Noncontrolling Interests": -25222000.0,
        "Net Income Continuous Operations": -25222000.0,
        "Tax Provision": 340000.0,
        "Pretax Income": -24882000.0,
        "Other Income Expense": -527000.0,
        "Other Non Operating Income Expenses": NaN,
        "Special Income Charges": -527000.0,
        "Other Special Charges": NaN,
        "Restructuring And Mergern Acquisition": 527000.0,
        "Net Non Operating Interest Income Expense": -1098000.0,
        "Interest Expense Non Operating": 1662000.0,
        "Interest Income Non Operating": 564000.0,
        "Operating Income": -23257000.0,
        "Operating Expense": 86145000.0,
        "Depreciation Amortization Depletion Income Statement": 4422000.0,
        "Depreciation And Amortization In Income Statement": 4422000.0,
        "Amortization": 4422000.0,
        "Amortization Of Intangibles Income Statement": 4422000.0,
        "Research And Development": 31832000.0,
        "Selling General And Administration": 49891000.0,
        "Selling And Marketing Expense": 26477000.0,
        "General And Administrative Expense": 23414000.0,
        "Other Gand A": 23285000.0,
        "Rent And Landing Fees": 129000.0,
        "Gross Profit": 62888000.0,
        "Cost Of Revenue": 77421000.0,
        "Total Revenue": 140309000.0,
        "Operating Revenue": 140309000.0
    },
    "2023-06-30": {
        "Tax Effect Of Unusual Items": NaN,
        "Tax Rate For Calcs": NaN,
        "Normalized EBITDA": NaN,
        "Total Unusual Items": NaN,
        "Total Unusual Items Excluding Goodwill": NaN,
        "Net Income From Continuing Operation Net Minority Interest": NaN,
        "Reconciled Depreciation": NaN,
        "Reconciled Cost Of Revenue": NaN,
        "EBITDA": NaN,
        "EBIT": NaN,
        "Net Interest Income": NaN,
        "Interest Expense": NaN,
        "Interest Income": NaN,
        "Normalized Income": NaN,
        "Net Income From Continuing And Discontinued Operation": NaN,
        "Total Expenses": NaN,
        "Total Operating Income As Reported": NaN,
        "Diluted Average Shares": 58286000.0,
        "Basic Average Shares": 58286000.0,
        "Diluted EPS": -0.41,
        "Basic EPS": -0.41,
        "Diluted NI Availto Com Stockholders": NaN,
        "Net Income Common Stockholders": NaN,
        "Net Income": NaN,
        "Net Income Including Noncontrolling Interests": NaN,
        "Net Income Continuous Operations": NaN,
        "Tax Provision": NaN,
        "Pretax Income": NaN,
        "Other Income Expense": NaN,
        "Special Income Charges": NaN,
        "Other Special Charges": NaN,
        "Restructuring And Mergern Acquisition": NaN,
        "Net Non Operating Interest Income Expense": NaN,
        "Interest Expense Non Operating": NaN,
        "Interest Income Non Operating": NaN,
        "Operating Income": NaN,
        "Operating Expense": NaN,
        "Depreciation Amortization Depletion Income Statement": NaN,
        "Depreciation And Amortization In Income Statement": NaN,
        "Amortization": NaN,
        "Amortization Of Intangibles Income Statement": NaN,
        "Research And Development": NaN,
        "Selling General And Administration": NaN,
        "Selling And Marketing Expense": NaN,
        "General And Administrative Expense": NaN,
        "Other Gand A": NaN,
        "Gross Profit": NaN,
        "Cost Of Revenue": NaN,
        "Total Revenue": NaN,
        "Operating Revenue": NaN
    },
    "2022-03-31": {
        "Diluted EPS": -0.41,
        "Total Revenue": 134,
        "Gross Profit": 60,
        "Operating Income": -21,
        "EBIT": 0,
        "Net Income": -24
    },
    "2021-12-31": {
        "Diluted EPS": -0.45,
        "Total Revenue": 132,
        "Gross Profit": 59,
        "Operating Income": -18,
        "EBIT": 11,
        "Net Income": -25
    },
    "2021-09-30": {
        "Diluted EPS": -0.56,
        "Total Revenue": 127,
        "Gross Profit": 57,
        "Operating Income": -23,
        "EBIT": 4,
        "Net Income": -32
    },
    "2021-06-30": {
        "Diluted EPS": -0.53,
        "Total Revenue": 124,
        "Gross Profit": 55,
        "Operating Income": -20,
        "EBIT": 7,
        "Net Income": -30
    },
    "2021-03-31": {
        "Diluted EPS": -0.46,
        "Total Revenue": 117,
        "Gross Profit": 53,
        "Operating Income": -18,
        "EBIT": 9,
        "Net Income": -26
    },
    "2020-12-31": {
        "Diluted EPS": -0.69,
        "Total Revenue": 109,
        "Gross Profit": 45,
        "Operating Income": -20,
        "EBIT": 8,
        "Net Income": -38
    },
    "2020-09-30": {
        "Diluted EPS": -0.5,
        "Total Revenue": 104,
        "Gross Profit": 46,
        "Operating Income": -20,
        "EBIT": 4,
        "Net Income": -27
    },
    "2020-06-30": {
        "Diluted EPS": -0.76,
        "Total Revenue": 98,
        "Gross Profit": 44,
        "Operating Income": -32,
        "EBIT": -9,
        "Net Income": -39
    },
    "2020-03-31": {
        "Diluted EPS": -0.7,
        "Total Revenue": 92,
        "Gross Profit": 39,
        "Operating Income": -27,
        "EBIT": -5,
        "Net Income": -34
    },
    "2019-12-31": {
        "Diluted EPS": -0.31,
        "Total Revenue": 87,
        "Gross Profit": 42,
        "Operating Income": -22,
        "EBIT": -2,
        "Net Income": -16
    },
    "2019-09-30": {
        "Diluted EPS": -0.39,
        "Total Revenue": 80,
        "Gross Profit": 39,
        "Operating Income": -13,
        "EBIT": 1,
        "Net Income": -19
    },
    "2019-06-30": {
        "Diluted EPS": -0.39,
        "Total Revenue": 78,
        "Gross Profit": 38,
        "Operating Income": -14,
        "EBIT": 0,
        "Net Income": -17
    },
    "2019-03-31": {
        "Diluted EPS": -0.44,
        "Total Revenue": 71,
        "Gross Profit": 34,
        "Operating Income": -17,
        "EBIT": -7,
        "Net Income": -19
    },
    "2018-12-31": {
        "Diluted EPS": -0.28,
        "Total Revenue": 67,
        "Gross Profit": 32,
        "Operating Income": -13,
        "EBIT": -3,
        "Net Income": -12
    },
    "2018-09-30": {
        "Diluted EPS": -0.21,
        "Total Revenue": 61,
        "Gross Profit": 30,
        "Operating Income": -7,
        "EBIT": 1,
        "Net Income": -9
    },
    "2018-06-30": {
        "Diluted EPS": -0.2,
        "Total Revenue": 59,
        "Gross Profit": 29,
        "Operating Income": -7,
        "EBIT": 1,
        "Net Income": -9
    },
    "2018-03-31": {
        "Diluted EPS": -0.14,
        "Total Revenue": 55,
        "Gross Profit": 28,
        "Operating Income": -5,
        "EBIT": 2,
        "Net Income": -6
    },
    "2017-12-31": {
        "Diluted EPS": -0.13,
        "Total Revenue": 52,
        "Gross Profit": 25,
        "Operating Income": -6,
        "EBIT": 0,
        "Net Income": -6
    },
    "2017-09-30": {
        "Diluted EPS": -0.14,
        "Total Revenue": 50,
        "Gross Profit": 24,
        "Operating Income": -6,
        "EBIT": 0,
        "Net Income": -6
    },
    "2017-06-30": {
        "Diluted EPS": -0.19,
        "Total Revenue": 48,
        "Gross Profit": 23,
        "Operating Income": -8,
        "EBIT": -2,
        "Net Income": -8
    },
    "2017-03-31": {
        "Diluted EPS": -0.17,
        "Total Revenue": 45,
        "Gross Profit": 22,
        "Operating Income": -7,
        "EBIT": -2,
        "Net Income": -7
    },
    "2016-12-31": {
        "Diluted EPS": -0.18,
        "Total Revenue": 42,
        "Gross Profit": 21,
        "Operating Income": -7,
        "EBIT": -2,
        "Net Income": -8
    },
    "2016-09-30": {
        "Diluted EPS": -0.24,
        "Total Revenue": 38,
        "Gross Profit": 19,
        "Operating Income": -9,
        "EBIT": -4,
        "Net Income": -9
    },
    "2016-06-30": {
        "Diluted EPS": -0.25,
        "Total Revenue": 36,
        "Gross Profit": 17,
        "Operating Income": -10,
        "EBIT": -5,
        "Net Income": -10
    },
    "2016-03-31": {
        "Diluted EPS": -0.25,
        "Total Revenue": 34,
        "Gross Profit": 16,
        "Operating Income": -9,
        "EBIT": -5,
        "Net Income": -10
    },
    "2015-12-31": {
        "Diluted EPS": -0.22,
        "Total Revenue": 30,
        "Gross Profit": 14,
        "Operating Income": -8,
        "EBIT": -5,
        "Net Income": -8
    },
    "2015-09-30": {
        "Diluted EPS": -0.19,
        "Total Revenue": 28,
        "Gross Profit": 13,
        "Operating Income": -7,
        "EBIT": -3,
        "Net Income": -7
    },
    "2015-06-30": {
        "Diluted EPS": -0.13,
        "Total Revenue": 26,
        "Gross Profit": 12,
        "Operating Income": -5,
        "EBIT": -3,
        "Net Income": -5
    },
    "2015-03-31": {
        "Diluted EPS": -0.13,
        "Total Revenue": 24,
        "Gross Profit": 11,
        "Operating Income": -5,
        "EBIT": -2,
        "Net Income": -5
    },
    "2014-12-31": {
        "Diluted EPS": 0.0,
        "Total Revenue": 22,
        "Gross Profit": 9,
        "Operating Income": -5,
        "EBIT": -2,
        "Net Income": -5
    },
    "2014-09-30": {
        "Diluted EPS": -0.14,
        "Total Revenue": 21,
        "Gross Profit": 9,
        "Operating Income": -5,
        "EBIT": -2,
        "Net Income": -5
    },
    "2014-06-30": {
        "Diluted EPS": -0.14,
        "Total Revenue": 19,
        "Gross Profit": 8,
        "Operating Income": -5,
        "EBIT": -2,
        "Net Income": -5
    },
    "2014-03-31": {
        "Diluted EPS": -0.39,
        "Total Revenue": 17,
        "Gross Profit": 7,
        "Operating Income": -5,
        "EBIT": -3,
        "Net Income": -6
    },
    "2013-12-31": {
        "Diluted EPS": -0.54,
        "Total Revenue": 16,
        "Gross Profit": 5,
        "Operating Income": -6,
        "EBIT": -5,
        "Net Income": -6
    },
    "2013-09-30": {
        "Diluted EPS": -0.43,
        "Total Revenue": 14,
        "Gross Profit": 5,
        "Operating Income": -5,
        "EBIT": -3,
        "Net Income": -5
    },
    "2013-06-30": {
        "Diluted EPS": -0.31,
        "Total Revenue": 14,
        "Gross Profit": 6,
        "Operating Income": -4,
        "EBIT": -2,
        "Net Income": -4
    },
    "2013-03-31": {
        "Diluted EPS": -0.22,
        "Total Revenue": 13,
        "Gross Profit": 5,
        "Operating Income": -2,
        "EBIT": -1,
        "Net Income": -2
    },
    "2012-12-31": {
        "Diluted EPS": 0.0,
        "Total Revenue": NaN,
        "Gross Profit": NaN,
        "Operating Income": NaN,
        "EBIT": NaN,
        "Net Income": NaN
    },
    "2011-12-31": {
        "Diluted EPS": 0.0,
        "Total Revenue": NaN,
        "Gross Profit": NaN,
        "Operating Income": NaN,
        "EBIT": NaN,
        "Net Income": NaN
    },
    "2023-09-30": {
        "Tax Effect Of Unusual Items": NaN,
        "Tax Rate For Calcs": NaN,
        "Normalized EBITDA": NaN,
        "Total Unusual Items": NaN,
        "Total Unusual Items Excluding Goodwill": NaN,
        "Net Income From Continuing Operation Net Minority Interest": NaN,
        "Reconciled Depreciation": NaN,
        "Reconciled Cost Of Revenue": NaN,
        "EBITDA": NaN,
        "EBIT": NaN,
        "Net Interest Income": NaN,
        "Interest Expense": NaN,
        "Interest Income": NaN,
        "Normalized Income": NaN,
        "Net Income From Continuing And Discontinued Operation": NaN,
        "Total Expenses": NaN,
        "Total Operating Income As Reported": NaN,
        "Diluted Average Shares": 58492000.0,
        "Basic Average Shares": 58492000.0,
        "Diluted EPS": -0.4,
        "Basic EPS": -0.4,
        "Diluted NI Availto Com Stockholders": NaN,
        "Net Income Common Stockholders": NaN,
        "Net Income": NaN,
        "Net Income Including Noncontrolling Interests": NaN,
        "Net Income Continuous Operations": NaN,
        "Tax Provision": NaN,
        "Pretax Income": NaN,
        "Other Income Expense": NaN,
        "Special Income Charges": NaN,
        "Other Special Charges": NaN,
        "Restructuring And Mergern Acquisition": NaN,
        "Net Non Operating Interest Income Expense": NaN,
        "Interest Expense Non Operating": NaN,
        "Interest Income Non Operating": NaN,
        "Operating Income": NaN,
        "Operating Expense": NaN,
        "Depreciation Amortization Depletion Income Statement": NaN,
        "Depreciation And Amortization In Income Statement": NaN,
        "Amortization": NaN,
        "Amortization Of Intangibles Income Statement": NaN,
        "Research And Development": NaN,
        "Selling General And Administration": NaN,
        "Selling And Marketing Expense": NaN,
        "General And Administrative Expense": NaN,
        "Other Gand A": NaN,
        "Gross Profit": NaN,
        "Cost Of Revenue": NaN,
        "Total Revenue": NaN,
        "Operating Revenue": NaN
    },
    "2023-12-31": {
        "Tax Effect Of Unusual Items": NaN,
        "Tax Rate For Calcs": NaN,
        "Normalized EBITDA": NaN,
        "Total Unusual Items": NaN,
        "Total Unusual Items Excluding Goodwill": NaN,
        "Net Income From Continuing Operation Net Minority Interest": NaN,
        "Reconciled Depreciation": NaN,
        "Reconciled Cost Of Revenue": NaN,
        "EBITDA": NaN,
        "EBIT": NaN,
        "Net Interest Income": NaN,
        "Interest Expense": NaN,
        "Interest Income": NaN,
        "Normalized Income": NaN,
        "Net Income From Continuing And Discontinued Operation": NaN,
        "Total Expenses": NaN,
        "Total Operating Income As Reported": NaN,
        "Diluted Average Shares": NaN,
        "Basic Average Shares": NaN,
        "Diluted EPS": NaN,
        "Basic EPS": NaN,
        "Diluted NI Availto Com Stockholders": NaN,
        "Net Income Common Stockholders": NaN,
        "Net Income": NaN,
        "Net Income Including Noncontrolling Interests": NaN,
        "Net Income Continuous Operations": NaN,
        "Tax Provision": NaN,
        "Pretax Income": NaN,
        "Other Income Expense": NaN,
        "Special Income Charges": NaN,
        "Other Special Charges": 0.0,
        "Restructuring And Mergern Acquisition": NaN,
        "Net Non Operating Interest Income Expense": NaN,
        "Interest Expense Non Operating": NaN,
        "Interest Income Non Operating": NaN,
        "Operating Income": NaN,
        "Operating Expense": NaN,
        "Depreciation Amortization Depletion Income Statement": NaN,
        "Depreciation And Amortization In Income Statement": NaN,
        "Amortization": NaN,
        "Amortization Of Intangibles Income Statement": NaN,
        "Research And Development": NaN,
        "Selling General And Administration": NaN,
        "Selling And Marketing Expense": NaN,
        "General And Administrative Expense": NaN,
        "Other Gand A": NaN,
        "Gross Profit": NaN,
        "Cost Of Revenue": NaN,
        "Total Revenue": NaN,
        "Operating Revenue": NaN
    },
    "2024-03-31": {
        "Tax Effect Of Unusual Items": -236460.0,
        "Tax Rate For Calcs": 0.21,
        "Normalized EBITDA": 7653000.0,
        "Total Unusual Items": -1126000.0,
        "Total Unusual Items Excluding Goodwill": -1126000.0,
        "Net Income From Continuing Operation Net Minority Interest": -13843000.0,
        "Reconciled Depreciation": 17523000.0,
        "Reconciled Cost Of Revenue": 70561000.0,
        "EBITDA": 6527000.0,
        "EBIT": -10996000.0,
        "Net Interest Income": 1897000.0,
        "Interest Expense": 1292000.0,
        "Interest Income": 3189000.0,
        "Normalized Income": -12953460.0,
        "Net Income From Continuing And Discontinued Operation": -13843000.0,
        "Total Expenses": 178567000.0,
        "Total Operating Income As Reported": -14185000.0,
        "Diluted Average Shares": 59446000.0,
        "Basic Average Shares": 59446000.0,
        "Diluted EPS": -0.23,
        "Basic EPS": -0.23,
        "Diluted NI Availto Com Stockholders": -13843000.0,
        "Net Income Common Stockholders": -13843000.0,
        "Net Income": -13843000.0,
        "Net Income Including Noncontrolling Interests": -13843000.0,
        "Net Income Continuous Operations": -13843000.0,
        "Tax Provision": 1555000.0,
        "Pretax Income": -12288000.0,
        "Other Income Expense": -1126000.0,
        "Special Income Charges": -1126000.0,
        "Other Special Charges": NaN,
        "Restructuring And Mergern Acquisition": 1126000.0,
        "Net Non Operating Interest Income Expense": 1897000.0,
        "Interest Expense Non Operating": 1292000.0,
        "Interest Income Non Operating": 3189000.0,
        "Operating Income": -13059000.0,
        "Operating Expense": 95311000.0,
        "Depreciation Amortization Depletion Income Statement": 4828000.0,
        "Depreciation And Amortization In Income Statement": 4828000.0,
        "Amortization": 4828000.0,
        "Amortization Of Intangibles Income Statement": 4828000.0,
        "Research And Development": 34862000.0,
        "Selling General And Administration": 55621000.0,
        "Selling And Marketing Expense": 25445000.0,
        "General And Administrative Expense": 30176000.0,
        "Other Gand A": 30176000.0,
        "Gross Profit": 82252000.0,
        "Cost Of Revenue": 83256000.0,
        "Total Revenue": 165508000.0,
        "Operating Revenue": 165508000.0
    },
    "2024-06-30": {
        "Tax Effect Of Unusual Items": -203070.0,
        "Tax Rate For Calcs": 0.21,
        "Normalized EBITDA": 8761000.0,
        "Total Unusual Items": -967000.0,
        "Total Unusual Items Excluding Goodwill": -967000.0,
        "Net Income From Continuing Operation Net Minority Interest": -13060000.0,
        "Reconciled Depreciation": 17645000.0,
        "Reconciled Cost Of Revenue": 73206000.0,
        "EBITDA": 7794000.0,
        "EBIT": -9851000.0,
        "Net Interest Income": 2732000.0,
        "Interest Expense": 1120000.0,
        "Interest Income": 3852000.0,
        "Normalized Income": -12296070.0,
        "Net Income From Continuing And Discontinued Operation": -13060000.0,
        "Total Expenses": 185626000.0,
        "Total Operating Income As Reported": -13703000.0,
        "Diluted Average Shares": 60162000.0,
        "Basic Average Shares": 60162000.0,
        "Diluted EPS": -0.22,
        "Basic EPS": -0.22,
        "Diluted NI Availto Com Stockholders": -13060000.0,
        "Net Income Common Stockholders": -13060000.0,
        "Net Income": -13060000.0,
        "Net Income Including Noncontrolling Interests": -13060000.0,
        "Net Income Continuous Operations": -13060000.0,
        "Tax Provision": 2089000.0,
        "Pretax Income": -10971000.0,
        "Other Income Expense": -967000.0,
        "Special Income Charges": -967000.0,
        "Restructuring And Mergern Acquisition": 967000.0,
        "Net Non Operating Interest Income Expense": 2732000.0,
        "Interest Expense Non Operating": 1120000.0,
        "Interest Income Non Operating": 3852000.0,
        "Operating Income": -12736000.0,
        "Operating Expense": 99563000.0,
        "Depreciation Amortization Depletion Income Statement": 4788000.0,
        "Depreciation And Amortization In Income Statement": 4788000.0,
        "Amortization": 4788000.0,
        "Amortization Of Intangibles Income Statement": 4788000.0,
        "Research And Development": 35759000.0,
        "Selling General And Administration": 59016000.0,
        "Selling And Marketing Expense": 27733000.0,
        "General And Administrative Expense": 31283000.0,
        "Other Gand A": 31283000.0,
        "Gross Profit": 86827000.0,
        "Cost Of Revenue": 86063000.0,
        "Total Revenue": 172890000.0,
        "Operating Revenue": 172890000.0
    },
    "2024-09-30": {
        "Tax Effect Of Unusual Items": -657090.0,
        "Tax Rate For Calcs": 0.21,
        "Normalized EBITDA": 12597000.0,
        "Total Unusual Items": -3129000.0,
        "Total Unusual Items Excluding Goodwill": -3129000.0,
        "Net Income From Continuing Operation Net Minority Interest": -11797000.0,
        "Reconciled Depreciation": 17651000.0,
        "Reconciled Cost Of Revenue": 73087000.0,
        "EBITDA": 9468000.0,
        "EBIT": -8183000.0,
        "Net Interest Income": 3263000.0,
        "Interest Expense": 1354000.0,
        "Interest Income": 4617000.0,
        "Normalized Income": -9325090.0,
        "Net Income From Continuing And Discontinued Operation": -11797000.0,
        "Total Expenses": 184692000.0,
        "Total Operating Income As Reported": -12800000.0,
        "Diluted Average Shares": 60310000.0,
        "Basic Average Shares": 60310000.0,
        "Diluted EPS": -0.2,
        "Basic EPS": -0.2,
        "Diluted NI Availto Com Stockholders": -11797000.0,
        "Net Income Common Stockholders": -11797000.0,
        "Net Income": -11797000.0,
        "Net Income Including Noncontrolling Interests": -11797000.0,
        "Net Income Continuous Operations": -11797000.0,
        "Tax Provision": 2260000.0,
        "Pretax Income": -9537000.0,
        "Other Income Expense": -3129000.0,
        "Special Income Charges": -3129000.0,
        "Restructuring And Mergern Acquisition": 3129000.0,
        "Net Non Operating Interest Income Expense": 3263000.0,
        "Interest Expense Non Operating": 1354000.0,
        "Interest Income Non Operating": 4617000.0,
        "Operating Income": -9671000.0,
        "Operating Expense": 98730000.0,
        "Depreciation Amortization Depletion Income Statement": 4776000.0,
        "Depreciation And Amortization In Income Statement": 4776000.0,
        "Amortization": 4776000.0,
        "Amortization Of Intangibles Income Statement": 4776000.0,
        "Research And Development": 36901000.0,
        "Selling General And Administration": 57053000.0,
        "Selling And Marketing Expense": 25558000.0,
        "General And Administrative Expense": 31495000.0,
        "Other Gand A": 31495000.0,
        "Gross Profit": 89059000.0,
        "Cost Of Revenue": 85962000.0,
        "Total Revenue": 175021000.0,
        "Operating Revenue": 175021000.0
    },
    "2024-12-31": {
        "Tax Effect Of Unusual Items": -505260.0,
        "Tax Rate For Calcs": 0.21,
        "Normalized EBITDA": 21505000.0,
        "Total Unusual Items": -2406000.0,
        "Total Unusual Items Excluding Goodwill": -2406000.0,
        "Net Income From Continuing Operation Net Minority Interest": 164000.0,
        "Reconciled Depreciation": 15990000.0,
        "Reconciled Cost Of Revenue": 73299000.0,
        "EBITDA": 19099000.0,
        "EBIT": 3109000.0,
        "Net Interest Income": 3511000.0,
        "Interest Expense": 1173000.0,
        "Interest Income": 4684000.0,
        "Normalized Income": 2064740.0,
        "Net Income From Continuing And Discontinued Operation": 164000.0,
        "Total Expenses": 182214000.0,
        "Total Operating Income As Reported": -1575000.0,
        "Diluted Average Shares": 60497000.0,
        "Basic Average Shares": 60497000.0,
        "Diluted EPS": 0.0,
        "Basic EPS": 0.0,
        "Diluted NI Availto Com Stockholders": 164000.0,
        "Net Income Common Stockholders": 164000.0,
        "Net Income": 164000.0,
        "Net Income Including Noncontrolling Interests": 164000.0,
        "Net Income Continuous Operations": 164000.0,
        "Tax Provision": 1772000.0,
        "Pretax Income": 1936000.0,
        "Other Income Expense": -2406000.0,
        "Special Income Charges": -2406000.0,
        "Restructuring And Mergern Acquisition": 2406000.0,
        "Net Non Operating Interest Income Expense": 3511000.0,
        "Interest Expense Non Operating": 1173000.0,
        "Interest Income Non Operating": 4684000.0,
        "Operating Income": 831000.0,
        "Operating Expense": 95512000.0,
        "Depreciation Amortization Depletion Income Statement": 2587000.0,
        "Depreciation And Amortization In Income Statement": 2587000.0,
        "Amortization": 2587000.0,
        "Amortization Of Intangibles Income Statement": 2587000.0,
        "Research And Development": 35722000.0,
        "Selling General And Administration": 57203000.0,
        "Selling And Marketing Expense": 27215000.0,
        "General And Administrative Expense": 29988000.0,
        "Other Gand A": 29988000.0,
        "Gross Profit": 96343000.0,
        "Cost Of Revenue": 86702000.0,
        "Total Revenue": 183045000.0,
        "Operating Revenue": 183045000.0
    },
    "2025-03-31": {
        "Tax Effect Of Unusual Items": -186435.496183,
        "Tax Rate For Calcs": 0.092939,
        "Normalized EBITDA": 22501000.0,
        "Total Unusual Items": -2006000.0,
        "Total Unusual Items Excluding Goodwill": -2006000.0,
        "Net Income From Continuing Operation Net Minority Interest": 4753000.0,
        "Reconciled Depreciation": 13720000.0,
        "Reconciled Cost Of Revenue": 75118000.0,
        "EBITDA": 20495000.0,
        "EBIT": 6775000.0,
        "Net Interest Income": 3051000.0,
        "Interest Expense": 1535000.0,
        "Interest Income": 4586000.0,
        "Normalized Income": 6572564.503817,
        "Net Income From Continuing And Discontinued Operation": 4753000.0,
        "Total Expenses": 185540000.0,
        "Total Operating Income As Reported": 2189000.0,
        "Diluted Average Shares": 64820000.0,
        "Basic Average Shares": 61222000.0,
        "Diluted EPS": 0.07,
        "Basic EPS": 0.08,
        "Diluted NI Availto Com Stockholders": 4753000.0,
        "Net Income Common Stockholders": 4753000.0,
        "Net Income": 4753000.0,
        "Net Income Including Noncontrolling Interests": 4753000.0,
        "Net Income Continuous Operations": 4753000.0,
        "Tax Provision": 487000.0,
        "Pretax Income": 5240000.0,
        "Other Income Expense": -2006000.0,
        "Special Income Charges": -2006000.0,
        "Restructuring And Mergern Acquisition": 2006000.0,
        "Net Non Operating Interest Income Expense": 3051000.0,
        "Interest Expense Non Operating": 1535000.0,
        "Interest Income Non Operating": 4586000.0,
        "Operating Income": 4195000.0,
        "Operating Expense": 96795000.0,
        "Depreciation Amortization Depletion Income Statement": 93000.0,
        "Depreciation And Amortization In Income Statement": 93000.0,
        "Amortization": 93000.0,
        "Amortization Of Intangibles Income Statement": 93000.0,
        "Research And Development": 37853000.0,
        "Selling General And Administration": 58849000.0,
        "Selling And Marketing Expense": 26527000.0,
        "General And Administrative Expense": 32322000.0,
        "Other Gand A": 32322000.0,
        "Gross Profit": 100990000.0,
        "Cost Of Revenue": 88745000.0,
        "Total Revenue": 189735000.0,
        "Operating Revenue": 189735000.0
    },
    "2025-06-30": {
        "Tax Effect Of Unusual Items": 33512.113803,
        "Tax Rate For Calcs": 0.128399,
        "Normalized EBITDA": 28137000.0,
        "Total Unusual Items": 261000.0,
        "Total Unusual Items Excluding Goodwill": 261000.0,
        "Net Income From Continuing Operation Net Minority Interest": 11764000.0,
        "Reconciled Depreciation": 13555000.0,
        "Reconciled Cost Of Revenue": 77029000.0,
        "EBITDA": 28398000.0,
        "EBIT": 14843000.0,
        "Net Interest Income": 3657000.0,
        "Interest Expense": 1346000.0,
        "Interest Income": 5003000.0,
        "Normalized Income": 11536512.113803,
        "Net Income From Continuing And Discontinued Operation": 11764000.0,
        "Total Expenses": 185569000.0,
        "Total Operating Income As Reported": 9840000.0,
        "Diluted Average Shares": 69642000.0,
        "Basic Average Shares": 62353000.0,
        "Diluted EPS": 0.18,
        "Basic EPS": 0.19,
        "Diluted NI Availto Com Stockholders": 11764000.0,
        "Net Income Common Stockholders": 11764000.0,
        "Net Income": 11764000.0,
        "Net Income Including Noncontrolling Interests": 11764000.0,
        "Net Income Continuous Operations": 11764000.0,
        "Tax Provision": 1733000.0,
        "Pretax Income": 13497000.0,
        "Other Income Expense": 261000.0,
        "Special Income Charges": 261000.0,
        "Restructuring And Mergern Acquisition": -261000.0,
        "Net Non Operating Interest Income Expense": 3657000.0,
        "Interest Expense Non Operating": 1346000.0,
        "Interest Income Non Operating": 5003000.0,
        "Operating Income": 9579000.0,
        "Operating Expense": 94985000.0,
        "Depreciation Amortization Depletion Income Statement": 0.0,
        "Depreciation And Amortization In Income Statement": 0.0,
        "Amortization": 0.0,
        "Amortization Of Intangibles Income Statement": 0.0,
        "Research And Development": 36914000.0,
        "Selling General And Administration": 58071000.0,
        "Selling And Marketing Expense": 27037000.0,
        "General And Administrative Expense": 31034000.0,
        "Other Gand A": 31034000.0,
        "Gross Profit": 104564000.0,
        "Cost Of Revenue": 90584000.0,
        "Total Revenue": 195148000.0,
        "Operating Revenue": 195148000.0
    }
}