{
    "2023-03-31": {
        "Tax Effect Of Unusual Items": -5460000.0,
        "Tax Rate For Calcs": 0.21,
        "Normalized EBITDA": 60200000.0,
        "Total Unusual Items": -26000000.0,
        "Total Unusual Items Excluding Goodwill": -26000000.0,
        "Net Income From Continuing Operation Net Minority Interest": -24600000.0,
        "Reconciled Depreciation": 33700000.0,
        "Reconciled Cost Of Revenue": 617500000.0,
        "EBITDA": 34200000.0,
        "EBIT": 500000.0,
        "Net Interest Income": -16300000.0,
        "Interest Expense": 16300000.0,
        "Normalized Income": -4060000.0,
        "Net Income From Continuing And Discontinued Operation": -24600000.0,
        "Total Expenses": 740400000.0,
        "Total Operating Income As Reported": 100000.0,
        "Diluted Average Shares": 49200000.0,
        "Basic Average Shares": 49200000.0,
        "Diluted EPS": -0.5,
        "Basic EPS": -0.5,
        "Diluted NI Availto Com Stockholders": -24600000.0,
        "Net Income Common Stockholders": -24600000.0,
        "Net Income": -24600000.0,
        "Net Income Including Noncontrolling Interests": -24600000.0,
        "Net Income Continuous Operations": -24600000.0,
        "Earnings From Equity Interest Net Of Tax": NaN,
        "Tax Provision": 8800000.0,
        "Pretax Income": -15800000.0,
        "Other Income Expense": -25600000.0,
        "Other Non Operating Income Expenses": 400000.0,
        "Special Income Charges": -26000000.0,
        "Gain On Sale Of Ppe": NaN,
        "Impairment Of Capital Assets": 9500000.0,
        "Restructuring And Mergern Acquisition": 16500000.0,
        "Net Non Operating Interest Income Expense": -16300000.0,
        "Interest Expense Non Operating": 16300000.0,
        "Operating Income": 26100000.0,
        "Operating Expense": 122900000.0,
        "Depreciation Amortization Depletion Income Statement": 33700000.0,
        "Depreciation And Amortization In Income Statement": 33700000.0,
        "Selling General And Administration": 89200000.0,
        "Gross Profit": 149000000.0,
        "Cost Of Revenue": 617500000.0,
        "Total Revenue": 766500000.0,
        "Operating Revenue": 766500000.0
    },
    "2022-12-31": {
        "Tax Effect Of Unusual Items": NaN,
        "Tax Rate For Calcs": NaN,
        "Normalized EBITDA": NaN,
        "Total Unusual Items": NaN,
        "Total Unusual Items Excluding Goodwill": NaN,
        "Net Income From Continuing Operation Net Minority Interest": NaN,
        "Reconciled Depreciation": NaN,
        "Reconciled Cost Of Revenue": NaN,
        "EBITDA": NaN,
        "EBIT": NaN,
        "Net Interest Income": NaN,
        "Interest Expense": NaN,
        "Normalized Income": NaN,
        "Net Income From Continuing And Discontinued Operation": NaN,
        "Total Expenses": NaN,
        "Total Operating Income As Reported": NaN,
        "Diluted Average Shares": NaN,
        "Basic Average Shares": NaN,
        "Diluted EPS": NaN,
        "Basic EPS": NaN,
        "Diluted NI Availto Com Stockholders": NaN,
        "Net Income Common Stockholders": NaN,
        "Net Income": NaN,
        "Net Income Including Noncontrolling Interests": NaN,
        "Net Income Continuous Operations": NaN,
        "Earnings From Equity Interest Net Of Tax": 0.0,
        "Tax Provision": NaN,
        "Pretax Income": NaN,
        "Other Income Expense": NaN,
        "Other Non Operating Income Expenses": NaN,
        "Special Income Charges": NaN,
        "Gain On Sale Of Ppe": 0.0,
        "Impairment Of Capital Assets": NaN,
        "Restructuring And Mergern Acquisition": NaN,
        "Net Non Operating Interest Income Expense": NaN,
        "Interest Expense Non Operating": NaN,
        "Operating Income": NaN,
        "Operating Expense": NaN,
        "Depreciation Amortization Depletion Income Statement": NaN,
        "Depreciation And Amortization In Income Statement": NaN,
        "Selling General And Administration": NaN,
        "Gross Profit": NaN,
        "Cost Of Revenue": NaN,
        "Total Revenue": NaN,
        "Operating Revenue": NaN
    },
    "2022-09-30": {
        "Tax Effect Of Unusual Items": NaN,
        "Tax Rate For Calcs": NaN,
        "Normalized EBITDA": NaN,
        "Total Unusual Items": NaN,
        "Total Unusual Items Excluding Goodwill": NaN,
        "Net Income From Continuing Operation Net Minority Interest": NaN,
        "Reconciled Depreciation": NaN,
        "Reconciled Cost Of Revenue": NaN,
        "EBITDA": NaN,
        "EBIT": NaN,
        "Net Interest Income": NaN,
        "Interest Expense": NaN,
        "Normalized Income": NaN,
        "Net Income From Continuing And Discontinued Operation": NaN,
        "Total Expenses": NaN,
        "Total Operating Income As Reported": NaN,
        "Diluted Average Shares": NaN,
        "Basic Average Shares": NaN,
        "Diluted EPS": NaN,
        "Basic EPS": NaN,
        "Diluted NI Availto Com Stockholders": NaN,
        "Net Income Common Stockholders": NaN,
        "Net Income": NaN,
        "Net Income Including Noncontrolling Interests": NaN,
        "Net Income Continuous Operations": NaN,
        "Earnings From Equity Interest Net Of Tax": 0.0,
        "Tax Provision": NaN,
        "Pretax Income": NaN,
        "Other Income Expense": NaN,
        "Other Non Operating Income Expenses": NaN,
        "Special Income Charges": NaN,
        "Gain On Sale Of Ppe": 0.0,
        "Impairment Of Capital Assets": NaN,
        "Restructuring And Mergern Acquisition": NaN,
        "Net Non Operating Interest Income Expense": NaN,
        "Interest Expense Non Operating": NaN,
        "Operating Income": NaN,
        "Operating Expense": NaN,
        "Depreciation Amortization Depletion Income Statement": NaN,
        "Depreciation And Amortization In Income Statement": NaN,
        "Selling General And Administration": NaN,
        "Gross Profit": NaN,
        "Cost Of Revenue": NaN,
        "Total Revenue": NaN,
        "Operating Revenue": NaN
    },
    "2022-06-30": {
        "Tax Effect Of Unusual Items": -550000.0,
        "Tax Rate For Calcs": 0.171875,
        "Normalized EBITDA": 55800000.0,
        "Total Unusual Items": -3200000.0,
        "Total Unusual Items Excluding Goodwill": -3200000.0,
        "Net Income From Continuing Operation Net Minority Interest": 5300000.0,
        "Reconciled Depreciation": 35300000.0,
        "Reconciled Cost Of Revenue": 618100000.0,
        "EBITDA": 52600000.0,
        "EBIT": 17300000.0,
        "Net Interest Income": -10900000.0,
        "Interest Expense": 10900000.0,
        "Normalized Income": 7950000.0,
        "Net Income From Continuing And Discontinued Operation": 5300000.0,
        "Total Expenses": 740300000.0,
        "Total Operating Income As Reported": 14200000.0,
        "Diluted Average Shares": 54100000.0,
        "Basic Average Shares": 52100000.0,
        "Diluted EPS": 0.1,
        "Basic EPS": 0.1,
        "Diluted NI Availto Com Stockholders": 5300000.0,
        "Net Income Common Stockholders": 5300000.0,
        "Net Income": 5300000.0,
        "Net Income Including Noncontrolling Interests": 5300000.0,
        "Net Income Continuous Operations": 5300000.0,
        "Earnings From Equity Interest Net Of Tax": 0.0,
        "Tax Provision": 1100000.0,
        "Pretax Income": 6400000.0,
        "Other Income Expense": -100000.0,
        "Other Non Operating Income Expenses": 3100000.0,
        "Special Income Charges": -3200000.0,
        "Gain On Sale Of Ppe": 0.0,
        "Impairment Of Capital Assets": 0.0,
        "Restructuring And Mergern Acquisition": 3200000.0,
        "Net Non Operating Interest Income Expense": -10900000.0,
        "Interest Expense Non Operating": 10900000.0,
        "Operating Income": 17400000.0,
        "Operating Expense": 122200000.0,
        "Depreciation Amortization Depletion Income Statement": 35300000.0,
        "Depreciation And Amortization In Income Statement": 35300000.0,
        "Selling General And Administration": 86900000.0,
        "Gross Profit": 139600000.0,
        "Cost Of Revenue": 618100000.0,
        "Total Revenue": 757700000.0,
        "Operating Revenue": 757700000.0
    },
    "2023-06-30": {
        "Tax Effect Of Unusual Items": -2458536.585366,
        "Tax Rate For Calcs": 0.256098,
        "Normalized EBITDA": 50400000.0,
        "Total Unusual Items": -9600000.0,
        "Total Unusual Items Excluding Goodwill": -9600000.0,
        "Net Income From Continuing Operation Net Minority Interest": -6100000.0,
        "Reconciled Depreciation": 32000000.0,
        "Reconciled Cost Of Revenue": 569800000.0,
        "EBITDA": 40800000.0,
        "EBIT": 8800000.0,
        "Net Interest Income": -17000000.0,
        "Interest Expense": 17000000.0,
        "Normalized Income": 1041463.414634,
        "Net Income From Continuing And Discontinued Operation": -6100000.0,
        "Total Expenses": 685100000.0,
        "Total Operating Income As Reported": 8400000.0,
        "Diluted Average Shares": 49300000.0,
        "Basic Average Shares": 49300000.0,
        "Diluted EPS": -0.12,
        "Basic EPS": -0.12,
        "Diluted NI Availto Com Stockholders": -6100000.0,
        "Net Income Common Stockholders": -6100000.0,
        "Net Income": -6100000.0,
        "Net Income Including Noncontrolling Interests": -6100000.0,
        "Net Income Continuous Operations": -6100000.0,
        "Tax Provision": -2100000.0,
        "Pretax Income": -8200000.0,
        "Other Income Expense": -9200000.0,
        "Other Non Operating Income Expenses": 400000.0,
        "Special Income Charges": -9600000.0,
        "Impairment Of Capital Assets": 1100000.0,
        "Restructuring And Mergern Acquisition": 8500000.0,
        "Net Non Operating Interest Income Expense": -17000000.0,
        "Interest Expense Non Operating": 17000000.0,
        "Operating Income": 18000000.0,
        "Operating Expense": 115300000.0,
        "Depreciation Amortization Depletion Income Statement": 32000000.0,
        "Depreciation And Amortization In Income Statement": 32000000.0,
        "Selling General And Administration": 83300000.0,
        "Gross Profit": 133300000.0,
        "Cost Of Revenue": 569800000.0,
        "Total Revenue": 703100000.0,
        "Operating Revenue": 703100000.0
    },
    "2022-03-31": {
        "Diluted EPS": -0.02,
        "Total Revenue": 744,
        "Gross Profit": 125,
        "Operating Income": 5,
        "EBIT": 43,
        "Net Income": -1
    },
    "2021-12-31": {
        "Diluted EPS": -0.41,
        "Total Revenue": 855,
        "Gross Profit": 153,
        "Operating Income": -4,
        "EBIT": 35,
        "Net Income": -21
    },
    "2021-09-30": {
        "Diluted EPS": 0.27,
        "Total Revenue": 706,
        "Gross Profit": 132,
        "Operating Income": 28,
        "EBIT": 68,
        "Net Income": 14
    },
    "2021-06-30": {
        "Diluted EPS": 0.66,
        "Total Revenue": 694,
        "Gross Profit": 140,
        "Operating Income": 48,
        "EBIT": 88,
        "Net Income": 34
    },
    "2021-03-31": {
        "Diluted EPS": 0.19,
        "Total Revenue": 706,
        "Gross Profit": 146,
        "Operating Income": 21,
        "EBIT": 64,
        "Net Income": 10
    },
    "2020-12-31": {
        "Diluted EPS": -1.85,
        "Total Revenue": 843,
        "Gross Profit": 160,
        "Operating Income": -55,
        "EBIT": -11,
        "Net Income": -94
    },
    "2020-09-30": {
        "Diluted EPS": 0.03,
        "Total Revenue": 679,
        "Gross Profit": 136,
        "Operating Income": 6,
        "EBIT": 52,
        "Net Income": 2
    },
    "2020-06-30": {
        "Diluted EPS": -0.46,
        "Total Revenue": 585,
        "Gross Profit": 124,
        "Operating Income": -3,
        "EBIT": 45,
        "Net Income": -24
    },
    "2020-03-31": {
        "Diluted EPS": -0.25,
        "Total Revenue": 823,
        "Gross Profit": 175,
        "Operating Income": 5,
        "EBIT": 53,
        "Net Income": -12
    },
    "2019-12-31": {
        "Diluted EPS": 0.15,
        "Total Revenue": NaN,
        "Gross Profit": 202,
        "Operating Income": 29,
        "EBIT": 80,
        "Net Income": 8
    },
    "2019-09-30": {
        "Diluted EPS": -2.52,
        "Total Revenue": 944,
        "Gross Profit": 179,
        "Operating Income": -29,
        "EBIT": 38,
        "Net Income": -127
    },
    "2019-06-30": {
        "Diluted EPS": -0.3,
        "Total Revenue": 949,
        "Gross Profit": 177,
        "Operating Income": 19,
        "EBIT": 77,
        "Net Income": -15
    },
    "2019-03-31": {
        "Diluted EPS": -0.45,
        "Total Revenue": 961,
        "Gross Profit": 173,
        "Operating Income": 16,
        "EBIT": 77,
        "Net Income": -23
    },
    "2018-12-31": {
        "Diluted EPS": -0.41,
        "Total Revenue": NaN,
        "Gross Profit": 204,
        "Operating Income": 12,
        "EBIT": 70,
        "Net Income": -21
    },
    "2018-09-30": {
        "Diluted EPS": 0.46,
        "Total Revenue": 974,
        "Gross Profit": 197,
        "Operating Income": 47,
        "EBIT": 107,
        "Net Income": 23
    },
    "2018-06-30": {
        "Diluted EPS": 0.18,
        "Total Revenue": NaN,
        "Gross Profit": 189,
        "Operating Income": 21,
        "EBIT": 80,
        "Net Income": 9
    },
    "2018-03-31": {
        "Diluted EPS": -0.07,
        "Total Revenue": 968,
        "Gross Profit": 175,
        "Operating Income": 7,
        "EBIT": 64,
        "Net Income": -4
    },
    "2017-12-31": {
        "Diluted EPS": 1.07,
        "Total Revenue": 984,
        "Gross Profit": 224,
        "Operating Income": 45,
        "EBIT": 103,
        "Net Income": 55
    },
    "2017-09-30": {
        "Diluted EPS": 0.38,
        "Total Revenue": NaN,
        "Gross Profit": 221,
        "Operating Income": 47,
        "EBIT": 106,
        "Net Income": 20
    },
    "2017-06-30": {
        "Diluted EPS": 0.13,
        "Total Revenue": 963,
        "Gross Profit": 198,
        "Operating Income": 30,
        "EBIT": 90,
        "Net Income": 7
    },
    "2017-03-31": {
        "Diluted EPS": 0.49,
        "Total Revenue": 999,
        "Gross Profit": 218,
        "Operating Income": 51,
        "EBIT": 111,
        "Net Income": 25
    },
    "2016-12-31": {
        "Diluted EPS": 0.76,
        "Total Revenue": NaN,
        "Gross Profit": 253,
        "Operating Income": 57,
        "EBIT": 118,
        "Net Income": 38
    },
    "2016-09-30": {
        "Diluted EPS": 0.22,
        "Total Revenue": NaN,
        "Gross Profit": 232,
        "Operating Income": 34,
        "EBIT": 97,
        "Net Income": 11
    },
    "2016-06-30": {
        "Diluted EPS": -0.16,
        "Total Revenue": NaN,
        "Gross Profit": 211,
        "Operating Income": 13,
        "EBIT": 92,
        "Net Income": -8
    },
    "2016-03-31": {
        "Diluted EPS": 0.08,
        "Total Revenue": NaN,
        "Gross Profit": 239,
        "Operating Income": 13,
        "EBIT": 92,
        "Net Income": 4
    },
    "2015-12-31": {
        "Diluted EPS": -0.22,
        "Total Revenue": NaN,
        "Gross Profit": 276,
        "Operating Income": -20,
        "EBIT": 70,
        "Net Income": -9
    },
    "2015-09-30": {
        "Diluted EPS": -11.5,
        "Total Revenue": NaN,
        "Gross Profit": 226,
        "Operating Income": -772,
        "EBIT": 85,
        "Net Income": -552
    },
    "2015-06-30": {
        "Diluted EPS": -0.94,
        "Total Revenue": NaN,
        "Gross Profit": 202,
        "Operating Income": -26,
        "EBIT": 59,
        "Net Income": -45
    },
    "2015-03-31": {
        "Diluted EPS": -0.74,
        "Total Revenue": NaN,
        "Gross Profit": 213,
        "Operating Income": -12,
        "EBIT": 94,
        "Net Income": -35
    },
    "2014-12-31": {
        "Diluted EPS": 0.55,
        "Total Revenue": NaN,
        "Gross Profit": 295,
        "Operating Income": 76,
        "EBIT": 160,
        "Net Income": 26
    },
    "2014-09-30": {
        "Diluted EPS": 0.5,
        "Total Revenue": NaN,
        "Gross Profit": 259,
        "Operating Income": 54,
        "EBIT": 139,
        "Net Income": 24
    },
    "2014-06-30": {
        "Diluted EPS": -0.48,
        "Total Revenue": NaN,
        "Gross Profit": 206,
        "Operating Income": 1,
        "EBIT": 87,
        "Net Income": -23
    },
    "2014-03-31": {
        "Diluted EPS": -0.19,
        "Total Revenue": NaN,
        "Gross Profit": 210,
        "Operating Income": 11,
        "EBIT": 96,
        "Net Income": -9
    },
    "2013-12-31": {
        "Diluted EPS": 1.29,
        "Total Revenue": NaN,
        "Gross Profit": 302,
        "Operating Income": 104,
        "EBIT": 187,
        "Net Income": 60
    },
    "2013-09-30": {
        "Diluted EPS": 0.26,
        "Total Revenue": NaN,
        "Gross Profit": 256,
        "Operating Income": 44,
        "EBIT": 127,
        "Net Income": 13
    },
    "2013-06-30": {
        "Diluted EPS": -0.59,
        "Total Revenue": NaN,
        "Gross Profit": 217,
        "Operating Income": -5,
        "EBIT": 84,
        "Net Income": -27
    },
    "2013-03-31": {
        "Diluted EPS": -0.31,
        "Total Revenue": NaN,
        "Gross Profit": 220,
        "Operating Income": -1,
        "EBIT": 89,
        "Net Income": -14
    },
    "2012-12-31": {
        "Diluted EPS": 0.37,
        "Total Revenue": NaN,
        "Gross Profit": 259,
        "Operating Income": 55,
        "EBIT": 142,
        "Net Income": 18
    },
    "2012-09-30": {
        "Diluted EPS": 0.84,
        "Total Revenue": NaN,
        "Gross Profit": 242,
        "Operating Income": 59,
        "EBIT": 144,
        "Net Income": 40
    },
    "2012-06-30": {
        "Diluted EPS": -0.44,
        "Total Revenue": 934,
        "Gross Profit": 193,
        "Operating Income": -10,
        "EBIT": 76,
        "Net Income": -21
    },
    "2012-03-31": {
        "Diluted EPS": 1.01,
        "Total Revenue": 990,
        "Gross Profit": 217,
        "Operating Income": 2,
        "EBIT": 88,
        "Net Income": 47
    },
    "2011-12-31": {
        "Diluted EPS": -0.15,
        "Total Revenue": NaN,
        "Gross Profit": 294,
        "Operating Income": 65,
        "EBIT": 156,
        "Net Income": -7
    },
    "2011-09-30": {
        "Diluted EPS": -0.48,
        "Total Revenue": NaN,
        "Gross Profit": 269,
        "Operating Income": 56,
        "EBIT": 143,
        "Net Income": -22
    },
    "2011-06-30": {
        "Diluted EPS": -0.22,
        "Total Revenue": 977,
        "Gross Profit": 221,
        "Operating Income": 11,
        "EBIT": 101,
        "Net Income": -10
    },
    "2011-03-31": {
        "Diluted EPS": -0.15,
        "Total Revenue": NaN,
        "Gross Profit": 239,
        "Operating Income": 25,
        "EBIT": 119,
        "Net Income": -7
    },
    "2010-12-31": {
        "Diluted EPS": -0.09,
        "Total Revenue": NaN,
        "Gross Profit": 309,
        "Operating Income": 84,
        "EBIT": 176,
        "Net Income": 27
    },
    "2010-09-30": {
        "Diluted EPS": -5.01,
        "Total Revenue": NaN,
        "Gross Profit": 258,
        "Operating Income": -2,
        "EBIT": 88,
        "Net Income": -233
    },
    "2010-06-30": {
        "Diluted EPS": -1.27,
        "Total Revenue": 394,
        "Gross Profit": 105,
        "Operating Income": -24,
        "EBIT": 25,
        "Net Income": -36
    },
    "2010-03-31": {
        "Diluted EPS": -0.3,
        "Total Revenue": 404,
        "Gross Profit": 107,
        "Operating Income": 4,
        "EBIT": 53,
        "Net Income": -9
    },
    "2009-12-31": {
        "Diluted EPS": 0.0,
        "Total Revenue": NaN,
        "Gross Profit": NaN,
        "Operating Income": NaN,
        "EBIT": NaN,
        "Net Income": NaN
    },
    "2009-09-30": {
        "Diluted EPS": 0.98,
        "Total Revenue": 472,
        "Gross Profit": 141,
        "Operating Income": 42,
        "EBIT": 91,
        "Net Income": 28
    },
    "2009-06-30": {
        "Diluted EPS": -0.25,
        "Total Revenue": 389,
        "Gross Profit": 107,
        "Operating Income": 8,
        "EBIT": 8,
        "Net Income": -7
    },
    "2023-09-30": {
        "Tax Effect Of Unusual Items": -2560000.0,
        "Tax Rate For Calcs": 0.228571,
        "Normalized EBITDA": 57400000.0,
        "Total Unusual Items": -11200000.0,
        "Total Unusual Items Excluding Goodwill": -11200000.0,
        "Net Income From Continuing Operation Net Minority Interest": -2700000.0,
        "Reconciled Depreciation": 32000000.0,
        "Reconciled Cost Of Revenue": 560800000.0,
        "EBITDA": 46200000.0,
        "EBIT": 14200000.0,
        "Net Interest Income": -17700000.0,
        "Interest Expense": 17700000.0,
        "Normalized Income": 5940000.0,
        "Net Income From Continuing And Discontinued Operation": -2700000.0,
        "Total Expenses": 675300000.0,
        "Total Operating Income As Reported": 13700000.0,
        "Diluted Average Shares": 48000000.0,
        "Basic Average Shares": 48000000.0,
        "Diluted EPS": -0.06,
        "Basic EPS": -0.06,
        "Diluted NI Availto Com Stockholders": -2700000.0,
        "Net Income Common Stockholders": -2700000.0,
        "Net Income": -2700000.0,
        "Net Income Including Noncontrolling Interests": -2700000.0,
        "Net Income Continuous Operations": -2700000.0,
        "Tax Provision": -800000.0,
        "Pretax Income": -3500000.0,
        "Other Income Expense": -10700000.0,
        "Other Non Operating Income Expenses": 500000.0,
        "Special Income Charges": -11200000.0,
        "Gain On Sale Of Ppe": 0.0,
        "Impairment Of Capital Assets": 5200000.0,
        "Restructuring And Mergern Acquisition": 6000000.0,
        "Net Non Operating Interest Income Expense": -17700000.0,
        "Interest Expense Non Operating": 17700000.0,
        "Operating Income": 24900000.0,
        "Operating Expense": 114500000.0,
        "Depreciation Amortization Depletion Income Statement": 32000000.0,
        "Depreciation And Amortization In Income Statement": 32000000.0,
        "Selling General And Administration": 82500000.0,
        "Gross Profit": 139400000.0,
        "Cost Of Revenue": 560800000.0,
        "Total Revenue": 700200000.0,
        "Operating Revenue": 700200000.0
    },
    "2023-12-31": {
        "Tax Effect Of Unusual Items": -6447000.0,
        "Tax Rate For Calcs": 0.21,
        "Normalized EBITDA": 65700000.0,
        "Total Unusual Items": -30700000.0,
        "Total Unusual Items Excluding Goodwill": -30700000.0,
        "Net Income From Continuing Operation Net Minority Interest": -22000000.0,
        "Reconciled Depreciation": 31100000.0,
        "Reconciled Cost Of Revenue": 633100000.0,
        "EBITDA": 35000000.0,
        "EBIT": 3900000.0,
        "Net Interest Income": -19000000.0,
        "Interest Expense": 19000000.0,
        "Normalized Income": 2253000.0,
        "Net Income From Continuing And Discontinued Operation": -22000000.0,
        "Total Expenses": 753700000.0,
        "Total Operating Income As Reported": 3500000.0,
        "Diluted Average Shares": 47200000.0,
        "Basic Average Shares": 47200000.0,
        "Diluted EPS": -0.47,
        "Basic EPS": -0.47,
        "Diluted NI Availto Com Stockholders": -22000000.0,
        "Net Income Common Stockholders": -22000000.0,
        "Net Income": -22000000.0,
        "Net Income Including Noncontrolling Interests": -22000000.0,
        "Net Income Continuous Operations": -22000000.0,
        "Tax Provision": 6900000.0,
        "Pretax Income": -15100000.0,
        "Other Income Expense": -30300000.0,
        "Other Non Operating Income Expenses": 400000.0,
        "Special Income Charges": -30700000.0,
        "Gain On Sale Of Ppe": NaN,
        "Impairment Of Capital Assets": 9400000.0,
        "Restructuring And Mergern Acquisition": 21300000.0,
        "Net Non Operating Interest Income Expense": -19000000.0,
        "Interest Expense Non Operating": 19000000.0,
        "Operating Income": 34200000.0,
        "Operating Expense": 120600000.0,
        "Depreciation Amortization Depletion Income Statement": 31100000.0,
        "Depreciation And Amortization In Income Statement": 31100000.0,
        "Selling General And Administration": 89500000.0,
        "Gross Profit": 154800000.0,
        "Cost Of Revenue": 633100000.0,
        "Total Revenue": 787900000.0,
        "Operating Revenue": 787900000.0
    },
    "2024-03-31": {
        "Tax Effect Of Unusual Items": -6825000.0,
        "Tax Rate For Calcs": 0.21,
        "Normalized EBITDA": 50600000.0,
        "Total Unusual Items": -32500000.0,
        "Total Unusual Items Excluding Goodwill": -32500000.0,
        "Net Income From Continuing Operation Net Minority Interest": -28100000.0,
        "Reconciled Depreciation": 28600000.0,
        "Reconciled Cost Of Revenue": 521300000.0,
        "EBITDA": 18100000.0,
        "EBIT": -10500000.0,
        "Net Interest Income": -15200000.0,
        "Interest Expense": 15200000.0,
        "Normalized Income": -2425000.0,
        "Net Income From Continuing And Discontinued Operation": -28100000.0,
        "Total Expenses": 633000000.0,
        "Total Operating Income As Reported": -10700000.0,
        "Diluted Average Shares": 47200000.0,
        "Basic Average Shares": 47200000.0,
        "Diluted EPS": -0.6,
        "Basic EPS": -0.6,
        "Diluted NI Availto Com Stockholders": -28100000.0,
        "Net Income Common Stockholders": -28100000.0,
        "Net Income": -28100000.0,
        "Net Income Including Noncontrolling Interests": -28100000.0,
        "Net Income Continuous Operations": -28100000.0,
        "Tax Provision": 2400000.0,
        "Pretax Income": -25700000.0,
        "Other Income Expense": -32300000.0,
        "Other Non Operating Income Expenses": 200000.0,
        "Special Income Charges": -32500000.0,
        "Gain On Sale Of Ppe": NaN,
        "Impairment Of Capital Assets": 12600000.0,
        "Restructuring And Mergern Acquisition": 19900000.0,
        "Net Non Operating Interest Income Expense": -15200000.0,
        "Interest Expense Non Operating": 15200000.0,
        "Operating Income": 21800000.0,
        "Operating Expense": 111700000.0,
        "Depreciation Amortization Depletion Income Statement": 28600000.0,
        "Depreciation And Amortization In Income Statement": 28600000.0,
        "Selling General And Administration": 83100000.0,
        "Gross Profit": 133500000.0,
        "Cost Of Revenue": 521300000.0,
        "Total Revenue": 654800000.0,
        "Operating Revenue": 654800000.0
    },
    "2024-06-30": {
        "Tax Effect Of Unusual Items": -2121000.0,
        "Tax Rate For Calcs": 0.21,
        "Normalized EBITDA": 51800000.0,
        "Total Unusual Items": -10100000.0,
        "Total Unusual Items Excluding Goodwill": -10100000.0,
        "Net Income From Continuing Operation Net Minority Interest": -2800000.0,
        "Reconciled Depreciation": 26400000.0,
        "Reconciled Cost Of Revenue": 493900000.0,
        "EBITDA": 41700000.0,
        "EBIT": 15300000.0,
        "Net Interest Income": -17200000.0,
        "Interest Expense": 17200000.0,
        "Normalized Income": 5179000.0,
        "Net Income From Continuing And Discontinued Operation": -2800000.0,
        "Total Expenses": 609000000.0,
        "Total Operating Income As Reported": 15100000.0,
        "Diluted Average Shares": 47700000.0,
        "Basic Average Shares": 47700000.0,
        "Diluted EPS": -0.06,
        "Basic EPS": -0.06,
        "Diluted NI Availto Com Stockholders": -2800000.0,
        "Net Income Common Stockholders": -2800000.0,
        "Net Income": -2800000.0,
        "Net Income Including Noncontrolling Interests": -2800000.0,
        "Net Income Continuous Operations": -2800000.0,
        "Tax Provision": 900000.0,
        "Pretax Income": -1900000.0,
        "Other Income Expense": -9900000.0,
        "Other Non Operating Income Expenses": 200000.0,
        "Special Income Charges": -10100000.0,
        "Gain On Sale Of Ppe": NaN,
        "Impairment Of Capital Assets": 1100000.0,
        "Restructuring And Mergern Acquisition": 9000000.0,
        "Net Non Operating Interest Income Expense": -17200000.0,
        "Interest Expense Non Operating": 17200000.0,
        "Operating Income": 25200000.0,
        "Operating Expense": 115100000.0,
        "Depreciation Amortization Depletion Income Statement": 26400000.0,
        "Depreciation And Amortization In Income Statement": 26400000.0,
        "Selling General And Administration": 88700000.0,
        "Gross Profit": 140300000.0,
        "Cost Of Revenue": 493900000.0,
        "Total Revenue": 634200000.0,
        "Operating Revenue": 634200000.0
    },
    "2024-09-30": {
        "Tax Effect Of Unusual Items": -8253000.0,
        "Tax Rate For Calcs": 0.21,
        "Normalized EBITDA": 59000000.0,
        "Total Unusual Items": -39300000.0,
        "Total Unusual Items Excluding Goodwill": -39300000.0,
        "Net Income From Continuing Operation Net Minority Interest": -24700000.0,
        "Reconciled Depreciation": 24400000.0,
        "Reconciled Cost Of Revenue": 527600000.0,
        "EBITDA": 19700000.0,
        "EBIT": -4700000.0,
        "Net Interest Income": -17000000.0,
        "Interest Expense": 17000000.0,
        "Normalized Income": 6347000.0,
        "Net Income From Continuing And Discontinued Operation": -24700000.0,
        "Total Expenses": 640400000.0,
        "Total Operating Income As Reported": -4900000.0,
        "Diluted Average Shares": 47800000.0,
        "Basic Average Shares": 47800000.0,
        "Diluted EPS": -0.52,
        "Basic EPS": -0.52,
        "Diluted NI Availto Com Stockholders": -24700000.0,
        "Net Income Common Stockholders": -24700000.0,
        "Net Income": -24700000.0,
        "Net Income Including Noncontrolling Interests": -24700000.0,
        "Net Income Continuous Operations": -24700000.0,
        "Tax Provision": 3000000.0,
        "Pretax Income": -21700000.0,
        "Other Income Expense": -39100000.0,
        "Other Non Operating Income Expenses": 200000.0,
        "Special Income Charges": -39300000.0,
        "Gain On Sale Of Ppe": 20500000.0,
        "Impairment Of Capital Assets": 52200000.0,
        "Restructuring And Mergern Acquisition": -12900000.0,
        "Net Non Operating Interest Income Expense": -17000000.0,
        "Interest Expense Non Operating": 17000000.0,
        "Operating Income": 34400000.0,
        "Operating Expense": 112800000.0,
        "Depreciation Amortization Depletion Income Statement": 24400000.0,
        "Depreciation And Amortization In Income Statement": 24400000.0,
        "Selling General And Administration": 88400000.0,
        "Gross Profit": 147200000.0,
        "Cost Of Revenue": 527600000.0,
        "Total Revenue": 674800000.0,
        "Operating Revenue": 674800000.0
    }
}