{
    "2023-03-31": {
        "Tax Effect Of Unusual Items": NaN,
        "Tax Rate For Calcs": NaN,
        "Normalized EBITDA": NaN,
        "Total Unusual Items": NaN,
        "Total Unusual Items Excluding Goodwill": NaN,
        "Net Income From Continuing Operation Net Minority Interest": NaN,
        "Reconciled Depreciation": NaN,
        "Reconciled Cost Of Revenue": NaN,
        "EBITDA": NaN,
        "EBIT": NaN,
        "Normalized Income": NaN,
        "Net Income From Continuing And Discontinued Operation": NaN,
        "Total Expenses": NaN,
        "Total Operating Income As Reported": NaN,
        "Diluted Average Shares": NaN,
        "Basic Average Shares": NaN,
        "Diluted EPS": NaN,
        "Basic EPS": NaN,
        "Diluted NI Availto Com Stockholders": NaN,
        "Net Income Common Stockholders": NaN,
        "Net Income": NaN,
        "Net Income Including Noncontrolling Interests": NaN,
        "Net Income Discontinuous Operations": 4568000.0,
        "Net Income Continuous Operations": NaN,
        "Tax Provision": NaN,
        "Pretax Income": NaN,
        "Other Income Expense": NaN,
        "Other Non Operating Income Expenses": NaN,
        "Special Income Charges": NaN,
        "Other Special Charges": NaN,
        "Impairment Of Capital Assets": 9071000.0,
        "Restructuring And Mergern Acquisition": NaN,
        "Operating Income": NaN,
        "Operating Expense": NaN,
        "Research And Development": NaN,
        "Selling General And Administration": NaN,
        "Selling And Marketing Expense": NaN,
        "General And Administrative Expense": NaN,
        "Other Gand A": NaN,
        "Gross Profit": NaN,
        "Cost Of Revenue": NaN,
        "Total Revenue": NaN,
        "Operating Revenue": NaN
    },
    "2022-12-31": {
        "Tax Effect Of Unusual Items": NaN,
        "Tax Rate For Calcs": NaN,
        "Normalized EBITDA": NaN,
        "Total Unusual Items": NaN,
        "Total Unusual Items Excluding Goodwill": NaN,
        "Net Income From Continuing Operation Net Minority Interest": NaN,
        "Reconciled Depreciation": NaN,
        "Reconciled Cost Of Revenue": NaN,
        "EBITDA": NaN,
        "EBIT": NaN,
        "Normalized Income": NaN,
        "Net Income From Continuing And Discontinued Operation": NaN,
        "Total Expenses": NaN,
        "Total Operating Income As Reported": NaN,
        "Diluted Average Shares": NaN,
        "Basic Average Shares": NaN,
        "Diluted EPS": NaN,
        "Basic EPS": NaN,
        "Diluted NI Availto Com Stockholders": NaN,
        "Net Income Common Stockholders": NaN,
        "Net Income": NaN,
        "Net Income Including Noncontrolling Interests": NaN,
        "Net Income Discontinuous Operations": 836000.0,
        "Net Income Continuous Operations": NaN,
        "Tax Provision": NaN,
        "Pretax Income": NaN,
        "Other Income Expense": NaN,
        "Other Non Operating Income Expenses": NaN,
        "Special Income Charges": NaN,
        "Other Special Charges": NaN,
        "Impairment Of Capital Assets": 5358000.0,
        "Restructuring And Mergern Acquisition": NaN,
        "Operating Income": NaN,
        "Operating Expense": NaN,
        "Research And Development": NaN,
        "Selling General And Administration": NaN,
        "Selling And Marketing Expense": NaN,
        "General And Administrative Expense": NaN,
        "Other Gand A": NaN,
        "Gross Profit": NaN,
        "Cost Of Revenue": NaN,
        "Total Revenue": NaN,
        "Operating Revenue": NaN
    },
    "2022-09-30": {
        "Tax Effect Of Unusual Items": NaN,
        "Tax Rate For Calcs": NaN,
        "Normalized EBITDA": NaN,
        "Total Unusual Items": NaN,
        "Total Unusual Items Excluding Goodwill": NaN,
        "Net Income From Continuing Operation Net Minority Interest": NaN,
        "Reconciled Depreciation": NaN,
        "Reconciled Cost Of Revenue": NaN,
        "EBITDA": NaN,
        "EBIT": NaN,
        "Normalized Income": NaN,
        "Net Income From Continuing And Discontinued Operation": NaN,
        "Total Expenses": NaN,
        "Total Operating Income As Reported": NaN,
        "Diluted Average Shares": NaN,
        "Basic Average Shares": NaN,
        "Diluted EPS": NaN,
        "Basic EPS": NaN,
        "Diluted NI Availto Com Stockholders": NaN,
        "Net Income Common Stockholders": NaN,
        "Net Income": NaN,
        "Net Income Including Noncontrolling Interests": NaN,
        "Net Income Discontinuous Operations": 0.0,
        "Net Income Continuous Operations": NaN,
        "Tax Provision": NaN,
        "Pretax Income": NaN,
        "Other Income Expense": NaN,
        "Other Non Operating Income Expenses": NaN,
        "Special Income Charges": NaN,
        "Other Special Charges": NaN,
        "Impairment Of Capital Assets": 10170000.0,
        "Restructuring And Mergern Acquisition": NaN,
        "Operating Income": NaN,
        "Operating Expense": NaN,
        "Research And Development": NaN,
        "Selling General And Administration": NaN,
        "Selling And Marketing Expense": NaN,
        "General And Administrative Expense": NaN,
        "Other Gand A": NaN,
        "Gross Profit": NaN,
        "Cost Of Revenue": NaN,
        "Total Revenue": NaN,
        "Operating Revenue": NaN
    },
    "2022-06-30": {
        "Tax Effect Of Unusual Items": -295600.0,
        "Tax Rate For Calcs": 0.4,
        "Normalized EBITDA": -18383000.0,
        "Total Unusual Items": -739000.0,
        "Total Unusual Items Excluding Goodwill": -739000.0,
        "Net Income From Continuing Operation Net Minority Interest": -27218000.0,
        "Reconciled Depreciation": 5741000.0,
        "Reconciled Cost Of Revenue": 41021000.0,
        "EBITDA": -19122000.0,
        "EBIT": -24863000.0,
        "Normalized Income": -26774600.0,
        "Net Income From Continuing And Discontinued Operation": -27218000.0,
        "Total Expenses": 167106000.0,
        "Total Operating Income As Reported": -25602000.0,
        "Diluted Average Shares": 68403000.0,
        "Basic Average Shares": 68403000.0,
        "Diluted EPS": -0.4,
        "Basic EPS": -0.4,
        "Diluted NI Availto Com Stockholders": -27218000.0,
        "Net Income Common Stockholders": -27218000.0,
        "Net Income": -27218000.0,
        "Net Income Including Noncontrolling Interests": -27218000.0,
        "Net Income Discontinuous Operations": NaN,
        "Net Income Continuous Operations": -27218000.0,
        "Tax Provision": 2315000.0,
        "Pretax Income": -24903000.0,
        "Other Income Expense": -40000.0,
        "Other Non Operating Income Expenses": 699000.0,
        "Special Income Charges": -739000.0,
        "Other Special Charges": NaN,
        "Impairment Of Capital Assets": NaN,
        "Restructuring And Mergern Acquisition": 739000.0,
        "Operating Income": -24863000.0,
        "Operating Expense": 126085000.0,
        "Research And Development": 47661000.0,
        "Selling General And Administration": 78424000.0,
        "Selling And Marketing Expense": 51280000.0,
        "General And Administrative Expense": 27144000.0,
        "Other Gand A": 27144000.0,
        "Gross Profit": 101222000.0,
        "Cost Of Revenue": 41021000.0,
        "Total Revenue": 142243000.0,
        "Operating Revenue": 142243000.0
    },
    "2022-03-31": {
        "Diluted EPS": -0.43,
        "Total Revenue": 142,
        "Gross Profit": 102,
        "Operating Income": -28,
        "EBIT": -22,
        "Net Income": -29
    },
    "2021-12-31": {
        "Diluted EPS": -0.23,
        "Total Revenue": 141,
        "Gross Profit": 102,
        "Operating Income": -14,
        "EBIT": -8,
        "Net Income": -15
    },
    "2021-09-30": {
        "Diluted EPS": -0.09,
        "Total Revenue": 127,
        "Gross Profit": 92,
        "Operating Income": -6,
        "EBIT": 0,
        "Net Income": -6
    },
    "2021-06-30": {
        "Diluted EPS": 0.25,
        "Total Revenue": 119,
        "Gross Profit": 85,
        "Operating Income": -18,
        "EBIT": -11,
        "Net Income": 17
    },
    "2021-03-31": {
        "Diluted EPS": -0.49,
        "Total Revenue": 119,
        "Gross Profit": 82,
        "Operating Income": -52,
        "EBIT": -46,
        "Net Income": -33
    },
    "2020-12-31": {
        "Diluted EPS": -0.18,
        "Total Revenue": 120,
        "Gross Profit": 83,
        "Operating Income": -16,
        "EBIT": -9,
        "Net Income": -12
    },
    "2020-09-30": {
        "Diluted EPS": -0.36,
        "Total Revenue": 105,
        "Gross Profit": 70,
        "Operating Income": -27,
        "EBIT": -20,
        "Net Income": -24
    },
    "2020-06-30": {
        "Diluted EPS": -0.33,
        "Total Revenue": 99,
        "Gross Profit": 65,
        "Operating Income": -26,
        "EBIT": -18,
        "Net Income": -22
    },
    "2020-03-31": {
        "Diluted EPS": -0.08,
        "Total Revenue": 106,
        "Gross Profit": 69,
        "Operating Income": -41,
        "EBIT": -33,
        "Net Income": -4
    },
    "2019-12-31": {
        "Diluted EPS": -0.56,
        "Total Revenue": 102,
        "Gross Profit": 64,
        "Operating Income": -41,
        "EBIT": -33,
        "Net Income": -38
    },
    "2019-09-30": {
        "Diluted EPS": -0.59,
        "Total Revenue": 90,
        "Gross Profit": 49,
        "Operating Income": -50,
        "EBIT": -39,
        "Net Income": -40
    },
    "2019-06-30": {
        "Diluted EPS": -0.61,
        "Total Revenue": 83,
        "Gross Profit": 46,
        "Operating Income": -48,
        "EBIT": -39,
        "Net Income": -42
    },
    "2019-03-31": {
        "Diluted EPS": -0.67,
        "Total Revenue": 78,
        "Gross Profit": 41,
        "Operating Income": -82,
        "EBIT": -74,
        "Net Income": -45
    },
    "2018-12-31": {
        "Diluted EPS": 13.65,
        "Total Revenue": 80,
        "Gross Profit": 45,
        "Operating Income": -48,
        "EBIT": -39,
        "Net Income": NaN
    },
    "2018-09-30": {
        "Diluted EPS": 0.27,
        "Total Revenue": 65,
        "Gross Profit": 40,
        "Operating Income": -38,
        "EBIT": -31,
        "Net Income": 21
    },
    "2018-06-30": {
        "Diluted EPS": -0.04,
        "Total Revenue": 62,
        "Gross Profit": 39,
        "Operating Income": -30,
        "EBIT": -20,
        "Net Income": -3
    },
    "2018-03-31": {
        "Diluted EPS": 0.07,
        "Total Revenue": 60,
        "Gross Profit": 36,
        "Operating Income": -28,
        "EBIT": -18,
        "Net Income": 5
    },
    "2017-12-31": {
        "Diluted EPS": 0.28,
        "Total Revenue": 59,
        "Gross Profit": 35,
        "Operating Income": -28,
        "EBIT": -18,
        "Net Income": 23
    },
    "2017-09-30": {
        "Diluted EPS": -0.04,
        "Total Revenue": 54,
        "Gross Profit": 30,
        "Operating Income": -38,
        "EBIT": -40,
        "Net Income": -3
    },
    "2017-06-30": {
        "Diluted EPS": -0.02,
        "Total Revenue": 213,
        "Gross Profit": 99,
        "Operating Income": -6,
        "EBIT": 15,
        "Net Income": -1
    },
    "2017-03-31": {
        "Diluted EPS": -0.1,
        "Total Revenue": 225,
        "Gross Profit": 107,
        "Operating Income": -9,
        "EBIT": -38,
        "Net Income": -8
    },
    "2016-12-31": {
        "Diluted EPS": 0.01,
        "Total Revenue": 223,
        "Gross Profit": 107,
        "Operating Income": 9,
        "EBIT": 29,
        "Net Income": 1
    },
    "2016-09-30": {
        "Diluted EPS": 0.09,
        "Total Revenue": 217,
        "Gross Profit": 97,
        "Operating Income": 7,
        "EBIT": 27,
        "Net Income": 7
    },
    "2016-06-30": {
        "Diluted EPS": 0.05,
        "Total Revenue": 215,
        "Gross Profit": 92,
        "Operating Income": 8,
        "EBIT": 29,
        "Net Income": 4
    },
    "2016-03-31": {
        "Diluted EPS": -0.02,
        "Total Revenue": 225,
        "Gross Profit": 101,
        "Operating Income": -8,
        "EBIT": 21,
        "Net Income": -2
    },
    "2015-12-31": {
        "Diluted EPS": -0.02,
        "Total Revenue": 221,
        "Gross Profit": 95,
        "Operating Income": 0,
        "EBIT": 20,
        "Net Income": -1
    },
    "2015-09-30": {
        "Diluted EPS": 0.14,
        "Total Revenue": 207,
        "Gross Profit": 86,
        "Operating Income": -2,
        "EBIT": 19,
        "Net Income": 11
    },
    "2015-06-30": {
        "Diluted EPS": -0.01,
        "Total Revenue": 197,
        "Gross Profit": 79,
        "Operating Income": -3,
        "EBIT": 19,
        "Net Income": -1
    },
    "2015-03-31": {
        "Diluted EPS": -0.07,
        "Total Revenue": 206,
        "Gross Profit": 73,
        "Operating Income": -11,
        "EBIT": 15,
        "Net Income": -6
    },
    "2014-12-31": {
        "Diluted EPS": 0.05,
        "Total Revenue": 208,
        "Gross Profit": 82,
        "Operating Income": -2,
        "EBIT": 18,
        "Net Income": 4
    },
    "2014-09-30": {
        "Diluted EPS": -0.02,
        "Total Revenue": 204,
        "Gross Profit": 81,
        "Operating Income": -6,
        "EBIT": 12,
        "Net Income": -2
    },
    "2014-06-30": {
        "Diluted EPS": -0.1,
        "Total Revenue": 187,
        "Gross Profit": 74,
        "Operating Income": -13,
        "EBIT": 3,
        "Net Income": -8
    },
    "2014-03-31": {
        "Diluted EPS": -0.37,
        "Total Revenue": 11,
        "Gross Profit": 103,
        "Operating Income": -60,
        "EBIT": -54,
        "Net Income": -29
    },
    "2013-12-31": {
        "Diluted EPS": 0.19,
        "Total Revenue": 269,
        "Gross Profit": 67,
        "Operating Income": 19,
        "EBIT": 45,
        "Net Income": 15
    },
    "2013-09-30": {
        "Diluted EPS": 0.13,
        "Total Revenue": 268,
        "Gross Profit": 69,
        "Operating Income": 19,
        "EBIT": 44,
        "Net Income": 10
    },
    "2013-06-30": {
        "Diluted EPS": 0.17,
        "Total Revenue": 257,
        "Gross Profit": 61,
        "Operating Income": 23,
        "EBIT": 49,
        "Net Income": 13
    },
    "2013-03-31": {
        "Diluted EPS": 0.18,
        "Total Revenue": 246,
        "Gross Profit": 62,
        "Operating Income": 18,
        "EBIT": 45,
        "Net Income": 13
    },
    "2012-12-31": {
        "Diluted EPS": 0.19,
        "Total Revenue": 273,
        "Gross Profit": 64,
        "Operating Income": 27,
        "EBIT": 56,
        "Net Income": 15
    },
    "2012-09-30": {
        "Diluted EPS": 0.21,
        "Total Revenue": 277,
        "Gross Profit": 68,
        "Operating Income": 30,
        "EBIT": 59,
        "Net Income": 17
    },
    "2012-06-30": {
        "Diluted EPS": 0.17,
        "Total Revenue": 272,
        "Gross Profit": 62,
        "Operating Income": 25,
        "EBIT": 56,
        "Net Income": 13
    },
    "2012-03-31": {
        "Diluted EPS": 0.57,
        "Total Revenue": 287,
        "Gross Profit": 79,
        "Operating Income": 22,
        "EBIT": 54,
        "Net Income": 46
    },
    "2011-12-31": {
        "Diluted EPS": 0.1,
        "Total Revenue": 281,
        "Gross Profit": 67,
        "Operating Income": 16,
        "EBIT": 66,
        "Net Income": 8
    },
    "2011-09-30": {
        "Diluted EPS": 0.16,
        "Total Revenue": 286,
        "Gross Profit": 69,
        "Operating Income": 27,
        "EBIT": 62,
        "Net Income": 12
    },
    "2011-06-30": {
        "Diluted EPS": 0.13,
        "Total Revenue": 276,
        "Gross Profit": 58,
        "Operating Income": 21,
        "EBIT": 56,
        "Net Income": 11
    },
    "2011-03-31": {
        "Diluted EPS": -0.82,
        "Total Revenue": 264,
        "Gross Profit": 68,
        "Operating Income": -58,
        "EBIT": 59,
        "Net Income": -67
    },
    "2010-12-31": {
        "Diluted EPS": 0.25,
        "Total Revenue": 288,
        "Gross Profit": 69,
        "Operating Income": 34,
        "EBIT": 69,
        "Net Income": 21
    },
    "2010-09-30": {
        "Diluted EPS": 0.16,
        "Total Revenue": 292,
        "Gross Profit": 68,
        "Operating Income": 27,
        "EBIT": 65,
        "Net Income": 13
    },
    "2010-06-30": {
        "Diluted EPS": 0.12,
        "Total Revenue": 270,
        "Gross Profit": 60,
        "Operating Income": 22,
        "EBIT": 58,
        "Net Income": 10
    },
    "2010-03-31": {
        "Diluted EPS": 0.2,
        "Total Revenue": 253,
        "Gross Profit": 71,
        "Operating Income": 34,
        "EBIT": 77,
        "Net Income": 17
    },
    "2009-12-31": {
        "Diluted EPS": 0.18,
        "Total Revenue": 284,
        "Gross Profit": 74,
        "Operating Income": 30,
        "EBIT": 73,
        "Net Income": 14
    },
    "2009-09-30": {
        "Diluted EPS": 0.12,
        "Total Revenue": 271,
        "Gross Profit": 59,
        "Operating Income": 21,
        "EBIT": 62,
        "Net Income": 9
    },
    "2009-06-30": {
        "Diluted EPS": 0.05,
        "Total Revenue": 256,
        "Gross Profit": 50,
        "Operating Income": 12,
        "EBIT": 53,
        "Net Income": 4
    },
    "2009-03-31": {
        "Diluted EPS": 0.29,
        "Total Revenue": 296,
        "Gross Profit": 79,
        "Operating Income": 42,
        "EBIT": 86,
        "Net Income": 22
    },
    "2023-06-30": {
        "Tax Effect Of Unusual Items": NaN,
        "Tax Rate For Calcs": NaN,
        "Normalized EBITDA": NaN,
        "Total Unusual Items": NaN,
        "Total Unusual Items Excluding Goodwill": NaN,
        "Net Income From Continuing Operation Net Minority Interest": NaN,
        "Reconciled Depreciation": NaN,
        "Reconciled Cost Of Revenue": NaN,
        "EBITDA": NaN,
        "EBIT": NaN,
        "Normalized Income": NaN,
        "Net Income From Continuing And Discontinued Operation": NaN,
        "Total Expenses": NaN,
        "Total Operating Income As Reported": NaN,
        "Diluted Average Shares": NaN,
        "Basic Average Shares": NaN,
        "Diluted EPS": NaN,
        "Basic EPS": NaN,
        "Diluted NI Availto Com Stockholders": NaN,
        "Net Income Common Stockholders": NaN,
        "Net Income": NaN,
        "Net Income Including Noncontrolling Interests": NaN,
        "Net Income Discontinuous Operations": NaN,
        "Net Income Continuous Operations": NaN,
        "Tax Provision": NaN,
        "Pretax Income": NaN,
        "Other Income Expense": NaN,
        "Other Non Operating Income Expenses": NaN,
        "Special Income Charges": NaN,
        "Other Special Charges": 28000.0,
        "Impairment Of Capital Assets": NaN,
        "Restructuring And Mergern Acquisition": NaN,
        "Operating Income": NaN,
        "Operating Expense": NaN,
        "Research And Development": NaN,
        "Selling General And Administration": NaN,
        "Selling And Marketing Expense": NaN,
        "General And Administrative Expense": NaN,
        "Other Gand A": NaN,
        "Gross Profit": NaN,
        "Cost Of Revenue": NaN,
        "Total Revenue": NaN,
        "Operating Revenue": NaN
    },
    "2023-09-30": {
        "Tax Effect Of Unusual Items": NaN,
        "Tax Rate For Calcs": NaN,
        "Normalized EBITDA": NaN,
        "Total Unusual Items": NaN,
        "Total Unusual Items Excluding Goodwill": NaN,
        "Net Income From Continuing Operation Net Minority Interest": NaN,
        "Reconciled Depreciation": NaN,
        "Reconciled Cost Of Revenue": NaN,
        "EBITDA": NaN,
        "EBIT": NaN,
        "Normalized Income": NaN,
        "Net Income From Continuing And Discontinued Operation": NaN,
        "Total Expenses": NaN,
        "Total Operating Income As Reported": NaN,
        "Diluted Average Shares": 67868000.0,
        "Basic Average Shares": 66284000.0,
        "Diluted EPS": 0.07,
        "Basic EPS": 0.07,
        "Diluted NI Availto Com Stockholders": NaN,
        "Net Income Common Stockholders": NaN,
        "Net Income": NaN,
        "Net Income Including Noncontrolling Interests": NaN,
        "Net Income Discontinuous Operations": NaN,
        "Net Income Continuous Operations": NaN,
        "Tax Provision": NaN,
        "Pretax Income": NaN,
        "Other Income Expense": NaN,
        "Other Non Operating Income Expenses": NaN,
        "Special Income Charges": NaN,
        "Impairment Of Capital Assets": NaN,
        "Restructuring And Mergern Acquisition": NaN,
        "Operating Income": NaN,
        "Operating Expense": NaN,
        "Research And Development": NaN,
        "Selling General And Administration": NaN,
        "Selling And Marketing Expense": NaN,
        "General And Administrative Expense": NaN,
        "Other Gand A": NaN,
        "Gross Profit": NaN,
        "Cost Of Revenue": NaN,
        "Total Revenue": NaN,
        "Operating Revenue": NaN
    },
    "2023-12-31": {
        "Tax Effect Of Unusual Items": NaN,
        "Tax Rate For Calcs": NaN,
        "Normalized EBITDA": NaN,
        "Total Unusual Items": NaN,
        "Total Unusual Items Excluding Goodwill": NaN,
        "Net Income From Continuing Operation Net Minority Interest": NaN,
        "Reconciled Depreciation": NaN,
        "Reconciled Cost Of Revenue": NaN,
        "EBITDA": NaN,
        "EBIT": NaN,
        "Normalized Income": NaN,
        "Net Income From Continuing And Discontinued Operation": NaN,
        "Total Expenses": NaN,
        "Total Operating Income As Reported": NaN,
        "Diluted Average Shares": 67943000.0,
        "Basic Average Shares": 65961000.0,
        "Diluted EPS": 0.21,
        "Basic EPS": 0.21,
        "Diluted NI Availto Com Stockholders": NaN,
        "Net Income Common Stockholders": NaN,
        "Net Income": NaN,
        "Net Income Including Noncontrolling Interests": NaN,
        "Net Income Discontinuous Operations": 598000.0,
        "Net Income Continuous Operations": NaN,
        "Tax Provision": NaN,
        "Pretax Income": NaN,
        "Other Income Expense": NaN,
        "Other Non Operating Income Expenses": NaN,
        "Special Income Charges": NaN,
        "Impairment Of Capital Assets": 0.0,
        "Restructuring And Mergern Acquisition": NaN,
        "Operating Income": NaN,
        "Operating Expense": NaN,
        "Research And Development": NaN,
        "Selling General And Administration": NaN,
        "Selling And Marketing Expense": NaN,
        "General And Administrative Expense": NaN,
        "Other Gand A": NaN,
        "Gross Profit": NaN,
        "Cost Of Revenue": NaN,
        "Total Revenue": NaN,
        "Operating Revenue": NaN
    },
    "2024-03-31": {
        "Tax Effect Of Unusual Items": NaN,
        "Tax Rate For Calcs": NaN,
        "Normalized EBITDA": NaN,
        "Total Unusual Items": NaN,
        "Total Unusual Items Excluding Goodwill": NaN,
        "Net Income From Continuing Operation Net Minority Interest": NaN,
        "Reconciled Depreciation": NaN,
        "Reconciled Cost Of Revenue": NaN,
        "EBITDA": NaN,
        "EBIT": NaN,
        "Net Interest Income": NaN,
        "Interest Expense": NaN,
        "Interest Income": NaN,
        "Normalized Income": NaN,
        "Net Income From Continuing And Discontinued Operation": NaN,
        "Total Expenses": NaN,
        "Total Operating Income As Reported": NaN,
        "Diluted Average Shares": NaN,
        "Basic Average Shares": NaN,
        "Diluted EPS": NaN,
        "Basic EPS": NaN,
        "Diluted NI Availto Com Stockholders": NaN,
        "Net Income Common Stockholders": NaN,
        "Net Income": NaN,
        "Net Income Including Noncontrolling Interests": NaN,
        "Net Income Discontinuous Operations": 805000.0,
        "Net Income Continuous Operations": NaN,
        "Tax Provision": NaN,
        "Pretax Income": NaN,
        "Other Income Expense": NaN,
        "Other Non Operating Income Expenses": NaN,
        "Special Income Charges": NaN,
        "Impairment Of Capital Assets": 0.0,
        "Restructuring And Mergern Acquisition": NaN,
        "Net Non Operating Interest Income Expense": NaN,
        "Interest Expense Non Operating": NaN,
        "Interest Income Non Operating": NaN,
        "Operating Income": NaN,
        "Operating Expense": NaN,
        "Research And Development": NaN,
        "Selling General And Administration": NaN,
        "Selling And Marketing Expense": NaN,
        "General And Administrative Expense": NaN,
        "Other Gand A": NaN,
        "Gross Profit": NaN,
        "Cost Of Revenue": NaN,
        "Total Revenue": NaN,
        "Operating Revenue": NaN
    },
    "2024-06-30": {
        "Tax Effect Of Unusual Items": -37380.0,
        "Tax Rate For Calcs": 0.21,
        "Normalized EBITDA": -310000.0,
        "Total Unusual Items": -178000.0,
        "Total Unusual Items Excluding Goodwill": -178000.0,
        "Net Income From Continuing Operation Net Minority Interest": -7489000.0,
        "Reconciled Depreciation": 4554000.0,
        "Reconciled Cost Of Revenue": 51749000.0,
        "EBITDA": -488000.0,
        "EBIT": -5042000.0,
        "Normalized Income": -7348380.0,
        "Net Income From Continuing And Discontinued Operation": -7489000.0,
        "Total Expenses": 181003000.0,
        "Total Operating Income As Reported": -5248000.0,
        "Diluted Average Shares": 66621000.0,
        "Basic Average Shares": 66621000.0,
        "Diluted EPS": -0.11,
        "Basic EPS": -0.11,
        "Diluted NI Availto Com Stockholders": -7489000.0,
        "Net Income Common Stockholders": -7489000.0,
        "Net Income": -7489000.0,
        "Net Income Including Noncontrolling Interests": -7489000.0,
        "Net Income Discontinuous Operations": NaN,
        "Net Income Continuous Operations": -7489000.0,
        "Tax Provision": 6685000.0,
        "Pretax Income": -804000.0,
        "Other Income Expense": 4238000.0,
        "Other Non Operating Income Expenses": 4416000.0,
        "Special Income Charges": -178000.0,
        "Impairment Of Capital Assets": NaN,
        "Restructuring And Mergern Acquisition": 178000.0,
        "Operating Income": -5042000.0,
        "Operating Expense": 129254000.0,
        "Research And Development": 44118000.0,
        "Selling General And Administration": 85136000.0,
        "Selling And Marketing Expense": 54175000.0,
        "General And Administrative Expense": 30961000.0,
        "Other Gand A": 30961000.0,
        "Gross Profit": 124212000.0,
        "Cost Of Revenue": 51749000.0,
        "Total Revenue": 175961000.0,
        "Operating Revenue": 175961000.0
    },
    "2024-09-30": {
        "Tax Effect Of Unusual Items": -83370.0,
        "Tax Rate For Calcs": 0.21,
        "Normalized EBITDA": 12731000.0,
        "Total Unusual Items": -397000.0,
        "Total Unusual Items Excluding Goodwill": -397000.0,
        "Net Income From Continuing Operation Net Minority Interest": 1732000.0,
        "Reconciled Depreciation": 4450000.0,
        "Reconciled Cost Of Revenue": 51234000.0,
        "EBITDA": 12334000.0,
        "EBIT": 7884000.0,
        "Net Interest Income": NaN,
        "Interest Expense": NaN,
        "Interest Income": NaN,
        "Normalized Income": 2045630.0,
        "Net Income From Continuing And Discontinued Operation": 1732000.0,
        "Total Expenses": 177599000.0,
        "Total Operating Income As Reported": 7487000.0,
        "Diluted Average Shares": 67309000.0,
        "Basic Average Shares": 66294000.0,
        "Diluted EPS": 0.03,
        "Basic EPS": 0.03,
        "Diluted NI Availto Com Stockholders": 1732000.0,
        "Net Income Common Stockholders": 1732000.0,
        "Net Income": 1732000.0,
        "Net Income Including Noncontrolling Interests": 1732000.0,
        "Net Income Discontinuous Operations": 0.0,
        "Net Income Continuous Operations": 1732000.0,
        "Tax Provision": 9952000.0,
        "Pretax Income": 11684000.0,
        "Other Income Expense": 3800000.0,
        "Other Non Operating Income Expenses": 4197000.0,
        "Special Income Charges": -397000.0,
        "Impairment Of Capital Assets": 0.0,
        "Restructuring And Mergern Acquisition": 397000.0,
        "Net Non Operating Interest Income Expense": NaN,
        "Interest Expense Non Operating": NaN,
        "Interest Income Non Operating": NaN,
        "Operating Income": 7884000.0,
        "Operating Expense": 126365000.0,
        "Research And Development": 43889000.0,
        "Selling General And Administration": 82476000.0,
        "Selling And Marketing Expense": 51107000.0,
        "General And Administrative Expense": 31369000.0,
        "Other Gand A": 31369000.0,
        "Gross Profit": 134249000.0,
        "Cost Of Revenue": 51234000.0,
        "Total Revenue": 185483000.0,
        "Operating Revenue": 185483000.0
    },
    "2024-12-31": {
        "Tax Effect Of Unusual Items": -31290.0,
        "Tax Rate For Calcs": 0.21,
        "Normalized EBITDA": 19371000.0,
        "Total Unusual Items": -149000.0,
        "Total Unusual Items Excluding Goodwill": -149000.0,
        "Net Income From Continuing Operation Net Minority Interest": 9522000.0,
        "Reconciled Depreciation": 4400000.0,
        "Reconciled Cost Of Revenue": 54998000.0,
        "EBITDA": 19222000.0,
        "EBIT": 14822000.0,
        "Net Interest Income": NaN,
        "Interest Expense": NaN,
        "Interest Income": NaN,
        "Normalized Income": 9639710.0,
        "Net Income From Continuing And Discontinued Operation": 11210000.0,
        "Total Expenses": 180590000.0,
        "Total Operating Income As Reported": 14673000.0,
        "Diluted Average Shares": 66743000.0,
        "Basic Average Shares": 65631000.0,
        "Diluted EPS": 0.17,
        "Basic EPS": 0.17,
        "Diluted NI Availto Com Stockholders": 11210000.0,
        "Net Income Common Stockholders": 11210000.0,
        "Net Income": 11210000.0,
        "Net Income Including Noncontrolling Interests": 11210000.0,
        "Net Income Discontinuous Operations": 1688000.0,
        "Net Income Continuous Operations": 9522000.0,
        "Tax Provision": 9184000.0,
        "Pretax Income": 18706000.0,
        "Other Income Expense": 3884000.0,
        "Other Non Operating Income Expenses": 4033000.0,
        "Special Income Charges": -149000.0,
        "Impairment Of Capital Assets": 78000.0,
        "Restructuring And Mergern Acquisition": 71000.0,
        "Net Non Operating Interest Income Expense": NaN,
        "Interest Expense Non Operating": NaN,
        "Interest Income Non Operating": NaN,
        "Operating Income": 14822000.0,
        "Operating Expense": 125592000.0,
        "Research And Development": 42735000.0,
        "Selling General And Administration": 82857000.0,
        "Selling And Marketing Expense": 50863000.0,
        "General And Administrative Expense": 31994000.0,
        "Other Gand A": 31994000.0,
        "Gross Profit": 140414000.0,
        "Cost Of Revenue": 54998000.0,
        "Total Revenue": 195412000.0,
        "Operating Revenue": 195412000.0
    },
    "2025-03-31": {
        "Tax Effect Of Unusual Items": -514147.494812,
        "Tax Rate For Calcs": 0.071005,
        "Normalized EBITDA": 16389000.0,
        "Total Unusual Items": -7241000.0,
        "Total Unusual Items Excluding Goodwill": -7241000.0,
        "Net Income From Continuing Operation Net Minority Interest": -6267000.0,
        "Reconciled Depreciation": 3803000.0,
        "Reconciled Cost Of Revenue": 57929000.0,
        "EBITDA": 9148000.0,
        "EBIT": 5345000.0,
        "Net Interest Income": NaN,
        "Interest Expense": NaN,
        "Interest Income": NaN,
        "Normalized Income": 459852.505188,
        "Net Income From Continuing And Discontinued Operation": -6267000.0,
        "Total Expenses": 192991000.0,
        "Total Operating Income As Reported": -11508000.0,
        "Diluted Average Shares": 65957000.0,
        "Basic Average Shares": 65957000.0,
        "Diluted EPS": -0.1,
        "Basic EPS": -0.1,
        "Diluted NI Availto Com Stockholders": -6267000.0,
        "Net Income Common Stockholders": -6267000.0,
        "Net Income": -6267000.0,
        "Net Income Including Noncontrolling Interests": -6267000.0,
        "Net Income Discontinuous Operations": 0.0,
        "Net Income Continuous Operations": -6267000.0,
        "Tax Provision": -479000.0,
        "Pretax Income": -6746000.0,
        "Other Income Expense": -19811000.0,
        "Other Non Operating Income Expenses": -12570000.0,
        "Special Income Charges": -7241000.0,
        "Impairment Of Capital Assets": 43000.0,
        "Restructuring And Mergern Acquisition": 7198000.0,
        "Net Non Operating Interest Income Expense": NaN,
        "Interest Expense Non Operating": NaN,
        "Interest Income Non Operating": NaN,
        "Operating Income": -4267000.0,
        "Operating Expense": 135062000.0,
        "Research And Development": 45926000.0,
        "Selling General And Administration": 89136000.0,
        "Selling And Marketing Expense": 56961000.0,
        "General And Administrative Expense": 32175000.0,
        "Other Gand A": 32175000.0,
        "Gross Profit": 130795000.0,
        "Cost Of Revenue": 57929000.0,
        "Total Revenue": 188724000.0,
        "Operating Revenue": 188724000.0
    },
    "2025-06-30": {
        "Tax Effect Of Unusual Items": -123093.0,
        "Tax Rate For Calcs": 0.291,
        "Normalized EBITDA": 11456000.0,
        "Total Unusual Items": -423000.0,
        "Total Unusual Items Excluding Goodwill": -423000.0,
        "Net Income From Continuing Operation Net Minority Interest": 7747000.0,
        "Reconciled Depreciation": 3389000.0,
        "Reconciled Cost Of Revenue": 58319000.0,
        "EBITDA": 11033000.0,
        "EBIT": 7644000.0,
        "Net Interest Income": NaN,
        "Interest Expense": NaN,
        "Interest Income": NaN,
        "Normalized Income": 8046907.0,
        "Net Income From Continuing And Discontinued Operation": 7747000.0,
        "Total Expenses": 187178000.0,
        "Total Operating Income As Reported": 7221000.0,
        "Diluted Average Shares": 66731000.0,
        "Basic Average Shares": 65448000.0,
        "Diluted EPS": 0.12,
        "Basic EPS": 0.12,
        "Diluted NI Availto Com Stockholders": 7747000.0,
        "Net Income Common Stockholders": 7747000.0,
        "Net Income": 7747000.0,
        "Net Income Including Noncontrolling Interests": 7747000.0,
        "Net Income Discontinuous Operations": NaN,
        "Net Income Continuous Operations": 7747000.0,
        "Tax Provision": 3183000.0,
        "Pretax Income": 10930000.0,
        "Other Income Expense": 3286000.0,
        "Other Non Operating Income Expenses": 3709000.0,
        "Special Income Charges": -423000.0,
        "Impairment Of Capital Assets": NaN,
        "Restructuring And Mergern Acquisition": 423000.0,
        "Net Non Operating Interest Income Expense": NaN,
        "Interest Expense Non Operating": NaN,
        "Interest Income Non Operating": NaN,
        "Operating Income": 7644000.0,
        "Operating Expense": 128859000.0,
        "Research And Development": 39608000.0,
        "Selling General And Administration": 89251000.0,
        "Selling And Marketing Expense": 51906000.0,
        "General And Administrative Expense": 37345000.0,
        "Other Gand A": 37345000.0,
        "Gross Profit": 136503000.0,
        "Cost Of Revenue": 58319000.0,
        "Total Revenue": 194822000.0,
        "Operating Revenue": 194822000.0
    },
    "2025-09-30": {
        "Tax Effect Of Unusual Items": 0.0,
        "Tax Rate For Calcs": 0.21,
        "Normalized EBITDA": 28344000.0,
        "Total Unusual Items": 0.0,
        "Total Unusual Items Excluding Goodwill": 0.0,
        "Net Income From Continuing Operation Net Minority Interest": 27420000.0,
        "Reconciled Depreciation": 3362000.0,
        "Reconciled Cost Of Revenue": 59594000.0,
        "EBITDA": 28344000.0,
        "EBIT": 24982000.0,
        "Net Interest Income": 3784000.0,
        "Interest Expense": 10000.0,
        "Interest Income": 3794000.0,
        "Normalized Income": 27420000.0,
        "Net Income From Continuing And Discontinued Operation": 27420000.0,
        "Total Expenses": 178401000.0,
        "Total Operating Income As Reported": 21428000.0,
        "Diluted Average Shares": 65781000.0,
        "Basic Average Shares": 65074000.0,
        "Diluted EPS": 0.42,
        "Basic EPS": 0.42,
        "Diluted NI Availto Com Stockholders": 27420000.0,
        "Net Income Common Stockholders": 27420000.0,
        "Net Income": 27420000.0,
        "Net Income Including Noncontrolling Interests": 27420000.0,
        "Net Income Discontinuous Operations": NaN,
        "Net Income Continuous Operations": 27420000.0,
        "Tax Provision": -2448000.0,
        "Pretax Income": 24972000.0,
        "Other Income Expense": -240000.0,
        "Other Non Operating Income Expenses": -240000.0,
        "Special Income Charges": 0.0,
        "Impairment Of Capital Assets": NaN,
        "Restructuring And Mergern Acquisition": 0.0,
        "Net Non Operating Interest Income Expense": 3784000.0,
        "Interest Expense Non Operating": 10000.0,
        "Interest Income Non Operating": 3794000.0,
        "Operating Income": 21428000.0,
        "Operating Expense": 118807000.0,
        "Research And Development": 36952000.0,
        "Selling General And Administration": 81855000.0,
        "Selling And Marketing Expense": 48685000.0,
        "General And Administrative Expense": 33170000.0,
        "Other Gand A": 33170000.0,
        "Gross Profit": 140235000.0,
        "Cost Of Revenue": 59594000.0,
        "Total Revenue": 199829000.0,
        "Operating Revenue": 199829000.0
    }
}