{
    "2023-03-31": {
        "Tax Effect Of Unusual Items": NaN,
        "Tax Rate For Calcs": NaN,
        "Normalized EBITDA": NaN,
        "Total Unusual Items": NaN,
        "Total Unusual Items Excluding Goodwill": NaN,
        "Net Income From Continuing Operation Net Minority Interest": NaN,
        "Reconciled Depreciation": NaN,
        "Reconciled Cost Of Revenue": NaN,
        "EBITDA": NaN,
        "EBIT": NaN,
        "Net Interest Income": NaN,
        "Interest Expense": NaN,
        "Interest Income": NaN,
        "Normalized Income": NaN,
        "Net Income From Continuing And Discontinued Operation": NaN,
        "Total Expenses": NaN,
        "Total Operating Income As Reported": NaN,
        "Diluted Average Shares": 70368478.0,
        "Basic Average Shares": 70368478.0,
        "Diluted EPS": -2.33,
        "Basic EPS": -2.33,
        "Diluted NI Availto Com Stockholders": NaN,
        "Net Income Common Stockholders": NaN,
        "Net Income": NaN,
        "Net Income Including Noncontrolling Interests": NaN,
        "Net Income Continuous Operations": NaN,
        "Tax Provision": NaN,
        "Pretax Income": NaN,
        "Other Income Expense": NaN,
        "Other Non Operating Income Expenses": NaN,
        "Gain On Sale Of Security": NaN,
        "Net Non Operating Interest Income Expense": NaN,
        "Interest Expense Non Operating": NaN,
        "Interest Income Non Operating": NaN,
        "Operating Income": NaN,
        "Operating Expense": NaN,
        "Research And Development": NaN,
        "Selling General And Administration": NaN,
        "Gross Profit": NaN,
        "Cost Of Revenue": NaN,
        "Total Revenue": NaN,
        "Operating Revenue": NaN
    },
    "2022-12-31": {
        "Tax Effect Of Unusual Items": 17417.603925,
        "Tax Rate For Calcs": 0.009466,
        "Normalized EBITDA": -134293000.0,
        "Total Unusual Items": 1840000.0,
        "Total Unusual Items Excluding Goodwill": 1840000.0,
        "Net Income From Continuing Operation Net Minority Interest": -151833000.0,
        "Reconciled Depreciation": 4957000.0,
        "Reconciled Cost Of Revenue": 5319000.0,
        "EBITDA": -132453000.0,
        "EBIT": -137410000.0,
        "Net Interest Income": -9676000.0,
        "Interest Expense": 15874000.0,
        "Interest Income": 6198000.0,
        "Normalized Income": -153655582.396075,
        "Net Income From Continuing And Discontinued Operation": -151833000.0,
        "Total Expenses": 248976000.0,
        "Total Operating Income As Reported": -145628000.0,
        "Diluted Average Shares": 70152192.0,
        "Basic Average Shares": 70152192.0,
        "Diluted EPS": -2.16,
        "Basic EPS": -2.16,
        "Diluted NI Availto Com Stockholders": -151833000.0,
        "Net Income Common Stockholders": -151833000.0,
        "Net Income": -151833000.0,
        "Net Income Including Noncontrolling Interests": -151833000.0,
        "Net Income Continuous Operations": -151833000.0,
        "Tax Provision": -1451000.0,
        "Pretax Income": -153284000.0,
        "Other Income Expense": 2020000.0,
        "Other Non Operating Income Expenses": 180000.0,
        "Gain On Sale Of Security": 1840000.0,
        "Net Non Operating Interest Income Expense": -9676000.0,
        "Interest Expense Non Operating": 15874000.0,
        "Interest Income Non Operating": 6198000.0,
        "Operating Income": -145628000.0,
        "Operating Expense": 243657000.0,
        "Research And Development": 170808000.0,
        "Selling General And Administration": 72849000.0,
        "Gross Profit": 98029000.0,
        "Cost Of Revenue": 5319000.0,
        "Total Revenue": 103348000.0,
        "Operating Revenue": 103348000.0
    },
    "2022-09-30": {
        "Tax Effect Of Unusual Items": -341460.0,
        "Tax Rate For Calcs": 0.21,
        "Normalized EBITDA": -222688000.0,
        "Total Unusual Items": -1626000.0,
        "Total Unusual Items Excluding Goodwill": -1626000.0,
        "Net Income From Continuing Operation Net Minority Interest": -245106000.0,
        "Reconciled Depreciation": 4694000.0,
        "Reconciled Cost Of Revenue": 8631000.0,
        "EBITDA": -224314000.0,
        "EBIT": -224314000.0,
        "Net Interest Income": -14505000.0,
        "Interest Expense": 14505000.0,
        "Interest Income": 3483000.0,
        "Normalized Income": -243821460.0,
        "Net Income From Continuing And Discontinued Operation": -245106000.0,
        "Total Expenses": 315769000.0,
        "Total Operating Income As Reported": -225066000.0,
        "Diluted Average Shares": 70054173.0,
        "Basic Average Shares": 70054173.0,
        "Diluted EPS": -3.5,
        "Basic EPS": -3.5,
        "Diluted NI Availto Com Stockholders": -245106000.0,
        "Net Income Common Stockholders": -245106000.0,
        "Net Income": -245106000.0,
        "Net Income Including Noncontrolling Interests": -245106000.0,
        "Net Income Continuous Operations": -245106000.0,
        "Tax Provision": 6287000.0,
        "Pretax Income": -238819000.0,
        "Other Income Expense": 752000.0,
        "Other Non Operating Income Expenses": 2378000.0,
        "Gain On Sale Of Security": -1626000.0,
        "Net Non Operating Interest Income Expense": -14505000.0,
        "Interest Expense Non Operating": 14505000.0,
        "Interest Income Non Operating": 3483000.0,
        "Operating Income": -225066000.0,
        "Operating Expense": 307138000.0,
        "Research And Development": 237297000.0,
        "Selling General And Administration": 69841000.0,
        "Gross Profit": 82072000.0,
        "Cost Of Revenue": 8631000.0,
        "Total Revenue": 90703000.0,
        "Operating Revenue": 90703000.0
    },
    "2022-06-30": {
        "Tax Effect Of Unusual Items": -4073600.0,
        "Tax Rate For Calcs": 0.4,
        "Normalized EBITDA": -137143000.0,
        "Total Unusual Items": -10184000.0,
        "Total Unusual Items Excluding Goodwill": -10184000.0,
        "Net Income From Continuing Operation Net Minority Interest": -158162000.0,
        "Reconciled Depreciation": 4481000.0,
        "Reconciled Cost Of Revenue": 8270000.0,
        "EBITDA": -147327000.0,
        "EBIT": -151808000.0,
        "Net Interest Income": -5153000.0,
        "Interest Expense": 6052000.0,
        "Interest Income": 899000.0,
        "Normalized Income": -152051600.0,
        "Net Income From Continuing And Discontinued Operation": -158162000.0,
        "Total Expenses": 230936000.0,
        "Total Operating Income As Reported": -141593000.0,
        "Diluted Average Shares": 69925358.0,
        "Basic Average Shares": 69925358.0,
        "Diluted EPS": -2.26,
        "Basic EPS": -2.26,
        "Diluted NI Availto Com Stockholders": -158162000.0,
        "Net Income Common Stockholders": -158162000.0,
        "Net Income": -158162000.0,
        "Net Income Including Noncontrolling Interests": -158162000.0,
        "Net Income Continuous Operations": -158162000.0,
        "Tax Provision": 302000.0,
        "Pretax Income": -157860000.0,
        "Other Income Expense": -11114000.0,
        "Other Non Operating Income Expenses": -930000.0,
        "Gain On Sale Of Security": -10184000.0,
        "Net Non Operating Interest Income Expense": -5153000.0,
        "Interest Expense Non Operating": 6052000.0,
        "Interest Income Non Operating": 899000.0,
        "Operating Income": -141593000.0,
        "Operating Expense": 222666000.0,
        "Research And Development": 154529000.0,
        "Selling General And Administration": 68137000.0,
        "Gross Profit": 81073000.0,
        "Cost Of Revenue": 8270000.0,
        "Total Revenue": 89343000.0,
        "Operating Revenue": 89343000.0
    },
    "2022-03-31": {
        "Diluted EPS": -2.19,
        "Total Revenue": 80,
        "Gross Profit": 74,
        "Operating Income": -137,
        "EBIT": -131,
        "Net Income": -152
    },
    "2021-12-31": {
        "Diluted EPS": -1.78,
        "Total Revenue": 83,
        "Gross Profit": 80,
        "Operating Income": -103,
        "EBIT": -97,
        "Net Income": -122
    },
    "2021-09-30": {
        "Diluted EPS": -1.08,
        "Total Revenue": 82,
        "Gross Profit": 77,
        "Operating Income": -90,
        "EBIT": -85,
        "Net Income": -73
    },
    "2021-06-30": {
        "Diluted EPS": -1.81,
        "Total Revenue": 87,
        "Gross Profit": 84,
        "Operating Income": -83,
        "EBIT": -78,
        "Net Income": -122
    },
    "2021-03-31": {
        "Diluted EPS": -2.03,
        "Total Revenue": 99,
        "Gross Profit": 94,
        "Operating Income": -107,
        "EBIT": -102,
        "Net Income": -136
    },
    "2020-12-31": {
        "Diluted EPS": -0.3,
        "Total Revenue": 92,
        "Gross Profit": 86,
        "Operating Income": -96,
        "EBIT": -92,
        "Net Income": -24
    },
    "2020-09-30": {
        "Diluted EPS": -1.13,
        "Total Revenue": 81,
        "Gross Profit": 79,
        "Operating Income": -50,
        "EBIT": -47,
        "Net Income": -69
    },
    "2020-06-30": {
        "Diluted EPS": 0.41,
        "Total Revenue": 62,
        "Gross Profit": 60,
        "Operating Income": -63,
        "EBIT": -60,
        "Net Income": 25
    },
    "2020-03-31": {
        "Diluted EPS": -2.05,
        "Total Revenue": 36,
        "Gross Profit": 40,
        "Operating Income": -121,
        "EBIT": -118,
        "Net Income": -119
    },
    "2019-12-31": {
        "Diluted EPS": -1.62,
        "Total Revenue": 36,
        "Gross Profit": 30,
        "Operating Income": -94,
        "EBIT": -94,
        "Net Income": -94
    },
    "2019-09-30": {
        "Diluted EPS": -1.96,
        "Total Revenue": 26,
        "Gross Profit": 23,
        "Operating Income": -118,
        "EBIT": -118,
        "Net Income": -113
    },
    "2019-06-30": {
        "Diluted EPS": -1.72,
        "Total Revenue": 24,
        "Gross Profit": 23,
        "Operating Income": -112,
        "EBIT": -112,
        "Net Income": -99
    },
    "2019-03-31": {
        "Diluted EPS": -1.82,
        "Total Revenue": 18,
        "Gross Profit": 18,
        "Operating Income": -99,
        "EBIT": -98,
        "Net Income": -97
    },
    "2018-12-31": {
        "Diluted EPS": -1.79,
        "Total Revenue": 16,
        "Gross Profit": 16,
        "Operating Income": -90,
        "EBIT": -88,
        "Net Income": -88
    },
    "2018-09-30": {
        "Diluted EPS": -1.74,
        "Total Revenue": 12,
        "Gross Profit": 11,
        "Operating Income": -90,
        "EBIT": -86,
        "Net Income": -87
    },
    "2018-06-30": {
        "Diluted EPS": -1.06,
        "Total Revenue": 13,
        "Gross Profit": 13,
        "Operating Income": -95,
        "EBIT": -89,
        "Net Income": -53
    },
    "2018-03-31": {
        "Diluted EPS": 0.62,
        "Total Revenue": 11,
        "Gross Profit": 10,
        "Operating Income": -96,
        "EBIT": -91,
        "Net Income": 30
    },
    "2017-12-31": {
        "Diluted EPS": -1.9,
        "Total Revenue": 2,
        "Gross Profit": 2,
        "Operating Income": -97,
        "EBIT": -94,
        "Net Income": -82
    },
    "2017-09-30": {
        "Diluted EPS": -1.87,
        "Total Revenue": 0,
        "Gross Profit": 0,
        "Operating Income": -84,
        "EBIT": -82,
        "Net Income": -79
    },
    "2017-06-30": {
        "Diluted EPS": -1.72,
        "Total Revenue": NaN,
        "Gross Profit": NaN,
        "Operating Income": -78,
        "EBIT": -77,
        "Net Income": -73
    },
    "2017-03-31": {
        "Diluted EPS": -1.63,
        "Total Revenue": NaN,
        "Gross Profit": NaN,
        "Operating Income": -70,
        "EBIT": -68,
        "Net Income": -68
    },
    "2016-12-31": {
        "Diluted EPS": -1.76,
        "Total Revenue": 0,
        "Gross Profit": 0,
        "Operating Income": -71,
        "EBIT": -69,
        "Net Income": -71
    },
    "2016-09-30": {
        "Diluted EPS": -1.64,
        "Total Revenue": 0,
        "Gross Profit": 0,
        "Operating Income": -66,
        "EBIT": -64,
        "Net Income": -65
    },
    "2016-06-30": {
        "Diluted EPS": -1.46,
        "Total Revenue": 0,
        "Gross Profit": 0,
        "Operating Income": -58,
        "EBIT": -56,
        "Net Income": -57
    },
    "2016-03-31": {
        "Diluted EPS": -1.35,
        "Total Revenue": NaN,
        "Gross Profit": NaN,
        "Operating Income": -54,
        "EBIT": -51,
        "Net Income": -53
    },
    "2015-12-31": {
        "Diluted EPS": -1.47,
        "Total Revenue": NaN,
        "Gross Profit": NaN,
        "Operating Income": -56,
        "EBIT": -54,
        "Net Income": -55
    },
    "2015-09-30": {
        "Diluted EPS": -1.03,
        "Total Revenue": NaN,
        "Gross Profit": NaN,
        "Operating Income": -40,
        "EBIT": -38,
        "Net Income": -39
    },
    "2015-06-30": {
        "Diluted EPS": -0.83,
        "Total Revenue": NaN,
        "Gross Profit": NaN,
        "Operating Income": -30,
        "EBIT": -29,
        "Net Income": -30
    },
    "2015-03-31": {
        "Diluted EPS": -0.63,
        "Total Revenue": NaN,
        "Gross Profit": NaN,
        "Operating Income": -22,
        "EBIT": -20,
        "Net Income": -21
    },
    "2014-12-31": {
        "Diluted EPS": -0.45,
        "Total Revenue": NaN,
        "Gross Profit": NaN,
        "Operating Income": -17,
        "EBIT": -16,
        "Net Income": -17
    },
    "2014-09-30": {
        "Diluted EPS": -0.5,
        "Total Revenue": NaN,
        "Gross Profit": NaN,
        "Operating Income": -16,
        "EBIT": -15,
        "Net Income": -16
    },
    "2014-06-30": {
        "Diluted EPS": -0.45,
        "Total Revenue": NaN,
        "Gross Profit": NaN,
        "Operating Income": -14,
        "EBIT": -13,
        "Net Income": -14
    },
    "2014-03-31": {
        "Diluted EPS": -0.85,
        "Total Revenue": NaN,
        "Gross Profit": NaN,
        "Operating Income": -10,
        "EBIT": -10,
        "Net Income": -18
    },
    "2013-12-31": {
        "Diluted EPS": -4.98,
        "Total Revenue": NaN,
        "Gross Profit": NaN,
        "Operating Income": -10,
        "EBIT": -9,
        "Net Income": -19
    },
    "2013-09-30": {
        "Diluted EPS": -3.48,
        "Total Revenue": NaN,
        "Gross Profit": NaN,
        "Operating Income": -8,
        "EBIT": -7,
        "Net Income": -13
    },
    "2013-06-30": {
        "Diluted EPS": -3.32,
        "Total Revenue": NaN,
        "Gross Profit": NaN,
        "Operating Income": -8,
        "EBIT": -8,
        "Net Income": -11
    },
    "2013-03-31": {
        "Diluted EPS": -2.84,
        "Total Revenue": NaN,
        "Gross Profit": NaN,
        "Operating Income": -7,
        "EBIT": -7,
        "Net Income": -8
    },
    "2012-12-31": {
        "Diluted EPS": 0.0,
        "Total Revenue": NaN,
        "Gross Profit": NaN,
        "Operating Income": NaN,
        "EBIT": NaN,
        "Net Income": NaN
    },
    "2011-12-31": {
        "Diluted EPS": 0.0,
        "Total Revenue": NaN,
        "Gross Profit": NaN,
        "Operating Income": NaN,
        "EBIT": NaN,
        "Net Income": NaN
    },
    "2023-06-30": {
        "Tax Effect Of Unusual Items": 54810.0,
        "Tax Rate For Calcs": 0.21,
        "Normalized EBITDA": -138621000.0,
        "Total Unusual Items": 261000.0,
        "Total Unusual Items Excluding Goodwill": 261000.0,
        "Net Income From Continuing Operation Net Minority Interest": -159828000.0,
        "Reconciled Depreciation": 5361000.0,
        "Reconciled Cost Of Revenue": 9914000.0,
        "EBITDA": -138360000.0,
        "EBIT": -143721000.0,
        "Net Interest Income": -9411000.0,
        "Interest Expense": 15375000.0,
        "Interest Income": 5964000.0,
        "Normalized Income": -160034190.0,
        "Net Income From Continuing And Discontinued Operation": -159828000.0,
        "Total Expenses": 256266000.0,
        "Total Operating Income As Reported": -147957000.0,
        "Diluted Average Shares": 70897991.0,
        "Basic Average Shares": 70897991.0,
        "Diluted EPS": -2.25,
        "Basic EPS": -2.25,
        "Diluted NI Availto Com Stockholders": -159828000.0,
        "Net Income Common Stockholders": -159828000.0,
        "Net Income": -159828000.0,
        "Net Income Including Noncontrolling Interests": -159828000.0,
        "Net Income Continuous Operations": -159828000.0,
        "Tax Provision": 732000.0,
        "Pretax Income": -159096000.0,
        "Other Income Expense": -1728000.0,
        "Other Non Operating Income Expenses": -1989000.0,
        "Gain On Sale Of Security": 261000.0,
        "Net Non Operating Interest Income Expense": -9411000.0,
        "Interest Expense Non Operating": 15375000.0,
        "Interest Income Non Operating": 5964000.0,
        "Operating Income": -147957000.0,
        "Operating Expense": 246352000.0,
        "Research And Development": 164949000.0,
        "Selling General And Administration": 81403000.0,
        "Gross Profit": 98395000.0,
        "Cost Of Revenue": 9914000.0,
        "Total Revenue": 108309000.0,
        "Operating Revenue": 108309000.0
    },
    "2023-09-30": {
        "Tax Effect Of Unusual Items": -297990.0,
        "Tax Rate For Calcs": 0.21,
        "Normalized EBITDA": -132724000.0,
        "Total Unusual Items": -1419000.0,
        "Total Unusual Items Excluding Goodwill": -1419000.0,
        "Net Income From Continuing Operation Net Minority Interest": -159649000.0,
        "Reconciled Depreciation": 7191000.0,
        "Reconciled Cost Of Revenue": 10987000.0,
        "EBITDA": -134143000.0,
        "EBIT": -141334000.0,
        "Net Interest Income": -11784000.0,
        "Interest Expense": 17665000.0,
        "Interest Income": 5881000.0,
        "Normalized Income": -158527990.0,
        "Net Income From Continuing And Discontinued Operation": -159649000.0,
        "Total Expenses": 243149000.0,
        "Total Operating Income As Reported": -145097000.0,
        "Diluted Average Shares": 71664493.0,
        "Basic Average Shares": 71664493.0,
        "Diluted EPS": -2.23,
        "Basic EPS": -2.23,
        "Diluted NI Availto Com Stockholders": -159649000.0,
        "Net Income Common Stockholders": -159649000.0,
        "Net Income": -159649000.0,
        "Net Income Including Noncontrolling Interests": -159649000.0,
        "Net Income Continuous Operations": -159649000.0,
        "Tax Provision": 650000.0,
        "Pretax Income": -158999000.0,
        "Other Income Expense": -2118000.0,
        "Other Non Operating Income Expenses": -699000.0,
        "Gain On Sale Of Security": -1419000.0,
        "Net Non Operating Interest Income Expense": -11784000.0,
        "Interest Expense Non Operating": 17665000.0,
        "Interest Income Non Operating": 5881000.0,
        "Operating Income": -145097000.0,
        "Operating Expense": 232162000.0,
        "Research And Development": 157245000.0,
        "Selling General And Administration": 74917000.0,
        "Gross Profit": 87065000.0,
        "Cost Of Revenue": 10987000.0,
        "Total Revenue": 98052000.0,
        "Operating Revenue": 98052000.0
    },
    "2023-12-31": {
        "Tax Effect Of Unusual Items": 55110.471897,
        "Tax Rate For Calcs": 0.029174,
        "Normalized EBITDA": -103235000.0,
        "Total Unusual Items": 1889000.0,
        "Total Unusual Items Excluding Goodwill": 1889000.0,
        "Net Income From Continuing Operation Net Minority Interest": -123190000.0,
        "Reconciled Depreciation": 8218000.0,
        "Reconciled Cost Of Revenue": 12051000.0,
        "EBITDA": -101346000.0,
        "EBIT": -109564000.0,
        "Net Interest Income": -8775000.0,
        "Interest Expense": 17328000.0,
        "Interest Income": 8553000.0,
        "Normalized Income": -125023889.528103,
        "Net Income From Continuing And Discontinued Operation": -123190000.0,
        "Total Expenses": 249441000.0,
        "Total Operating Income As Reported": -122049000.0,
        "Diluted Average Shares": 81118873.0,
        "Basic Average Shares": 81118873.0,
        "Diluted EPS": -1.52,
        "Basic EPS": -1.52,
        "Diluted NI Availto Com Stockholders": -123190000.0,
        "Net Income Common Stockholders": -123190000.0,
        "Net Income": -123190000.0,
        "Net Income Including Noncontrolling Interests": -123190000.0,
        "Net Income Continuous Operations": -123190000.0,
        "Tax Provision": -3702000.0,
        "Pretax Income": -126892000.0,
        "Other Income Expense": 3932000.0,
        "Other Non Operating Income Expenses": 2043000.0,
        "Gain On Sale Of Security": 1889000.0,
        "Net Non Operating Interest Income Expense": -8775000.0,
        "Interest Expense Non Operating": 17328000.0,
        "Interest Income Non Operating": 8553000.0,
        "Operating Income": -122049000.0,
        "Operating Expense": 237390000.0,
        "Research And Development": 160557000.0,
        "Selling General And Administration": 76833000.0,
        "Gross Profit": 115341000.0,
        "Cost Of Revenue": 12051000.0,
        "Total Revenue": 127392000.0,
        "Operating Revenue": 127392000.0
    },
    "2024-03-31": {
        "Tax Effect Of Unusual Items": 786660.0,
        "Tax Rate For Calcs": 0.21,
        "Normalized EBITDA": -149283000.0,
        "Total Unusual Items": 3746000.0,
        "Total Unusual Items Excluding Goodwill": 3746000.0,
        "Net Income From Continuing Operation Net Minority Interest": -170684000.0,
        "Reconciled Depreciation": 8845000.0,
        "Reconciled Cost Of Revenue": 17533000.0,
        "EBITDA": -145537000.0,
        "EBIT": -154382000.0,
        "Net Interest Income": -7023000.0,
        "Interest Expense": 15847000.0,
        "Interest Income": 8824000.0,
        "Normalized Income": -173643340.0,
        "Net Income From Continuing And Discontinued Operation": -170684000.0,
        "Total Expenses": 274180000.0,
        "Total Operating Income As Reported": -165347000.0,
        "Diluted Average Shares": 84286292.0,
        "Basic Average Shares": 84286292.0,
        "Diluted EPS": -2.03,
        "Basic EPS": -2.03,
        "Diluted NI Availto Com Stockholders": -170684000.0,
        "Net Income Common Stockholders": -170684000.0,
        "Net Income": -170684000.0,
        "Net Income Including Noncontrolling Interests": -170684000.0,
        "Net Income Continuous Operations": -170684000.0,
        "Tax Provision": 455000.0,
        "Pretax Income": -170229000.0,
        "Other Income Expense": 2141000.0,
        "Other Non Operating Income Expenses": -1605000.0,
        "Gain On Sale Of Security": 3746000.0,
        "Net Non Operating Interest Income Expense": -7023000.0,
        "Interest Expense Non Operating": 15847000.0,
        "Interest Income Non Operating": 8824000.0,
        "Operating Income": -165347000.0,
        "Operating Expense": 256647000.0,
        "Research And Development": 178487000.0,
        "Selling General And Administration": 78160000.0,
        "Gross Profit": 91300000.0,
        "Cost Of Revenue": 17533000.0,
        "Total Revenue": 108833000.0,
        "Operating Revenue": 108833000.0
    },
    "2024-06-30": {
        "Tax Effect Of Unusual Items": -838110.0,
        "Tax Rate For Calcs": 0.21,
        "Normalized EBITDA": -101927000.0,
        "Total Unusual Items": -3991000.0,
        "Total Unusual Items Excluding Goodwill": -3991000.0,
        "Net Income From Continuing Operation Net Minority Interest": -131598000.0,
        "Reconciled Depreciation": 8862000.0,
        "Reconciled Cost Of Revenue": 21280000.0,
        "EBITDA": -105918000.0,
        "EBIT": -114780000.0,
        "Net Interest Income": -8559000.0,
        "Interest Expense": 15960000.0,
        "Interest Income": 7401000.0,
        "Normalized Income": -128445110.0,
        "Net Income From Continuing And Discontinued Operation": -131598000.0,
        "Total Expenses": 263387000.0,
        "Total Operating Income As Reported": -116361000.0,
        "Diluted Average Shares": 86580516.0,
        "Basic Average Shares": 86580516.0,
        "Diluted EPS": -1.52,
        "Basic EPS": -1.52,
        "Diluted NI Availto Com Stockholders": -131598000.0,
        "Net Income Common Stockholders": -131598000.0,
        "Net Income": -131598000.0,
        "Net Income Including Noncontrolling Interests": -131598000.0,
        "Net Income Continuous Operations": -131598000.0,
        "Tax Provision": 858000.0,
        "Pretax Income": -130740000.0,
        "Other Income Expense": -5820000.0,
        "Other Non Operating Income Expenses": -1829000.0,
        "Gain On Sale Of Security": -3991000.0,
        "Net Non Operating Interest Income Expense": -8559000.0,
        "Interest Expense Non Operating": 15960000.0,
        "Interest Income Non Operating": 7401000.0,
        "Operating Income": -116361000.0,
        "Operating Expense": 242107000.0,
        "Research And Development": 161503000.0,
        "Selling General And Administration": 80604000.0,
        "Gross Profit": 125746000.0,
        "Cost Of Revenue": 21280000.0,
        "Total Revenue": 147026000.0,
        "Operating Revenue": 147026000.0
    },
    "2024-09-30": {
        "Tax Effect Of Unusual Items": 142380.0,
        "Tax Rate For Calcs": 0.21,
        "Normalized EBITDA": -109422000.0,
        "Total Unusual Items": 678000.0,
        "Total Unusual Items Excluding Goodwill": 678000.0,
        "Net Income From Continuing Operation Net Minority Interest": -133516000.0,
        "Reconciled Depreciation": 8757000.0,
        "Reconciled Cost Of Revenue": 21021000.0,
        "EBITDA": -108744000.0,
        "EBIT": -117501000.0,
        "Net Interest Income": -4981000.0,
        "Interest Expense": 15712000.0,
        "Interest Income": 10731000.0,
        "Normalized Income": -134051620.0,
        "Net Income From Continuing And Discontinued Operation": -133516000.0,
        "Total Expenses": 271481000.0,
        "Total Operating Income As Reported": -131987000.0,
        "Diluted Average Shares": 95493996.0,
        "Basic Average Shares": 95493996.0,
        "Diluted EPS": -1.4,
        "Basic EPS": -1.4,
        "Diluted NI Availto Com Stockholders": -133516000.0,
        "Net Income Common Stockholders": -133516000.0,
        "Net Income": -133516000.0,
        "Net Income Including Noncontrolling Interests": -133516000.0,
        "Net Income Continuous Operations": -133516000.0,
        "Tax Provision": 303000.0,
        "Pretax Income": -133213000.0,
        "Other Income Expense": 3755000.0,
        "Other Non Operating Income Expenses": 3077000.0,
        "Gain On Sale Of Security": 678000.0,
        "Net Non Operating Interest Income Expense": -4981000.0,
        "Interest Expense Non Operating": 15712000.0,
        "Interest Income Non Operating": 10731000.0,
        "Operating Income": -131987000.0,
        "Operating Expense": 250460000.0,
        "Research And Development": 170109000.0,
        "Selling General And Administration": 80351000.0,
        "Gross Profit": 118473000.0,
        "Cost Of Revenue": 21021000.0,
        "Total Revenue": 139494000.0,
        "Operating Revenue": 139494000.0
    }
}