{
    "2023-03-31": {
        "Tax Effect Of Unusual Items": NaN,
        "Tax Rate For Calcs": NaN,
        "Normalized EBITDA": NaN,
        "Total Unusual Items": NaN,
        "Total Unusual Items Excluding Goodwill": NaN,
        "Net Income From Continuing Operation Net Minority Interest": NaN,
        "Reconciled Depreciation": NaN,
        "Reconciled Cost Of Revenue": NaN,
        "EBITDA": NaN,
        "EBIT": NaN,
        "Net Interest Income": NaN,
        "Interest Expense": NaN,
        "Interest Income": NaN,
        "Normalized Income": NaN,
        "Net Income From Continuing And Discontinued Operation": NaN,
        "Total Expenses": NaN,
        "Total Operating Income As Reported": NaN,
        "Diluted Average Shares": NaN,
        "Basic Average Shares": NaN,
        "Diluted EPS": NaN,
        "Basic EPS": NaN,
        "Diluted NI Availto Com Stockholders": NaN,
        "Net Income Common Stockholders": NaN,
        "Otherunder Preferred Stock Dividend": NaN,
        "Preferred Stock Dividends": NaN,
        "Net Income": NaN,
        "Minority Interests": NaN,
        "Net Income Including Noncontrolling Interests": NaN,
        "Net Income Continuous Operations": NaN,
        "Tax Provision": NaN,
        "Pretax Income": NaN,
        "Other Income Expense": NaN,
        "Other Non Operating Income Expenses": NaN,
        "Special Income Charges": NaN,
        "Gain On Sale Of Ppe": NaN,
        "Restructuring And Mergern Acquisition": NaN,
        "Gain On Sale Of Security": NaN,
        "Net Non Operating Interest Income Expense": NaN,
        "Interest Expense Non Operating": NaN,
        "Interest Income Non Operating": NaN,
        "Operating Income": NaN,
        "Operating Expense": NaN,
        "Depreciation Amortization Depletion Income Statement": NaN,
        "Depreciation And Amortization In Income Statement": NaN,
        "Amortization": 24700000.0,
        "Amortization Of Intangibles Income Statement": 24700000.0,
        "Depreciation Income Statement": 11500000.0,
        "Selling General And Administration": NaN,
        "Gross Profit": NaN,
        "Cost Of Revenue": NaN,
        "Total Revenue": NaN,
        "Operating Revenue": NaN
    },
    "2022-12-31": {
        "Tax Effect Of Unusual Items": NaN,
        "Tax Rate For Calcs": NaN,
        "Normalized EBITDA": NaN,
        "Total Unusual Items": NaN,
        "Total Unusual Items Excluding Goodwill": NaN,
        "Net Income From Continuing Operation Net Minority Interest": NaN,
        "Reconciled Depreciation": NaN,
        "Reconciled Cost Of Revenue": NaN,
        "EBITDA": NaN,
        "EBIT": NaN,
        "Net Interest Income": NaN,
        "Interest Expense": NaN,
        "Interest Income": NaN,
        "Normalized Income": NaN,
        "Net Income From Continuing And Discontinued Operation": NaN,
        "Total Expenses": NaN,
        "Total Operating Income As Reported": NaN,
        "Diluted Average Shares": NaN,
        "Basic Average Shares": NaN,
        "Diluted EPS": NaN,
        "Basic EPS": NaN,
        "Diluted NI Availto Com Stockholders": NaN,
        "Net Income Common Stockholders": NaN,
        "Otherunder Preferred Stock Dividend": NaN,
        "Preferred Stock Dividends": NaN,
        "Net Income": NaN,
        "Minority Interests": NaN,
        "Net Income Including Noncontrolling Interests": NaN,
        "Net Income Continuous Operations": NaN,
        "Tax Provision": NaN,
        "Pretax Income": NaN,
        "Other Income Expense": NaN,
        "Other Non Operating Income Expenses": NaN,
        "Special Income Charges": NaN,
        "Gain On Sale Of Ppe": NaN,
        "Restructuring And Mergern Acquisition": NaN,
        "Gain On Sale Of Security": NaN,
        "Net Non Operating Interest Income Expense": NaN,
        "Interest Expense Non Operating": NaN,
        "Interest Income Non Operating": NaN,
        "Operating Income": NaN,
        "Operating Expense": NaN,
        "Depreciation Amortization Depletion Income Statement": NaN,
        "Depreciation And Amortization In Income Statement": NaN,
        "Amortization": NaN,
        "Amortization Of Intangibles Income Statement": NaN,
        "Depreciation Income Statement": NaN,
        "Selling General And Administration": NaN,
        "General And Administrative Expense": 135856000.0,
        "Other Gand A": 45361000.0,
        "Salaries And Wages": 90495000.0,
        "Gross Profit": NaN,
        "Cost Of Revenue": NaN,
        "Total Revenue": NaN,
        "Operating Revenue": NaN
    },
    "2022-09-30": {
        "Tax Effect Of Unusual Items": NaN,
        "Tax Rate For Calcs": NaN,
        "Normalized EBITDA": NaN,
        "Total Unusual Items": NaN,
        "Total Unusual Items Excluding Goodwill": NaN,
        "Net Income From Continuing Operation Net Minority Interest": NaN,
        "Reconciled Depreciation": NaN,
        "Reconciled Cost Of Revenue": NaN,
        "EBITDA": NaN,
        "EBIT": NaN,
        "Net Interest Income": NaN,
        "Interest Expense": NaN,
        "Interest Income": NaN,
        "Normalized Income": NaN,
        "Net Income From Continuing And Discontinued Operation": NaN,
        "Total Expenses": NaN,
        "Total Operating Income As Reported": NaN,
        "Diluted Average Shares": NaN,
        "Basic Average Shares": NaN,
        "Diluted EPS": NaN,
        "Basic EPS": NaN,
        "Diluted NI Availto Com Stockholders": NaN,
        "Net Income Common Stockholders": NaN,
        "Otherunder Preferred Stock Dividend": NaN,
        "Preferred Stock Dividends": NaN,
        "Net Income": NaN,
        "Minority Interests": NaN,
        "Net Income Including Noncontrolling Interests": NaN,
        "Net Income Continuous Operations": NaN,
        "Tax Provision": NaN,
        "Pretax Income": NaN,
        "Other Income Expense": NaN,
        "Other Non Operating Income Expenses": NaN,
        "Special Income Charges": NaN,
        "Gain On Sale Of Ppe": NaN,
        "Restructuring And Mergern Acquisition": NaN,
        "Gain On Sale Of Security": NaN,
        "Net Non Operating Interest Income Expense": NaN,
        "Interest Expense Non Operating": NaN,
        "Interest Income Non Operating": NaN,
        "Operating Income": NaN,
        "Operating Expense": NaN,
        "Depreciation Amortization Depletion Income Statement": NaN,
        "Depreciation And Amortization In Income Statement": NaN,
        "Amortization": NaN,
        "Amortization Of Intangibles Income Statement": NaN,
        "Depreciation Income Statement": NaN,
        "Selling General And Administration": NaN,
        "General And Administrative Expense": 133193000.0,
        "Other Gand A": 43855000.0,
        "Salaries And Wages": 89338000.0,
        "Gross Profit": NaN,
        "Cost Of Revenue": NaN,
        "Total Revenue": NaN,
        "Operating Revenue": NaN
    },
    "2022-06-30": {
        "Tax Effect Of Unusual Items": -833472.0,
        "Tax Rate For Calcs": 0.288,
        "Normalized EBITDA": 125829000.0,
        "Total Unusual Items": -2894000.0,
        "Total Unusual Items Excluding Goodwill": -2894000.0,
        "Net Income From Continuing Operation Net Minority Interest": 53365000.0,
        "Reconciled Depreciation": 29429000.0,
        "Reconciled Cost Of Revenue": 216079000.0,
        "EBITDA": 122935000.0,
        "EBIT": 93506000.0,
        "Net Interest Income": -18463000.0,
        "Interest Expense": 18463000.0,
        "Interest Income": NaN,
        "Normalized Income": 55425528.0,
        "Net Income From Continuing And Discontinued Operation": 53365000.0,
        "Total Expenses": 389785000.0,
        "Total Operating Income As Reported": 91867000.0,
        "Diluted Average Shares": 111705102.0,
        "Basic Average Shares": 110760339.0,
        "Diluted EPS": 0.48,
        "Basic EPS": 0.48,
        "Diluted NI Availto Com Stockholders": 53365000.0,
        "Net Income Common Stockholders": 53365000.0,
        "Otherunder Preferred Stock Dividend": NaN,
        "Preferred Stock Dividends": NaN,
        "Net Income": 53365000.0,
        "Minority Interests": -46000.0,
        "Net Income Including Noncontrolling Interests": 53411000.0,
        "Net Income Continuous Operations": 53411000.0,
        "Tax Provision": 21632000.0,
        "Pretax Income": 75043000.0,
        "Other Income Expense": -1255000.0,
        "Other Non Operating Income Expenses": 1639000.0,
        "Special Income Charges": -3052000.0,
        "Gain On Sale Of Ppe": 347000.0,
        "Restructuring And Mergern Acquisition": 3399000.0,
        "Gain On Sale Of Security": 158000.0,
        "Net Non Operating Interest Income Expense": -18463000.0,
        "Interest Expense Non Operating": 18463000.0,
        "Interest Income Non Operating": NaN,
        "Operating Income": 94761000.0,
        "Operating Expense": 168575000.0,
        "Depreciation Amortization Depletion Income Statement": 24298000.0,
        "Depreciation And Amortization In Income Statement": 24298000.0,
        "Amortization": 16409000.0,
        "Amortization Of Intangibles Income Statement": 16409000.0,
        "Depreciation Income Statement": 7889000.0,
        "Selling General And Administration": 144277000.0,
        "General And Administrative Expense": 144277000.0,
        "Other Gand A": 46336000.0,
        "Salaries And Wages": 97941000.0,
        "Gross Profit": 263336000.0,
        "Cost Of Revenue": 221210000.0,
        "Total Revenue": 484546000.0,
        "Operating Revenue": 484546000.0
    },
    "2023-06-30": {
        "Tax Effect Of Unusual Items": NaN,
        "Tax Rate For Calcs": NaN,
        "Normalized EBITDA": NaN,
        "Total Unusual Items": NaN,
        "Total Unusual Items Excluding Goodwill": NaN,
        "Net Income From Continuing Operation Net Minority Interest": NaN,
        "Reconciled Depreciation": NaN,
        "Reconciled Cost Of Revenue": NaN,
        "EBITDA": NaN,
        "EBIT": NaN,
        "Net Interest Income": NaN,
        "Interest Expense": NaN,
        "Interest Income": NaN,
        "Normalized Income": NaN,
        "Net Income From Continuing And Discontinued Operation": NaN,
        "Total Expenses": NaN,
        "Total Operating Income As Reported": NaN,
        "Diluted Average Shares": NaN,
        "Basic Average Shares": NaN,
        "Diluted EPS": NaN,
        "Basic EPS": NaN,
        "Diluted NI Availto Com Stockholders": NaN,
        "Net Income Common Stockholders": NaN,
        "Otherunder Preferred Stock Dividend": NaN,
        "Preferred Stock Dividends": NaN,
        "Net Income": NaN,
        "Minority Interests": NaN,
        "Net Income Including Noncontrolling Interests": NaN,
        "Net Income Continuous Operations": NaN,
        "Tax Provision": NaN,
        "Pretax Income": NaN,
        "Other Income Expense": NaN,
        "Other Non Operating Income Expenses": NaN,
        "Special Income Charges": NaN,
        "Gain On Sale Of Ppe": NaN,
        "Restructuring And Mergern Acquisition": NaN,
        "Gain On Sale Of Security": NaN,
        "Net Non Operating Interest Income Expense": NaN,
        "Interest Expense Non Operating": NaN,
        "Interest Income Non Operating": NaN,
        "Operating Income": NaN,
        "Operating Expense": NaN,
        "Depreciation Amortization Depletion Income Statement": NaN,
        "Depreciation And Amortization In Income Statement": NaN,
        "Amortization": 84100000.0,
        "Amortization Of Intangibles Income Statement": 84100000.0,
        "Depreciation Income Statement": 25500000.0,
        "Selling General And Administration": NaN,
        "Gross Profit": NaN,
        "Cost Of Revenue": NaN,
        "Total Revenue": NaN,
        "Operating Revenue": NaN
    },
    "2022-03-31": {
        "Diluted EPS": 1.6,
        "Total Revenue": 394,
        "Gross Profit": 223,
        "Operating Income": 233,
        "EBIT": 260,
        "Net Income": 178
    },
    "2021-12-31": {
        "Diluted EPS": 0.27,
        "Total Revenue": 359,
        "Gross Profit": 215,
        "Operating Income": 53,
        "EBIT": 79,
        "Net Income": 31
    },
    "2021-09-30": {
        "Diluted EPS": 0.29,
        "Total Revenue": 330,
        "Gross Profit": 192,
        "Operating Income": 54,
        "EBIT": 79,
        "Net Income": 32
    },
    "2021-06-30": {
        "Diluted EPS": 0.55,
        "Total Revenue": 396,
        "Gross Profit": 224,
        "Operating Income": 90,
        "EBIT": 115,
        "Net Income": 61
    },
    "2021-03-31": {
        "Diluted EPS": 0.25,
        "Total Revenue": 332,
        "Gross Profit": 183,
        "Operating Income": 45,
        "EBIT": 69,
        "Net Income": 28
    },
    "2020-12-31": {
        "Diluted EPS": 0.43,
        "Total Revenue": 383,
        "Gross Profit": 207,
        "Operating Income": 73,
        "EBIT": 95,
        "Net Income": 49
    },
    "2020-09-30": {
        "Diluted EPS": 0.41,
        "Total Revenue": 332,
        "Gross Profit": 196,
        "Operating Income": 67,
        "EBIT": 89,
        "Net Income": 45
    },
    "2020-06-30": {
        "Diluted EPS": 0.49,
        "Total Revenue": 389,
        "Gross Profit": 206,
        "Operating Income": 89,
        "EBIT": 110,
        "Net Income": 53
    },
    "2020-03-31": {
        "Diluted EPS": 0.21,
        "Total Revenue": 273,
        "Gross Profit": 152,
        "Operating Income": 34,
        "EBIT": 57,
        "Net Income": 23
    },
    "2019-12-31": {
        "Diluted EPS": 0.47,
        "Total Revenue": 332,
        "Gross Profit": 182,
        "Operating Income": 71,
        "EBIT": 93,
        "Net Income": 52
    },
    "2019-09-30": {
        "Diluted EPS": 0.23,
        "Total Revenue": 290,
        "Gross Profit": 151,
        "Operating Income": 40,
        "EBIT": 61,
        "Net Income": 25
    },
    "2019-06-30": {
        "Diluted EPS": 0.49,
        "Total Revenue": 393,
        "Gross Profit": 193,
        "Operating Income": 78,
        "EBIT": 98,
        "Net Income": 54
    },
    "2019-03-31": {
        "Diluted EPS": 0.17,
        "Total Revenue": 303,
        "Gross Profit": 147,
        "Operating Income": 34,
        "EBIT": 54,
        "Net Income": 18
    },
    "2018-12-31": {
        "Diluted EPS": 0.32,
        "Total Revenue": 356,
        "Gross Profit": 167,
        "Operating Income": 56,
        "EBIT": 73,
        "Net Income": 35
    },
    "2018-09-30": {
        "Diluted EPS": 0.21,
        "Total Revenue": 245,
        "Gross Profit": 138,
        "Operating Income": 31,
        "EBIT": 48,
        "Net Income": 23
    },
    "2018-06-30": {
        "Diluted EPS": 0.42,
        "Total Revenue": 309,
        "Gross Profit": 184,
        "Operating Income": 65,
        "EBIT": 81,
        "Net Income": 46
    },
    "2018-03-31": {
        "Diluted EPS": 0.16,
        "Total Revenue": 260,
        "Gross Profit": 148,
        "Operating Income": 33,
        "EBIT": 49,
        "Net Income": 17
    },
    "2017-12-31": {
        "Diluted EPS": 0.34,
        "Total Revenue": 292,
        "Gross Profit": 154,
        "Operating Income": 40,
        "EBIT": 56,
        "Net Income": 37
    },
    "2017-09-30": {
        "Diluted EPS": 0.09,
        "Total Revenue": 227,
        "Gross Profit": 121,
        "Operating Income": 17,
        "EBIT": 32,
        "Net Income": 10
    },
    "2017-06-30": {
        "Diluted EPS": 0.16,
        "Total Revenue": 253,
        "Gross Profit": 145,
        "Operating Income": 27,
        "EBIT": 39,
        "Net Income": 18
    },
    "2017-03-31": {
        "Diluted EPS": 0.1,
        "Total Revenue": 199,
        "Gross Profit": 112,
        "Operating Income": 24,
        "EBIT": 34,
        "Net Income": 10
    },
    "2016-12-31": {
        "Diluted EPS": 0.26,
        "Total Revenue": 147,
        "Gross Profit": 131,
        "Operating Income": 41,
        "EBIT": 51,
        "Net Income": 28
    },
    "2016-09-30": {
        "Diluted EPS": -0.05,
        "Total Revenue": 129,
        "Gross Profit": 114,
        "Operating Income": 2,
        "EBIT": 12,
        "Net Income": -5
    },
    "2016-06-30": {
        "Diluted EPS": 0.37,
        "Total Revenue": 159,
        "Gross Profit": 139,
        "Operating Income": 54,
        "EBIT": 64,
        "Net Income": 40
    },
    "2016-03-31": {
        "Diluted EPS": 0.27,
        "Total Revenue": 132,
        "Gross Profit": 117,
        "Operating Income": 39,
        "EBIT": 49,
        "Net Income": 29
    },
    "2015-12-31": {
        "Diluted EPS": 0.43,
        "Total Revenue": 135,
        "Gross Profit": 120,
        "Operating Income": 50,
        "EBIT": 61,
        "Net Income": 47
    },
    "2015-09-30": {
        "Diluted EPS": 0.19,
        "Total Revenue": 109,
        "Gross Profit": 97,
        "Operating Income": 29,
        "EBIT": 39,
        "Net Income": 21
    },
    "2015-06-30": {
        "Diluted EPS": 0.42,
        "Total Revenue": 155,
        "Gross Profit": 138,
        "Operating Income": 63,
        "EBIT": 74,
        "Net Income": 45
    },
    "2015-03-31": {
        "Diluted EPS": 0.22,
        "Total Revenue": 116,
        "Gross Profit": 104,
        "Operating Income": 33,
        "EBIT": 44,
        "Net Income": 24
    },
    "2014-12-31": {
        "Diluted EPS": 0.27,
        "Total Revenue": 138,
        "Gross Profit": 121,
        "Operating Income": 39,
        "EBIT": 50,
        "Net Income": 29
    },
    "2014-09-30": {
        "Diluted EPS": 0.09,
        "Total Revenue": 102,
        "Gross Profit": 90,
        "Operating Income": 20,
        "EBIT": 31,
        "Net Income": 9
    },
    "2014-06-30": {
        "Diluted EPS": 0.36,
        "Total Revenue": 142,
        "Gross Profit": 124,
        "Operating Income": 52,
        "EBIT": 63,
        "Net Income": 39
    },
    "2014-03-31": {
        "Diluted EPS": 0.13,
        "Total Revenue": 99,
        "Gross Profit": 88,
        "Operating Income": 18,
        "EBIT": 28,
        "Net Income": 14
    },
    "2013-12-31": {
        "Diluted EPS": 0.31,
        "Total Revenue": 131,
        "Gross Profit": 114,
        "Operating Income": 48,
        "EBIT": 60,
        "Net Income": 34
    },
    "2013-09-30": {
        "Diluted EPS": 0.15,
        "Total Revenue": 106,
        "Gross Profit": 94,
        "Operating Income": 25,
        "EBIT": 36,
        "Net Income": 16
    },
    "2013-06-30": {
        "Diluted EPS": 0.28,
        "Total Revenue": 128,
        "Gross Profit": 113,
        "Operating Income": 42,
        "EBIT": 52,
        "Net Income": 30
    },
    "2013-03-31": {
        "Diluted EPS": 0.13,
        "Total Revenue": 102,
        "Gross Profit": 93,
        "Operating Income": 22,
        "EBIT": 32,
        "Net Income": 14
    },
    "2012-12-31": {
        "Diluted EPS": 0.21,
        "Total Revenue": 117,
        "Gross Profit": 104,
        "Operating Income": 33,
        "EBIT": 44,
        "Net Income": 22
    },
    "2012-09-30": {
        "Diluted EPS": 0.08,
        "Total Revenue": 92,
        "Gross Profit": 81,
        "Operating Income": 15,
        "EBIT": 26,
        "Net Income": 8
    },
    "2012-06-30": {
        "Diluted EPS": 0.29,
        "Total Revenue": 127,
        "Gross Profit": 112,
        "Operating Income": 44,
        "EBIT": 54,
        "Net Income": 31
    },
    "2012-03-31": {
        "Diluted EPS": 0.17,
        "Total Revenue": 101,
        "Gross Profit": 91,
        "Operating Income": 28,
        "EBIT": 38,
        "Net Income": 18
    },
    "2011-12-31": {
        "Diluted EPS": 0.25,
        "Total Revenue": 113,
        "Gross Profit": 100,
        "Operating Income": 29,
        "EBIT": 40,
        "Net Income": 27
    },
    "2011-09-30": {
        "Diluted EPS": 0.06,
        "Total Revenue": 80,
        "Gross Profit": 69,
        "Operating Income": 9,
        "EBIT": 20,
        "Net Income": 7
    },
    "2011-06-30": {
        "Diluted EPS": 0.25,
        "Total Revenue": 115,
        "Gross Profit": 99,
        "Operating Income": 46,
        "EBIT": 57,
        "Net Income": 27
    },
    "2011-03-31": {
        "Diluted EPS": 0.16,
        "Total Revenue": 88,
        "Gross Profit": 80,
        "Operating Income": 19,
        "EBIT": 30,
        "Net Income": 17
    },
    "2010-12-31": {
        "Diluted EPS": 0.13,
        "Total Revenue": 88,
        "Gross Profit": 76,
        "Operating Income": 19,
        "EBIT": 30,
        "Net Income": 14
    },
    "2010-09-30": {
        "Diluted EPS": 0.13,
        "Total Revenue": 82,
        "Gross Profit": 73,
        "Operating Income": 18,
        "EBIT": 29,
        "Net Income": 13
    },
    "2010-06-30": {
        "Diluted EPS": 0.25,
        "Total Revenue": 103,
        "Gross Profit": 89,
        "Operating Income": 35,
        "EBIT": 44,
        "Net Income": 26
    },
    "2010-03-31": {
        "Diluted EPS": 0.12,
        "Total Revenue": 84,
        "Gross Profit": 73,
        "Operating Income": 20,
        "EBIT": 26,
        "Net Income": 13
    },
    "2009-12-31": {
        "Diluted EPS": 0.21,
        "Total Revenue": 97,
        "Gross Profit": 47,
        "Operating Income": -153,
        "EBIT": -143,
        "Net Income": 22
    },
    "2009-09-30": {
        "Diluted EPS": 0.12,
        "Total Revenue": 76,
        "Gross Profit": 65,
        "Operating Income": 16,
        "EBIT": 23,
        "Net Income": 13
    },
    "2009-06-30": {
        "Diluted EPS": 0.37,
        "Total Revenue": 120,
        "Gross Profit": 104,
        "Operating Income": 55,
        "EBIT": 63,
        "Net Income": 39
    },
    "2009-03-31": {
        "Diluted EPS": 0.19,
        "Total Revenue": 84,
        "Gross Profit": 75,
        "Operating Income": 28,
        "EBIT": 35,
        "Net Income": 20
    },
    "2023-09-30": {
        "Tax Effect Of Unusual Items": NaN,
        "Tax Rate For Calcs": NaN,
        "Normalized EBITDA": NaN,
        "Total Unusual Items": NaN,
        "Total Unusual Items Excluding Goodwill": NaN,
        "Net Income From Continuing Operation Net Minority Interest": NaN,
        "Reconciled Depreciation": NaN,
        "Reconciled Cost Of Revenue": NaN,
        "EBITDA": NaN,
        "EBIT": NaN,
        "Net Interest Income": NaN,
        "Interest Expense": NaN,
        "Interest Income": NaN,
        "Normalized Income": NaN,
        "Net Income From Continuing And Discontinued Operation": NaN,
        "Total Expenses": NaN,
        "Total Operating Income As Reported": NaN,
        "Diluted Average Shares": 183601601.0,
        "Basic Average Shares": 182148717.0,
        "Diluted EPS": 0.3,
        "Basic EPS": 0.3,
        "Diluted NI Availto Com Stockholders": NaN,
        "Net Income Common Stockholders": NaN,
        "Otherunder Preferred Stock Dividend": NaN,
        "Preferred Stock Dividends": NaN,
        "Net Income": NaN,
        "Minority Interests": NaN,
        "Net Income Including Noncontrolling Interests": NaN,
        "Net Income Continuous Operations": NaN,
        "Tax Provision": NaN,
        "Pretax Income": NaN,
        "Other Income Expense": NaN,
        "Other Non Operating Income Expenses": NaN,
        "Special Income Charges": NaN,
        "Gain On Sale Of Ppe": NaN,
        "Restructuring And Mergern Acquisition": NaN,
        "Gain On Sale Of Security": NaN,
        "Net Non Operating Interest Income Expense": NaN,
        "Interest Expense Non Operating": NaN,
        "Interest Income Non Operating": NaN,
        "Operating Income": NaN,
        "Operating Expense": NaN,
        "Depreciation Amortization Depletion Income Statement": NaN,
        "Depreciation And Amortization In Income Statement": NaN,
        "Amortization": 76200000.0,
        "Amortization Of Intangibles Income Statement": 76200000.0,
        "Depreciation Income Statement": 24900000.0,
        "Selling General And Administration": NaN,
        "Gross Profit": NaN,
        "Cost Of Revenue": NaN,
        "Total Revenue": NaN,
        "Operating Revenue": NaN
    },
    "2023-12-31": {
        "Tax Effect Of Unusual Items": -5345836.985101,
        "Tax Rate For Calcs": 0.262051,
        "Normalized EBITDA": 341000000.0,
        "Total Unusual Items": -20400000.0,
        "Total Unusual Items Excluding Goodwill": -20400000.0,
        "Net Income From Continuing Operation Net Minority Interest": 84300000.0,
        "Reconciled Depreciation": 142300000.0,
        "Reconciled Cost Of Revenue": 510300000.0,
        "EBITDA": 320600000.0,
        "EBIT": 178300000.0,
        "Net Interest Income": -58000000.0,
        "Interest Expense": 64200000.0,
        "Interest Income": 6200000.0,
        "Normalized Income": 99354163.014899,
        "Net Income From Continuing And Discontinued Operation": 84300000.0,
        "Total Expenses": 850100000.0,
        "Total Operating Income As Reported": 170800000.0,
        "Diluted Average Shares": 183895313.0,
        "Basic Average Shares": 182509436.0,
        "Diluted EPS": 0.41,
        "Basic EPS": 0.41,
        "Diluted NI Availto Com Stockholders": 75800000.0,
        "Net Income Common Stockholders": 75800000.0,
        "Otherunder Preferred Stock Dividend": 1800000.0,
        "Preferred Stock Dividends": 6700000.0,
        "Net Income": 84300000.0,
        "Minority Interests": -900000.0,
        "Net Income Including Noncontrolling Interests": 84200000.0,
        "Net Income Continuous Operations": 84200000.0,
        "Tax Provision": 29900000.0,
        "Pretax Income": 114100000.0,
        "Other Income Expense": -18700000.0,
        "Other Non Operating Income Expenses": 1700000.0,
        "Special Income Charges": -20000000.0,
        "Gain On Sale Of Ppe": 500000.0,
        "Restructuring And Mergern Acquisition": 20500000.0,
        "Gain On Sale Of Security": -400000.0,
        "Net Non Operating Interest Income Expense": -58000000.0,
        "Interest Expense Non Operating": 64200000.0,
        "Interest Income Non Operating": 6200000.0,
        "Operating Income": 190800000.0,
        "Operating Expense": 302800000.0,
        "Depreciation Amortization Depletion Income Statement": 105300000.0,
        "Depreciation And Amortization In Income Statement": 105300000.0,
        "Amortization": NaN,
        "Amortization Of Intangibles Income Statement": NaN,
        "Depreciation Income Statement": NaN,
        "Selling General And Administration": 197500000.0,
        "Gross Profit": 493600000.0,
        "Cost Of Revenue": 547300000.0,
        "Total Revenue": 1040900000.0,
        "Operating Revenue": 1040900000.0
    },
    "2024-03-31": {
        "Tax Effect Of Unusual Items": -2621600.0,
        "Tax Rate For Calcs": 0.232,
        "Normalized EBITDA": 360300000.0,
        "Total Unusual Items": -11300000.0,
        "Total Unusual Items Excluding Goodwill": -11300000.0,
        "Net Income From Continuing Operation Net Minority Interest": 107400000.0,
        "Reconciled Depreciation": 145200000.0,
        "Reconciled Cost Of Revenue": 512100000.0,
        "EBITDA": 349000000.0,
        "EBIT": 203800000.0,
        "Net Interest Income": -57300000.0,
        "Interest Expense": 63900000.0,
        "Interest Income": 6600000.0,
        "Normalized Income": 116078400.0,
        "Net Income From Continuing And Discontinued Operation": 107400000.0,
        "Total Expenses": 855400000.0,
        "Total Operating Income As Reported": 198900000.0,
        "Diluted Average Shares": 184581054.0,
        "Basic Average Shares": 183059321.0,
        "Diluted EPS": 0.53,
        "Basic EPS": 0.53,
        "Diluted NI Availto Com Stockholders": 97100000.0,
        "Net Income Common Stockholders": 97100000.0,
        "Otherunder Preferred Stock Dividend": 3600000.0,
        "Preferred Stock Dividends": 6700000.0,
        "Net Income": 107400000.0,
        "Minority Interests": 0.0,
        "Net Income Including Noncontrolling Interests": 107400000.0,
        "Net Income Continuous Operations": 107400000.0,
        "Tax Provision": 32500000.0,
        "Pretax Income": 139900000.0,
        "Other Income Expense": -12100000.0,
        "Other Non Operating Income Expenses": -800000.0,
        "Special Income Charges": -10400000.0,
        "Gain On Sale Of Ppe": 2400000.0,
        "Restructuring And Mergern Acquisition": 12800000.0,
        "Gain On Sale Of Security": -900000.0,
        "Net Non Operating Interest Income Expense": -57300000.0,
        "Interest Expense Non Operating": 63900000.0,
        "Interest Income Non Operating": 6600000.0,
        "Operating Income": 209300000.0,
        "Operating Expense": 305800000.0,
        "Depreciation Amortization Depletion Income Statement": 107700000.0,
        "Depreciation And Amortization In Income Statement": 107700000.0,
        "Amortization": 82800000.0,
        "Amortization Of Intangibles Income Statement": 82800000.0,
        "Depreciation Income Statement": 24900000.0,
        "Selling General And Administration": 198100000.0,
        "Gross Profit": 515100000.0,
        "Cost Of Revenue": 549600000.0,
        "Total Revenue": 1064700000.0,
        "Operating Revenue": 1064700000.0
    },
    "2024-06-30": {
        "Tax Effect Of Unusual Items": -1190400.0,
        "Tax Rate For Calcs": 0.248,
        "Normalized EBITDA": 360900000.0,
        "Total Unusual Items": -4800000.0,
        "Total Unusual Items Excluding Goodwill": -4800000.0,
        "Net Income From Continuing Operation Net Minority Interest": 111100000.0,
        "Reconciled Depreciation": 148600000.0,
        "Reconciled Cost Of Revenue": 533200000.0,
        "EBITDA": 356100000.0,
        "EBIT": 207500000.0,
        "Net Interest Income": -53100000.0,
        "Interest Expense": 59900000.0,
        "Interest Income": 6800000.0,
        "Normalized Income": 114709600.0,
        "Net Income From Continuing And Discontinued Operation": 111100000.0,
        "Total Expenses": 890400000.0,
        "Total Operating Income As Reported": 201900000.0,
        "Diluted Average Shares": 184912584.0,
        "Basic Average Shares": 183887145.0,
        "Diluted EPS": 0.54,
        "Basic EPS": 0.55,
        "Diluted NI Availto Com Stockholders": 100700000.0,
        "Net Income Common Stockholders": 100700000.0,
        "Otherunder Preferred Stock Dividend": 3700000.0,
        "Preferred Stock Dividends": 6700000.0,
        "Net Income": 111100000.0,
        "Minority Interests": -100000.0,
        "Net Income Including Noncontrolling Interests": 111000000.0,
        "Net Income Continuous Operations": 111000000.0,
        "Tax Provision": 36600000.0,
        "Pretax Income": 147600000.0,
        "Other Income Expense": -5000000.0,
        "Other Non Operating Income Expenses": -200000.0,
        "Special Income Charges": -3800000.0,
        "Gain On Sale Of Ppe": 300000.0,
        "Restructuring And Mergern Acquisition": 4100000.0,
        "Gain On Sale Of Security": -1000000.0,
        "Net Non Operating Interest Income Expense": -53100000.0,
        "Interest Expense Non Operating": 59900000.0,
        "Interest Income Non Operating": 6800000.0,
        "Operating Income": 205700000.0,
        "Operating Expense": 318900000.0,
        "Depreciation Amortization Depletion Income Statement": 110300000.0,
        "Depreciation And Amortization In Income Statement": 110300000.0,
        "Amortization": 85000000.0,
        "Amortization Of Intangibles Income Statement": 85000000.0,
        "Depreciation Income Statement": 25300000.0,
        "Selling General And Administration": 208600000.0,
        "Gross Profit": 524600000.0,
        "Cost Of Revenue": 571500000.0,
        "Total Revenue": 1096100000.0,
        "Operating Revenue": 1096100000.0
    },
    "2024-09-30": {
        "Tax Effect Of Unusual Items": -1331200.0,
        "Tax Rate For Calcs": 0.256,
        "Normalized EBITDA": 315400000.0,
        "Total Unusual Items": -5200000.0,
        "Total Unusual Items Excluding Goodwill": -5200000.0,
        "Net Income From Continuing Operation Net Minority Interest": 76100000.0,
        "Reconciled Depreciation": 150800000.0,
        "Reconciled Cost Of Revenue": 494300000.0,
        "EBITDA": 310200000.0,
        "EBIT": 159400000.0,
        "Net Interest Income": -50300000.0,
        "Interest Expense": 57200000.0,
        "Interest Income": 6900000.0,
        "Normalized Income": 79968800.0,
        "Net Income From Continuing And Discontinued Operation": 76100000.0,
        "Total Expenses": 822900000.0,
        "Total Operating Income As Reported": 153400000.0,
        "Diluted Average Shares": 185499988.0,
        "Basic Average Shares": 184304993.0,
        "Diluted EPS": 0.36,
        "Basic EPS": 0.36,
        "Diluted NI Availto Com Stockholders": 66900000.0,
        "Net Income Common Stockholders": 66900000.0,
        "Otherunder Preferred Stock Dividend": 2500000.0,
        "Preferred Stock Dividends": 6700000.0,
        "Net Income": 76100000.0,
        "Minority Interests": 100000.0,
        "Net Income Including Noncontrolling Interests": 76000000.0,
        "Net Income Continuous Operations": 76000000.0,
        "Tax Provision": 26200000.0,
        "Pretax Income": 102200000.0,
        "Other Income Expense": -6400000.0,
        "Other Non Operating Income Expenses": -1200000.0,
        "Special Income Charges": -5500000.0,
        "Gain On Sale Of Ppe": 500000.0,
        "Restructuring And Mergern Acquisition": 6000000.0,
        "Gain On Sale Of Security": 300000.0,
        "Net Non Operating Interest Income Expense": -50300000.0,
        "Interest Expense Non Operating": 57200000.0,
        "Interest Income Non Operating": 6900000.0,
        "Operating Income": 158900000.0,
        "Operating Expense": 289700000.0,
        "Depreciation Amortization Depletion Income Statement": 111900000.0,
        "Depreciation And Amortization In Income Statement": 111900000.0,
        "Amortization": 85700000.0,
        "Amortization Of Intangibles Income Statement": 85700000.0,
        "Depreciation Income Statement": 26200000.0,
        "Selling General And Administration": 177800000.0,
        "Gross Profit": 448600000.0,
        "Cost Of Revenue": 533200000.0,
        "Total Revenue": 981800000.0,
        "Operating Revenue": 981800000.0
    },
    "2024-12-31": {
        "Tax Effect Of Unusual Items": -1518703.241895,
        "Tax Rate For Calcs": 0.261845,
        "Normalized EBITDA": 373100000.0,
        "Total Unusual Items": -5800000.0,
        "Total Unusual Items Excluding Goodwill": -5800000.0,
        "Net Income From Continuing Operation Net Minority Interest": 118500000.0,
        "Reconciled Depreciation": 154200000.0,
        "Reconciled Cost Of Revenue": 585500000.0,
        "EBITDA": 367300000.0,
        "EBIT": 213100000.0,
        "Net Interest Income": -46800000.0,
        "Interest Expense": 52700000.0,
        "Interest Income": 5900000.0,
        "Normalized Income": 122781296.758105,
        "Net Income From Continuing And Discontinued Operation": 118500000.0,
        "Total Expenses": 929100000.0,
        "Total Operating Income As Reported": 207000000.0,
        "Diluted Average Shares": NaN,
        "Basic Average Shares": NaN,
        "Diluted EPS": NaN,
        "Basic EPS": NaN,
        "Diluted NI Availto Com Stockholders": 108000000.0,
        "Net Income Common Stockholders": 108000000.0,
        "Otherunder Preferred Stock Dividend": 3900000.0,
        "Preferred Stock Dividends": 6600000.0,
        "Net Income": 118500000.0,
        "Minority Interests": 100000.0,
        "Net Income Including Noncontrolling Interests": 118400000.0,
        "Net Income Continuous Operations": 118400000.0,
        "Tax Provision": 42000000.0,
        "Pretax Income": 160400000.0,
        "Other Income Expense": -5300000.0,
        "Other Non Operating Income Expenses": 500000.0,
        "Special Income Charges": -5500000.0,
        "Gain On Sale Of Ppe": 600000.0,
        "Restructuring And Mergern Acquisition": 6100000.0,
        "Gain On Sale Of Security": -300000.0,
        "Net Non Operating Interest Income Expense": -46800000.0,
        "Interest Expense Non Operating": 52700000.0,
        "Interest Income Non Operating": 5900000.0,
        "Operating Income": 212500000.0,
        "Operating Expense": 303900000.0,
        "Depreciation Amortization Depletion Income Statement": 114500000.0,
        "Depreciation And Amortization In Income Statement": 114500000.0,
        "Amortization": 87300000.0,
        "Amortization Of Intangibles Income Statement": 87300000.0,
        "Depreciation Income Statement": 27200000.0,
        "Selling General And Administration": 189400000.0,
        "Gross Profit": 516400000.0,
        "Cost Of Revenue": 625200000.0,
        "Total Revenue": 1141600000.0,
        "Operating Revenue": 1141600000.0
    }
}