{
    "2023-06-30": {
        "Tax Effect Of Unusual Items": NaN,
        "Tax Rate For Calcs": NaN,
        "Total Unusual Items": NaN,
        "Total Unusual Items Excluding Goodwill": NaN,
        "Net Income From Continuing Operation Net Minority Interest": NaN,
        "Reconciled Depreciation": NaN,
        "Net Interest Income": NaN,
        "Interest Expense": NaN,
        "Interest Income": NaN,
        "Normalized Income": NaN,
        "Net Income From Continuing And Discontinued Operation": NaN,
        "Diluted Average Shares": NaN,
        "Basic Average Shares": NaN,
        "Diluted EPS": NaN,
        "Basic EPS": NaN,
        "Diluted NI Availto Com Stockholders": NaN,
        "Net Income Common Stockholders": NaN,
        "Net Income": NaN,
        "Net Income Including Noncontrolling Interests": NaN,
        "Net Income Continuous Operations": NaN,
        "Tax Provision": NaN,
        "Pretax Income": NaN,
        "Special Income Charges": 0.0,
        "Other Special Charges": NaN,
        "Gain On Sale Of Security": NaN,
        "Selling General And Administration": NaN,
        "Selling And Marketing Expense": NaN,
        "General And Administrative Expense": NaN,
        "Insurance And Claims": NaN,
        "Salaries And Wages": NaN,
        "Total Revenue": NaN,
        "Operating Revenue": NaN,
        "Occupancy And Equipment": NaN,
        "Professional Expense And Contract Services Expense": NaN,
        "Other Non Interest Expense": NaN
    },
    "2023-03-31": {
        "Tax Effect Of Unusual Items": 0.0,
        "Tax Rate For Calcs": 0.294,
        "Total Unusual Items": 0.0,
        "Total Unusual Items Excluding Goodwill": 0.0,
        "Net Income From Continuing Operation Net Minority Interest": 10970000.0,
        "Reconciled Depreciation": 2393000.0,
        "Net Interest Income": 33836000.0,
        "Interest Expense": 19650000.0,
        "Interest Income": 53486000.0,
        "Normalized Income": 10970000.0,
        "Net Income From Continuing And Discontinued Operation": 10970000.0,
        "Diluted Average Shares": 19049685.0,
        "Basic Average Shares": 18985846.0,
        "Diluted EPS": 0.58,
        "Basic EPS": 0.58,
        "Diluted NI Availto Com Stockholders": 10970000.0,
        "Net Income Common Stockholders": 10970000.0,
        "Otherunder Preferred Stock Dividend": NaN,
        "Net Income": 10970000.0,
        "Net Income Including Noncontrolling Interests": 10970000.0,
        "Net Income Continuous Operations": 10970000.0,
        "Tax Provision": 4568000.0,
        "Pretax Income": 15538000.0,
        "Special Income Charges": NaN,
        "Other Special Charges": NaN,
        "Restructuring And Mergern Acquisition": NaN,
        "Gain On Sale Of Security": 0.0,
        "Selling General And Administration": 10905000.0,
        "Selling And Marketing Expense": 300000.0,
        "General And Administrative Expense": 10605000.0,
        "Insurance And Claims": 741000.0,
        "Salaries And Wages": 9864000.0,
        "Total Revenue": 36463000.0,
        "Operating Revenue": 36463000.0,
        "Occupancy And Equipment": 2398000.0,
        "Professional Expense And Contract Services Expense": 3013000.0,
        "Other Non Interest Expense": 2595000.0
    },
    "2022-12-31": {
        "Tax Effect Of Unusual Items": NaN,
        "Tax Rate For Calcs": NaN,
        "Total Unusual Items": NaN,
        "Total Unusual Items Excluding Goodwill": NaN,
        "Net Income From Continuing Operation Net Minority Interest": NaN,
        "Reconciled Depreciation": NaN,
        "Net Interest Income": NaN,
        "Interest Expense": NaN,
        "Interest Income": NaN,
        "Normalized Income": NaN,
        "Net Income From Continuing And Discontinued Operation": NaN,
        "Diluted Average Shares": NaN,
        "Basic Average Shares": NaN,
        "Diluted EPS": NaN,
        "Basic EPS": NaN,
        "Diluted NI Availto Com Stockholders": NaN,
        "Net Income Common Stockholders": NaN,
        "Otherunder Preferred Stock Dividend": 0.0,
        "Net Income": NaN,
        "Net Income Including Noncontrolling Interests": NaN,
        "Net Income Continuous Operations": NaN,
        "Tax Provision": NaN,
        "Pretax Income": NaN,
        "Special Income Charges": -1000.0,
        "Other Special Charges": 0.0,
        "Restructuring And Mergern Acquisition": 1000.0,
        "Gain On Sale Of Security": NaN,
        "Selling General And Administration": NaN,
        "Selling And Marketing Expense": NaN,
        "General And Administrative Expense": NaN,
        "Insurance And Claims": NaN,
        "Salaries And Wages": NaN,
        "Total Revenue": NaN,
        "Operating Revenue": NaN,
        "Occupancy And Equipment": NaN,
        "Professional Expense And Contract Services Expense": NaN,
        "Other Non Interest Expense": NaN
    },
    "2022-09-30": {
        "Tax Effect Of Unusual Items": NaN,
        "Tax Rate For Calcs": NaN,
        "Total Unusual Items": NaN,
        "Total Unusual Items Excluding Goodwill": NaN,
        "Net Income From Continuing Operation Net Minority Interest": NaN,
        "Reconciled Depreciation": NaN,
        "Net Interest Income": NaN,
        "Interest Expense": NaN,
        "Interest Income": NaN,
        "Normalized Income": NaN,
        "Net Income From Continuing And Discontinued Operation": NaN,
        "Diluted Average Shares": NaN,
        "Basic Average Shares": NaN,
        "Diluted EPS": NaN,
        "Basic EPS": NaN,
        "Diluted NI Availto Com Stockholders": NaN,
        "Net Income Common Stockholders": NaN,
        "Otherunder Preferred Stock Dividend": NaN,
        "Net Income": NaN,
        "Net Income Including Noncontrolling Interests": NaN,
        "Net Income Continuous Operations": NaN,
        "Tax Provision": NaN,
        "Pretax Income": NaN,
        "Special Income Charges": 0.0,
        "Other Special Charges": NaN,
        "Restructuring And Mergern Acquisition": 0.0,
        "Gain On Sale Of Security": NaN,
        "Selling General And Administration": NaN,
        "Selling And Marketing Expense": NaN,
        "General And Administrative Expense": NaN,
        "Other Gand A": 1688000.0,
        "Insurance And Claims": NaN,
        "Salaries And Wages": NaN,
        "Total Revenue": NaN,
        "Operating Revenue": NaN
    },
    "2022-06-30": {
        "Tax Effect Of Unusual Items": 217264.0,
        "Tax Rate For Calcs": 0.296,
        "Total Unusual Items": 734000.0,
        "Total Unusual Items Excluding Goodwill": 734000.0,
        "Net Income From Continuing Operation Net Minority Interest": 15477000.0,
        "Reconciled Depreciation": 3187000.0,
        "Net Interest Income": 36868000.0,
        "Interest Expense": 5248000.0,
        "Interest Income": 42116000.0,
        "Normalized Income": 14960264.0,
        "Net Income From Continuing And Discontinued Operation": 15477000.0,
        "Diluted Average Shares": 19324253.0,
        "Basic Average Shares": 19066621.0,
        "Diluted EPS": 0.8,
        "Basic EPS": 0.81,
        "Diluted NI Availto Com Stockholders": 15477000.0,
        "Net Income Common Stockholders": 15477000.0,
        "Otherunder Preferred Stock Dividend": 3000.0,
        "Net Income": 15477000.0,
        "Net Income Including Noncontrolling Interests": 15477000.0,
        "Net Income Continuous Operations": 15477000.0,
        "Tax Provision": 6508000.0,
        "Pretax Income": 21985000.0,
        "Special Income Charges": 734000.0,
        "Other Special Charges": -757000.0,
        "Restructuring And Mergern Acquisition": 23000.0,
        "Gain On Sale Of Security": 39000.0,
        "Selling General And Administration": 12535000.0,
        "Selling And Marketing Expense": 501000.0,
        "General And Administrative Expense": 12034000.0,
        "Other Gand A": 1651000.0,
        "Insurance And Claims": 755000.0,
        "Salaries And Wages": 9628000.0,
        "Total Revenue": 39657000.0,
        "Operating Revenue": 39657000.0
    },
    "2022-03-31": {
        "Diluted EPS": 0.74,
        "Total Revenue": 43,
        "Gross Profit": 37,
        "Operating Income": 21,
        "EBIT": NaN,
        "Net Income": 15
    },
    "2021-12-31": {
        "Diluted EPS": 0.79,
        "Total Revenue": 42,
        "Gross Profit": 36,
        "Operating Income": 22,
        "EBIT": NaN,
        "Net Income": 16
    },
    "2021-09-30": {
        "Diluted EPS": 0.77,
        "Total Revenue": 43,
        "Gross Profit": 37,
        "Operating Income": 22,
        "EBIT": NaN,
        "Net Income": 15
    },
    "2021-06-30": {
        "Diluted EPS": 0.67,
        "Total Revenue": 40,
        "Gross Profit": 34,
        "Operating Income": 19,
        "EBIT": NaN,
        "Net Income": 13
    },
    "2021-03-31": {
        "Diluted EPS": 0.63,
        "Total Revenue": 41,
        "Gross Profit": 35,
        "Operating Income": 18,
        "EBIT": NaN,
        "Net Income": 12
    },
    "2020-12-31": {
        "Diluted EPS": 0.56,
        "Total Revenue": 40,
        "Gross Profit": 33,
        "Operating Income": 16,
        "EBIT": NaN,
        "Net Income": 11
    },
    "2020-09-30": {
        "Diluted EPS": 0.43,
        "Total Revenue": 38,
        "Gross Profit": 30,
        "Operating Income": 12,
        "EBIT": NaN,
        "Net Income": 9
    },
    "2020-06-30": {
        "Diluted EPS": 0.33,
        "Total Revenue": 36,
        "Gross Profit": 27,
        "Operating Income": 10,
        "EBIT": NaN,
        "Net Income": 7
    },
    "2020-03-31": {
        "Diluted EPS": 0.33,
        "Total Revenue": 39,
        "Gross Profit": 28,
        "Operating Income": 10,
        "EBIT": NaN,
        "Net Income": 7
    },
    "2019-12-31": {
        "Diluted EPS": 0.52,
        "Total Revenue": 40,
        "Gross Profit": 29,
        "Operating Income": 15,
        "EBIT": NaN,
        "Net Income": 11
    },
    "2019-09-30": {
        "Diluted EPS": 0.39,
        "Total Revenue": 37,
        "Gross Profit": 26,
        "Operating Income": 12,
        "EBIT": NaN,
        "Net Income": 8
    },
    "2019-06-30": {
        "Diluted EPS": 0.5,
        "Total Revenue": 41,
        "Gross Profit": 30,
        "Operating Income": 15,
        "EBIT": NaN,
        "Net Income": 10
    },
    "2019-03-31": {
        "Diluted EPS": 0.51,
        "Total Revenue": 41,
        "Gross Profit": 30,
        "Operating Income": 14,
        "EBIT": NaN,
        "Net Income": 10
    },
    "2018-12-31": {
        "Diluted EPS": 0.47,
        "Total Revenue": 41,
        "Gross Profit": 31,
        "Operating Income": 15,
        "EBIT": NaN,
        "Net Income": 9
    },
    "2018-09-30": {
        "Diluted EPS": 0.48,
        "Total Revenue": 27,
        "Gross Profit": 21,
        "Operating Income": 11,
        "EBIT": NaN,
        "Net Income": 8
    },
    "2018-06-30": {
        "Diluted EPS": 0.54,
        "Total Revenue": 25,
        "Gross Profit": 21,
        "Operating Income": 12,
        "EBIT": NaN,
        "Net Income": 9
    },
    "2018-03-31": {
        "Diluted EPS": 0.52,
        "Total Revenue": 23,
        "Gross Profit": 19,
        "Operating Income": 10,
        "EBIT": NaN,
        "Net Income": 9
    },
    "2017-12-31": {
        "Diluted EPS": 0.24,
        "Total Revenue": 25,
        "Gross Profit": 22,
        "Operating Income": 12,
        "EBIT": NaN,
        "Net Income": 5
    },
    "2017-09-30": {
        "Diluted EPS": 0.42,
        "Total Revenue": 22,
        "Gross Profit": 19,
        "Operating Income": 11,
        "EBIT": NaN,
        "Net Income": 7
    },
    "2017-06-30": {
        "Diluted EPS": 0.62,
        "Total Revenue": 21,
        "Gross Profit": 17,
        "Operating Income": 14,
        "EBIT": NaN,
        "Net Income": 9
    },
    "2017-03-31": {
        "Diluted EPS": 0.4,
        "Total Revenue": 19,
        "Gross Profit": 16,
        "Operating Income": 9,
        "EBIT": NaN,
        "Net Income": 5
    },
    "2016-12-31": {
        "Diluted EPS": 0.0,
        "Total Revenue": NaN,
        "Gross Profit": NaN,
        "Operating Income": NaN,
        "EBIT": NaN,
        "Net Income": NaN
    },
    "2016-09-30": {
        "Diluted EPS": 0.42,
        "Total Revenue": 21,
        "Gross Profit": 18,
        "Operating Income": 10,
        "EBIT": NaN,
        "Net Income": 6
    },
    "2016-06-30": {
        "Diluted EPS": 0.38,
        "Total Revenue": 21,
        "Gross Profit": 18,
        "Operating Income": 9,
        "EBIT": NaN,
        "Net Income": 5
    },
    "2015-12-31": {
        "Diluted EPS": 0.0,
        "Total Revenue": NaN,
        "Gross Profit": NaN,
        "Operating Income": NaN,
        "EBIT": NaN,
        "Net Income": NaN
    },
    "2014-12-31": {
        "Diluted EPS": 0.0,
        "Total Revenue": NaN,
        "Gross Profit": NaN,
        "Operating Income": NaN,
        "EBIT": NaN,
        "Net Income": NaN
    },
    "2023-09-30": {
        "Tax Effect Of Unusual Items": NaN,
        "Tax Rate For Calcs": NaN,
        "Total Unusual Items": NaN,
        "Total Unusual Items Excluding Goodwill": NaN,
        "Net Income From Continuing Operation Net Minority Interest": NaN,
        "Reconciled Depreciation": NaN,
        "Net Interest Income": NaN,
        "Interest Expense": NaN,
        "Interest Income": NaN,
        "Normalized Income": NaN,
        "Net Income From Continuing And Discontinued Operation": NaN,
        "Diluted Average Shares": NaN,
        "Basic Average Shares": NaN,
        "Diluted EPS": NaN,
        "Basic EPS": NaN,
        "Diluted NI Availto Com Stockholders": NaN,
        "Net Income Common Stockholders": NaN,
        "Net Income": NaN,
        "Net Income Including Noncontrolling Interests": NaN,
        "Net Income Continuous Operations": NaN,
        "Tax Provision": NaN,
        "Pretax Income": NaN,
        "Special Income Charges": 32000.0,
        "Other Special Charges": -32000.0,
        "Gain On Sale Of Security": NaN,
        "Selling General And Administration": NaN,
        "Selling And Marketing Expense": NaN,
        "General And Administrative Expense": NaN,
        "Insurance And Claims": NaN,
        "Salaries And Wages": NaN,
        "Total Revenue": NaN,
        "Operating Revenue": NaN,
        "Occupancy And Equipment": NaN,
        "Professional Expense And Contract Services Expense": NaN,
        "Other Non Interest Expense": NaN
    },
    "2023-12-31": {
        "Tax Effect Of Unusual Items": NaN,
        "Tax Rate For Calcs": NaN,
        "Total Unusual Items": NaN,
        "Total Unusual Items Excluding Goodwill": NaN,
        "Net Income From Continuing Operation Net Minority Interest": NaN,
        "Reconciled Depreciation": NaN,
        "Net Interest Income": NaN,
        "Interest Expense": NaN,
        "Interest Income": NaN,
        "Normalized Income": NaN,
        "Net Income From Continuing And Discontinued Operation": NaN,
        "Diluted Average Shares": NaN,
        "Basic Average Shares": NaN,
        "Diluted EPS": NaN,
        "Basic EPS": NaN,
        "Diluted NI Availto Com Stockholders": NaN,
        "Net Income Common Stockholders": NaN,
        "Net Income": NaN,
        "Net Income Including Noncontrolling Interests": NaN,
        "Net Income Continuous Operations": NaN,
        "Tax Provision": NaN,
        "Pretax Income": NaN,
        "Special Income Charges": 0.0,
        "Other Special Charges": 0.0,
        "Gain On Sale Of Security": NaN,
        "Selling General And Administration": NaN,
        "Selling And Marketing Expense": NaN,
        "General And Administrative Expense": NaN,
        "Insurance And Claims": NaN,
        "Salaries And Wages": NaN,
        "Total Revenue": NaN,
        "Operating Revenue": NaN,
        "Occupancy And Equipment": NaN,
        "Professional Expense And Contract Services Expense": NaN,
        "Other Non Interest Expense": NaN
    },
    "2024-03-31": {
        "Tax Effect Of Unusual Items": 208512.0,
        "Tax Rate For Calcs": 0.288,
        "Total Unusual Items": 724000.0,
        "Total Unusual Items Excluding Goodwill": 724000.0,
        "Net Income From Continuing Operation Net Minority Interest": 8036000.0,
        "Reconciled Depreciation": 2327000.0,
        "Net Interest Income": 24546000.0,
        "Interest Expense": 29918000.0,
        "Interest Income": 54464000.0,
        "Normalized Income": 7520512.0,
        "Net Income From Continuing And Discontinued Operation": 8036000.0,
        "Diluted Average Shares": 18666683.0,
        "Basic Average Shares": 18601277.0,
        "Diluted EPS": 0.43,
        "Basic EPS": 0.43,
        "Diluted NI Availto Com Stockholders": 8036000.0,
        "Net Income Common Stockholders": 8036000.0,
        "Net Income": 8036000.0,
        "Net Income Including Noncontrolling Interests": 8036000.0,
        "Net Income Continuous Operations": 8036000.0,
        "Tax Provision": 3244000.0,
        "Pretax Income": 11280000.0,
        "Special Income Charges": NaN,
        "Other Special Charges": NaN,
        "Gain On Sale Of Security": 0.0,
        "Selling General And Administration": 11282000.0,
        "Selling And Marketing Expense": 172000.0,
        "General And Administrative Expense": 11110000.0,
        "Insurance And Claims": 1183000.0,
        "Salaries And Wages": 9927000.0,
        "Total Revenue": 28249000.0,
        "Operating Revenue": 28249000.0,
        "Occupancy And Equipment": 2443000.0,
        "Professional Expense And Contract Services Expense": 880000.0,
        "Other Non Interest Expense": 2364000.0
    },
    "2024-06-30": {
        "Tax Effect Of Unusual Items": 75628.0,
        "Tax Rate For Calcs": 0.259,
        "Total Unusual Items": 292000.0,
        "Total Unusual Items Excluding Goodwill": 292000.0,
        "Net Income From Continuing Operation Net Minority Interest": 7245000.0,
        "Reconciled Depreciation": 2291000.0,
        "Net Interest Income": 23638000.0,
        "Interest Expense": 28921000.0,
        "Interest Income": 52559000.0,
        "Normalized Income": 7028628.0,
        "Net Income From Continuing And Discontinued Operation": 7245000.0,
        "Diluted Average Shares": NaN,
        "Basic Average Shares": NaN,
        "Diluted EPS": NaN,
        "Basic EPS": NaN,
        "Diluted NI Availto Com Stockholders": 7245000.0,
        "Net Income Common Stockholders": 7245000.0,
        "Net Income": 7245000.0,
        "Net Income Including Noncontrolling Interests": 7245000.0,
        "Net Income Continuous Operations": 7245000.0,
        "Tax Provision": 2527000.0,
        "Pretax Income": 9772000.0,
        "Gain On Sale Of Security": 0.0,
        "Selling General And Administration": 10904000.0,
        "Selling And Marketing Expense": 189000.0,
        "General And Administrative Expense": 10715000.0,
        "Insurance And Claims": 1182000.0,
        "Salaries And Wages": 9533000.0,
        "Total Revenue": 27453000.0,
        "Operating Revenue": 27453000.0,
        "Occupancy And Equipment": 2439000.0,
        "Professional Expense And Contract Services Expense": 1260000.0,
        "Other Non Interest Expense": 2521000.0
    },
    "2024-09-30": {
        "Tax Effect Of Unusual Items": 0.0,
        "Tax Rate For Calcs": 0.269,
        "Total Unusual Items": 0.0,
        "Total Unusual Items Excluding Goodwill": 0.0,
        "Net Income From Continuing Operation Net Minority Interest": 6999000.0,
        "Reconciled Depreciation": 2290000.0,
        "Net Interest Income": 24219000.0,
        "Interest Expense": 29880000.0,
        "Interest Income": 54099000.0,
        "Normalized Income": 6999000.0,
        "Net Income From Continuing And Discontinued Operation": 6999000.0,
        "Diluted Average Shares": 17885359.0,
        "Basic Average Shares": 17812791.0,
        "Diluted EPS": 0.39,
        "Basic EPS": 0.39,
        "Diluted NI Availto Com Stockholders": 6999000.0,
        "Net Income Common Stockholders": 6999000.0,
        "Net Income": 6999000.0,
        "Net Income Including Noncontrolling Interests": 6999000.0,
        "Net Income Continuous Operations": 6999000.0,
        "Tax Provision": 2571000.0,
        "Pretax Income": 9570000.0,
        "Gain On Sale Of Security": 0.0,
        "Selling General And Administration": 11118000.0,
        "Selling And Marketing Expense": 252000.0,
        "General And Administrative Expense": 10866000.0,
        "Insurance And Claims": 858000.0,
        "Salaries And Wages": 10008000.0,
        "Total Revenue": 30291000.0,
        "Operating Revenue": 30291000.0,
        "Occupancy And Equipment": 2518000.0,
        "Professional Expense And Contract Services Expense": 958000.0,
        "Other Non Interest Expense": 2827000.0
    },
    "2024-12-31": {
        "Tax Effect Of Unusual Items": 0.0,
        "Tax Rate For Calcs": 0.132885,
        "Total Unusual Items": 0.0,
        "Total Unusual Items Excluding Goodwill": 0.0,
        "Net Income From Continuing Operation Net Minority Interest": 4385000.0,
        "Reconciled Depreciation": 2343000.0,
        "Net Interest Income": 25647000.0,
        "Interest Expense": 28578000.0,
        "Interest Income": 54225000.0,
        "Normalized Income": 4385000.0,
        "Net Income From Continuing And Discontinued Operation": 4385000.0,
        "Diluted Average Shares": 17796840.0,
        "Basic Average Shares": 17704992.0,
        "Diluted EPS": 0.25,
        "Basic EPS": 0.25,
        "Diluted NI Availto Com Stockholders": 4385000.0,
        "Net Income Common Stockholders": 4385000.0,
        "Net Income": 4385000.0,
        "Net Income Including Noncontrolling Interests": 4385000.0,
        "Net Income Continuous Operations": 4385000.0,
        "Tax Provision": 672000.0,
        "Pretax Income": 5057000.0,
        "Gain On Sale Of Security": 0.0,
        "Selling General And Administration": 11037000.0,
        "Selling And Marketing Expense": 251000.0,
        "General And Administrative Expense": 10786000.0,
        "Insurance And Claims": 859000.0,
        "Salaries And Wages": 9927000.0,
        "Total Revenue": 28706000.0,
        "Operating Revenue": 28706000.0,
        "Occupancy And Equipment": 2403000.0,
        "Professional Expense And Contract Services Expense": 1355000.0,
        "Other Non Interest Expense": 2854000.0
    },
    "2025-03-31": {
        "Tax Effect Of Unusual Items": 0.0,
        "Tax Rate For Calcs": 0.282,
        "Total Unusual Items": 0.0,
        "Total Unusual Items Excluding Goodwill": 0.0,
        "Net Income From Continuing Operation Net Minority Interest": 2290000.0,
        "Reconciled Depreciation": 2204000.0,
        "Net Interest Income": 25833000.0,
        "Interest Expense": 26173000.0,
        "Interest Income": 52006000.0,
        "Normalized Income": 2290000.0,
        "Net Income From Continuing And Discontinued Operation": 2290000.0,
        "Diluted Average Shares": 17770588.0,
        "Basic Average Shares": 17727712.0,
        "Diluted EPS": 0.13,
        "Basic EPS": 0.13,
        "Diluted NI Availto Com Stockholders": 2290000.0,
        "Net Income Common Stockholders": 2290000.0,
        "Net Income": 2290000.0,
        "Net Income Including Noncontrolling Interests": 2290000.0,
        "Net Income Continuous Operations": 2290000.0,
        "Tax Provision": 900000.0,
        "Pretax Income": 3190000.0,
        "Gain On Sale Of Security": 0.0,
        "Selling General And Administration": 11742000.0,
        "Selling And Marketing Expense": 197000.0,
        "General And Administrative Expense": 11545000.0,
        "Insurance And Claims": 902000.0,
        "Salaries And Wages": 10643000.0,
        "Total Revenue": 28458000.0,
        "Operating Revenue": 28458000.0,
        "Occupancy And Equipment": 2407000.0,
        "Professional Expense And Contract Services Expense": 1515000.0,
        "Other Non Interest Expense": 2858000.0
    },
    "2025-06-30": {
        "Tax Effect Of Unusual Items": 0.0,
        "Tax Rate For Calcs": 0.278,
        "Total Unusual Items": 0.0,
        "Total Unusual Items Excluding Goodwill": 0.0,
        "Net Income From Continuing Operation Net Minority Interest": 9333000.0,
        "Reconciled Depreciation": 2233000.0,
        "Net Interest Income": 27010000.0,
        "Interest Expense": 26871000.0,
        "Interest Income": 53881000.0,
        "Normalized Income": 9333000.0,
        "Net Income From Continuing And Discontinued Operation": 9333000.0,
        "Diluted Average Shares": 17797735.0,
        "Basic Average Shares": 17746607.0,
        "Diluted EPS": 0.52,
        "Basic EPS": 0.53,
        "Diluted NI Availto Com Stockholders": 9333000.0,
        "Net Income Common Stockholders": 9333000.0,
        "Net Income": 9333000.0,
        "Net Income Including Noncontrolling Interests": 9333000.0,
        "Net Income Continuous Operations": 9333000.0,
        "Tax Provision": 3599000.0,
        "Pretax Income": 12932000.0,
        "Gain On Sale Of Security": 0.0,
        "Selling General And Administration": 12173000.0,
        "Selling And Marketing Expense": 212000.0,
        "General And Administrative Expense": 11961000.0,
        "Insurance And Claims": 881000.0,
        "Salaries And Wages": 11080000.0,
        "Total Revenue": 35812000.0,
        "Operating Revenue": 35812000.0,
        "Occupancy And Equipment": 2377000.0,
        "Professional Expense And Contract Services Expense": 2904000.0,
        "Other Non Interest Expense": 3039000.0
    },
    "2025-09-30": {
        "Tax Effect Of Unusual Items": NaN,
        "Tax Rate For Calcs": NaN,
        "Total Unusual Items": NaN,
        "Total Unusual Items Excluding Goodwill": NaN,
        "Net Income From Continuing Operation Net Minority Interest": NaN,
        "Reconciled Depreciation": NaN,
        "Net Interest Income": NaN,
        "Interest Expense": NaN,
        "Interest Income": NaN,
        "Normalized Income": NaN,
        "Net Income From Continuing And Discontinued Operation": NaN,
        "Diluted Average Shares": 17301627.0,
        "Basic Average Shares": 17225702.0,
        "Diluted EPS": 0.59,
        "Basic EPS": 0.59,
        "Diluted NI Availto Com Stockholders": NaN,
        "Net Income Common Stockholders": NaN,
        "Net Income": NaN,
        "Net Income Including Noncontrolling Interests": NaN,
        "Net Income Continuous Operations": NaN,
        "Tax Provision": NaN,
        "Pretax Income": NaN,
        "Gain On Sale Of Security": NaN,
        "Selling General And Administration": NaN,
        "Selling And Marketing Expense": NaN,
        "General And Administrative Expense": NaN,
        "Insurance And Claims": NaN,
        "Salaries And Wages": NaN,
        "Total Revenue": NaN,
        "Operating Revenue": NaN,
        "Occupancy And Equipment": NaN,
        "Professional Expense And Contract Services Expense": NaN,
        "Other Non Interest Expense": NaN
    }
}