{
    "2023-06-30": {
        "Tax Effect Of Unusual Items": -36842.613551,
        "Tax Rate For Calcs": 0.205825,
        "Total Unusual Items": -179000.0,
        "Total Unusual Items Excluding Goodwill": -179000.0,
        "Net Income From Continuing Operation Net Minority Interest": 21052000.0,
        "Reconciled Depreciation": 3743000.0,
        "Net Interest Income": 64529000.0,
        "Interest Expense": 14525000.0,
        "Interest Income": 79054000.0,
        "Normalized Income": 21194157.386449,
        "Net Income From Continuing And Discontinued Operation": 21052000.0,
        "Diluted Average Shares": 19906000.0,
        "Basic Average Shares": 19884000.0,
        "Diluted EPS": 1.07,
        "Basic EPS": 1.07,
        "Diluted NI Availto Com Stockholders": 21052000.0,
        "Net Income Common Stockholders": 21052000.0,
        "Net Income": 21052000.0,
        "Net Income Including Noncontrolling Interests": 21052000.0,
        "Net Income Continuous Operations": 21052000.0,
        "Tax Provision": 5456000.0,
        "Pretax Income": 26508000.0,
        "Special Income Charges": -127000.0,
        "Restructuring And Mergern Acquisition": 127000.0,
        "Selling General And Administration": 34001000.0,
        "Selling And Marketing Expense": 2513000.0,
        "General And Administrative Expense": 31488000.0,
        "Insurance And Claims": 724000.0,
        "Salaries And Wages": 30764000.0,
        "Total Revenue": 82830000.0,
        "Operating Revenue": 82830000.0,
        "Occupancy And Equipment": 10511000.0,
        "Professional Expense And Contract Services Expense": 829000.0,
        "Other Non Interest Expense": 4715000.0
    },
    "2023-03-31": {
        "Tax Effect Of Unusual Items": -472248.213989,
        "Tax Rate For Calcs": 0.22213,
        "Total Unusual Items": -2126000.0,
        "Total Unusual Items Excluding Goodwill": -2126000.0,
        "Net Income From Continuing Operation Net Minority Interest": 28092000.0,
        "Reconciled Depreciation": 3628000.0,
        "Net Interest Income": 92642000.0,
        "Interest Expense": 7714000.0,
        "Interest Income": 100356000.0,
        "Normalized Income": 29745751.786011,
        "Net Income From Continuing And Discontinued Operation": 28092000.0,
        "Diluted Average Shares": 19990000.0,
        "Basic Average Shares": 19935000.0,
        "Diluted EPS": 1.42,
        "Basic EPS": 1.42,
        "Diluted NI Availto Com Stockholders": 28092000.0,
        "Net Income Common Stockholders": 28092000.0,
        "Net Income": 28092000.0,
        "Net Income Including Noncontrolling Interests": 28092000.0,
        "Net Income Continuous Operations": 28092000.0,
        "Tax Provision": 8022000.0,
        "Pretax Income": 36114000.0,
        "Special Income Charges": -2073000.0,
        "Other Special Charges": NaN,
        "Restructuring And Mergern Acquisition": 2073000.0,
        "Selling General And Administration": 32172000.0,
        "Selling And Marketing Expense": 1574000.0,
        "General And Administrative Expense": 30598000.0,
        "Insurance And Claims": 637000.0,
        "Salaries And Wages": 29961000.0,
        "Total Revenue": 113824000.0,
        "Operating Revenue": 113824000.0,
        "Occupancy And Equipment": 10634000.0,
        "Professional Expense And Contract Services Expense": 1061000.0,
        "Other Non Interest Expense": 5004000.0
    },
    "2022-12-31": {
        "Tax Effect Of Unusual Items": NaN,
        "Tax Rate For Calcs": NaN,
        "Total Unusual Items": NaN,
        "Total Unusual Items Excluding Goodwill": NaN,
        "Net Income From Continuing Operation Net Minority Interest": NaN,
        "Reconciled Depreciation": NaN,
        "Net Interest Income": NaN,
        "Interest Expense": NaN,
        "Interest Income": NaN,
        "Normalized Income": NaN,
        "Net Income From Continuing And Discontinued Operation": NaN,
        "Diluted Average Shares": NaN,
        "Basic Average Shares": NaN,
        "Diluted EPS": NaN,
        "Basic EPS": NaN,
        "Diluted NI Availto Com Stockholders": NaN,
        "Net Income Common Stockholders": NaN,
        "Net Income": NaN,
        "Net Income Including Noncontrolling Interests": NaN,
        "Net Income Continuous Operations": NaN,
        "Tax Provision": NaN,
        "Pretax Income": NaN,
        "Special Income Charges": NaN,
        "Other Special Charges": 0.0,
        "Restructuring And Mergern Acquisition": NaN,
        "Selling General And Administration": NaN,
        "Selling And Marketing Expense": NaN,
        "General And Administrative Expense": NaN,
        "Insurance And Claims": NaN,
        "Salaries And Wages": NaN,
        "Total Revenue": NaN,
        "Operating Revenue": NaN,
        "Occupancy And Equipment": NaN,
        "Professional Expense And Contract Services Expense": NaN,
        "Other Non Interest Expense": NaN
    },
    "2022-09-30": {
        "Tax Effect Of Unusual Items": NaN,
        "Tax Rate For Calcs": NaN,
        "Total Unusual Items": NaN,
        "Total Unusual Items Excluding Goodwill": NaN,
        "Net Income From Continuing Operation Net Minority Interest": NaN,
        "Reconciled Depreciation": NaN,
        "Net Interest Income": NaN,
        "Interest Expense": NaN,
        "Interest Income": NaN,
        "Normalized Income": NaN,
        "Net Income From Continuing And Discontinued Operation": NaN,
        "Diluted Average Shares": NaN,
        "Basic Average Shares": NaN,
        "Diluted EPS": NaN,
        "Basic EPS": NaN,
        "Diluted NI Availto Com Stockholders": NaN,
        "Net Income Common Stockholders": NaN,
        "Net Income": NaN,
        "Net Income Including Noncontrolling Interests": NaN,
        "Net Income Continuous Operations": NaN,
        "Tax Provision": NaN,
        "Pretax Income": NaN,
        "Special Income Charges": NaN,
        "Other Special Charges": NaN,
        "Restructuring And Mergern Acquisition": NaN,
        "Selling General And Administration": NaN,
        "Selling And Marketing Expense": NaN,
        "General And Administrative Expense": NaN,
        "Other Gand A": 7235000.0,
        "Insurance And Claims": NaN,
        "Salaries And Wages": NaN,
        "Total Revenue": NaN,
        "Operating Revenue": NaN
    },
    "2022-06-30": {
        "Tax Effect Of Unusual Items": 2781437.976347,
        "Tax Rate For Calcs": 0.214816,
        "Total Unusual Items": 12948000.0,
        "Total Unusual Items Excluding Goodwill": 12948000.0,
        "Net Income From Continuing Operation Net Minority Interest": 23901000.0,
        "Reconciled Depreciation": 2571000.0,
        "Net Interest Income": 51232000.0,
        "Interest Expense": 1088000.0,
        "Interest Income": 52320000.0,
        "Normalized Income": 13734437.976347,
        "Net Income From Continuing And Discontinued Operation": 23901000.0,
        "Diluted Average Shares": 20169000.0,
        "Basic Average Shares": 20107000.0,
        "Diluted EPS": 1.22,
        "Basic EPS": 1.23,
        "Diluted NI Availto Com Stockholders": 23901000.0,
        "Net Income Common Stockholders": 23901000.0,
        "Net Income": 23901000.0,
        "Net Income Including Noncontrolling Interests": 23901000.0,
        "Net Income Continuous Operations": 23901000.0,
        "Tax Provision": 6539000.0,
        "Pretax Income": 30440000.0,
        "Special Income Charges": 13000000.0,
        "Other Special Charges": -13000000.0,
        "Restructuring And Mergern Acquisition": NaN,
        "Selling General And Administration": 38244000.0,
        "Selling And Marketing Expense": 1720000.0,
        "General And Administrative Expense": 36524000.0,
        "Other Gand A": 7229000.0,
        "Insurance And Claims": 399000.0,
        "Salaries And Wages": 28896000.0,
        "Total Revenue": 67534000.0,
        "Operating Revenue": 67534000.0
    },
    "2022-03-31": {
        "Diluted EPS": 1.4,
        "Total Revenue": 95,
        "Gross Profit": 94,
        "Operating Income": 36,
        "EBIT": NaN,
        "Net Income": 28
    },
    "2021-12-31": {
        "Diluted EPS": 0.87,
        "Total Revenue": 70,
        "Gross Profit": 69,
        "Operating Income": 21,
        "EBIT": NaN,
        "Net Income": 18
    },
    "2021-09-30": {
        "Diluted EPS": 0.97,
        "Total Revenue": 73,
        "Gross Profit": 72,
        "Operating Income": 26,
        "EBIT": NaN,
        "Net Income": 20
    },
    "2021-06-30": {
        "Diluted EPS": 1.14,
        "Total Revenue": 73,
        "Gross Profit": 72,
        "Operating Income": 31,
        "EBIT": NaN,
        "Net Income": 24
    },
    "2021-03-31": {
        "Diluted EPS": 1.24,
        "Total Revenue": 99,
        "Gross Profit": 97,
        "Operating Income": 34,
        "EBIT": NaN,
        "Net Income": 26
    },
    "2020-12-31": {
        "Diluted EPS": 0.96,
        "Total Revenue": 80,
        "Gross Profit": 77,
        "Operating Income": 25,
        "EBIT": NaN,
        "Net Income": 20
    },
    "2020-09-30": {
        "Diluted EPS": 0.97,
        "Total Revenue": 75,
        "Gross Profit": 71,
        "Operating Income": 22,
        "EBIT": NaN,
        "Net Income": 20
    },
    "2020-06-30": {
        "Diluted EPS": 0.75,
        "Total Revenue": 73,
        "Gross Profit": 67,
        "Operating Income": 22,
        "EBIT": NaN,
        "Net Income": 16
    },
    "2020-03-31": {
        "Diluted EPS": 1.27,
        "Total Revenue": 112,
        "Gross Profit": 103,
        "Operating Income": 34,
        "EBIT": NaN,
        "Net Income": 27
    },
    "2019-12-31": {
        "Diluted EPS": 1.22,
        "Total Revenue": 84,
        "Gross Profit": 74,
        "Operating Income": 32,
        "EBIT": NaN,
        "Net Income": 26
    },
    "2019-09-30": {
        "Diluted EPS": 0.87,
        "Total Revenue": 81,
        "Gross Profit": 68,
        "Operating Income": 23,
        "EBIT": NaN,
        "Net Income": 18
    },
    "2019-06-30": {
        "Diluted EPS": 0.85,
        "Total Revenue": 81,
        "Gross Profit": 69,
        "Operating Income": 21,
        "EBIT": NaN,
        "Net Income": 18
    },
    "2019-03-31": {
        "Diluted EPS": 1.4,
        "Total Revenue": 110,
        "Gross Profit": 100,
        "Operating Income": 37,
        "EBIT": NaN,
        "Net Income": 30
    },
    "2018-12-31": {
        "Diluted EPS": 0.84,
        "Total Revenue": 73,
        "Gross Profit": 64,
        "Operating Income": 20,
        "EBIT": NaN,
        "Net Income": 17
    },
    "2018-09-30": {
        "Diluted EPS": 0.82,
        "Total Revenue": 73,
        "Gross Profit": 64,
        "Operating Income": 19,
        "EBIT": NaN,
        "Net Income": 17
    },
    "2018-06-30": {
        "Diluted EPS": 0.73,
        "Total Revenue": 73,
        "Gross Profit": 65,
        "Operating Income": 20,
        "EBIT": NaN,
        "Net Income": 16
    },
    "2018-03-31": {
        "Diluted EPS": 1.31,
        "Total Revenue": 101,
        "Gross Profit": 95,
        "Operating Income": 35,
        "EBIT": NaN,
        "Net Income": 27
    },
    "2017-12-31": {
        "Diluted EPS": 0.25,
        "Total Revenue": 67,
        "Gross Profit": 61,
        "Operating Income": 17,
        "EBIT": NaN,
        "Net Income": 5
    },
    "2017-09-30": {
        "Diluted EPS": 0.5,
        "Total Revenue": 64,
        "Gross Profit": 59,
        "Operating Income": 16,
        "EBIT": NaN,
        "Net Income": 11
    },
    "2017-06-30": {
        "Diluted EPS": 0.47,
        "Total Revenue": 61,
        "Gross Profit": 56,
        "Operating Income": 15,
        "EBIT": NaN,
        "Net Income": 10
    },
    "2017-03-31": {
        "Diluted EPS": 0.95,
        "Total Revenue": 86,
        "Gross Profit": 81,
        "Operating Income": 30,
        "EBIT": NaN,
        "Net Income": 20
    },
    "2016-12-31": {
        "Diluted EPS": 0.48,
        "Total Revenue": 56,
        "Gross Profit": 52,
        "Operating Income": 15,
        "EBIT": NaN,
        "Net Income": 10
    },
    "2016-09-30": {
        "Diluted EPS": 0.47,
        "Total Revenue": 55,
        "Gross Profit": 51,
        "Operating Income": 15,
        "EBIT": NaN,
        "Net Income": 10
    },
    "2016-06-30": {
        "Diluted EPS": 0.4,
        "Total Revenue": 51,
        "Gross Profit": 46,
        "Operating Income": 13,
        "EBIT": NaN,
        "Net Income": 8
    },
    "2016-03-31": {
        "Diluted EPS": 0.84,
        "Total Revenue": 69,
        "Gross Profit": 64,
        "Operating Income": 27,
        "EBIT": NaN,
        "Net Income": 18
    },
    "2015-12-31": {
        "Diluted EPS": 0.35,
        "Total Revenue": 45,
        "Gross Profit": 40,
        "Operating Income": 11,
        "EBIT": NaN,
        "Net Income": 7
    },
    "2015-09-30": {
        "Diluted EPS": 0.27,
        "Total Revenue": 44,
        "Gross Profit": 39,
        "Operating Income": 9,
        "EBIT": NaN,
        "Net Income": 6
    },
    "2015-06-30": {
        "Diluted EPS": 0.4,
        "Total Revenue": 45,
        "Gross Profit": 41,
        "Operating Income": 12,
        "EBIT": NaN,
        "Net Income": 8
    },
    "2015-03-31": {
        "Diluted EPS": 0.66,
        "Total Revenue": 57,
        "Gross Profit": 52,
        "Operating Income": 21,
        "EBIT": NaN,
        "Net Income": 14
    },
    "2014-12-31": {
        "Diluted EPS": 0.26,
        "Total Revenue": 41,
        "Gross Profit": 36,
        "Operating Income": 8,
        "EBIT": NaN,
        "Net Income": 5
    },
    "2014-09-30": {
        "Diluted EPS": 0.25,
        "Total Revenue": 40,
        "Gross Profit": 35,
        "Operating Income": 8,
        "EBIT": NaN,
        "Net Income": 5
    },
    "2014-06-30": {
        "Diluted EPS": 0.3,
        "Total Revenue": 41,
        "Gross Profit": 37,
        "Operating Income": 10,
        "EBIT": NaN,
        "Net Income": 6
    },
    "2014-03-31": {
        "Diluted EPS": 0.57,
        "Total Revenue": 53,
        "Gross Profit": 48,
        "Operating Income": 19,
        "EBIT": NaN,
        "Net Income": 12
    },
    "2013-12-31": {
        "Diluted EPS": 0.06,
        "Total Revenue": 37,
        "Gross Profit": 32,
        "Operating Income": 3,
        "EBIT": NaN,
        "Net Income": 1
    },
    "2013-09-30": {
        "Diluted EPS": 0.22,
        "Total Revenue": 42,
        "Gross Profit": 36,
        "Operating Income": 8,
        "EBIT": NaN,
        "Net Income": 5
    },
    "2013-06-30": {
        "Diluted EPS": 0.3,
        "Total Revenue": 45,
        "Gross Profit": 40,
        "Operating Income": 9,
        "EBIT": NaN,
        "Net Income": 6
    },
    "2013-03-31": {
        "Diluted EPS": 0.64,
        "Total Revenue": 57,
        "Gross Profit": 52,
        "Operating Income": 21,
        "EBIT": NaN,
        "Net Income": 13
    },
    "2012-12-31": {
        "Diluted EPS": 0.33,
        "Total Revenue": 44,
        "Gross Profit": 38,
        "Operating Income": 10,
        "EBIT": NaN,
        "Net Income": 7
    },
    "2012-09-30": {
        "Diluted EPS": 0.98,
        "Total Revenue": 69,
        "Gross Profit": 63,
        "Operating Income": 32,
        "EBIT": NaN,
        "Net Income": 21
    },
    "2012-06-30": {
        "Diluted EPS": 0.46,
        "Total Revenue": 48,
        "Gross Profit": 42,
        "Operating Income": 14,
        "EBIT": NaN,
        "Net Income": 10
    },
    "2012-03-31": {
        "Diluted EPS": 3.92,
        "Total Revenue": 186,
        "Gross Profit": 180,
        "Operating Income": 128,
        "EBIT": NaN,
        "Net Income": 82
    },
    "2011-12-31": {
        "Diluted EPS": 0.31,
        "Total Revenue": 40,
        "Gross Profit": 33,
        "Operating Income": 8,
        "EBIT": NaN,
        "Net Income": 6
    },
    "2011-09-30": {
        "Diluted EPS": 0.37,
        "Total Revenue": 45,
        "Gross Profit": 38,
        "Operating Income": 11,
        "EBIT": NaN,
        "Net Income": 8
    },
    "2011-06-30": {
        "Diluted EPS": 0.41,
        "Total Revenue": 50,
        "Gross Profit": 42,
        "Operating Income": 14,
        "EBIT": NaN,
        "Net Income": 9
    },
    "2011-03-31": {
        "Diluted EPS": 3.4,
        "Total Revenue": 180,
        "Gross Profit": 171,
        "Operating Income": 110,
        "EBIT": NaN,
        "Net Income": 71
    },
    "2010-12-31": {
        "Diluted EPS": 0.2,
        "Total Revenue": 42,
        "Gross Profit": 33,
        "Operating Income": 6,
        "EBIT": NaN,
        "Net Income": 4
    },
    "2010-09-30": {
        "Diluted EPS": 0.35,
        "Total Revenue": 43,
        "Gross Profit": 34,
        "Operating Income": 11,
        "EBIT": NaN,
        "Net Income": 7
    },
    "2010-06-30": {
        "Diluted EPS": 0.4,
        "Total Revenue": 49,
        "Gross Profit": 40,
        "Operating Income": 13,
        "EBIT": NaN,
        "Net Income": 8
    },
    "2010-03-31": {
        "Diluted EPS": 2.14,
        "Total Revenue": 147,
        "Gross Profit": 137,
        "Operating Income": 69,
        "EBIT": NaN,
        "Net Income": 45
    },
    "2009-12-31": {
        "Diluted EPS": 0.18,
        "Total Revenue": 46,
        "Gross Profit": 36,
        "Operating Income": 5,
        "EBIT": NaN,
        "Net Income": 4
    },
    "2009-09-30": {
        "Diluted EPS": 0.27,
        "Total Revenue": 46,
        "Gross Profit": 36,
        "Operating Income": 8,
        "EBIT": NaN,
        "Net Income": 6
    },
    "2009-06-30": {
        "Diluted EPS": 0.33,
        "Total Revenue": 50,
        "Gross Profit": 39,
        "Operating Income": 11,
        "EBIT": NaN,
        "Net Income": 7
    },
    "2009-03-31": {
        "Diluted EPS": 1.24,
        "Total Revenue": 128,
        "Gross Profit": 111,
        "Operating Income": 42,
        "EBIT": NaN,
        "Net Income": 26
    },
    "2023-09-30": {
        "Tax Effect Of Unusual Items": NaN,
        "Tax Rate For Calcs": NaN,
        "Total Unusual Items": NaN,
        "Total Unusual Items Excluding Goodwill": NaN,
        "Net Income From Continuing Operation Net Minority Interest": NaN,
        "Reconciled Depreciation": NaN,
        "Net Interest Income": NaN,
        "Interest Expense": NaN,
        "Interest Income": NaN,
        "Normalized Income": NaN,
        "Net Income From Continuing And Discontinued Operation": NaN,
        "Diluted Average Shares": 19774000.0,
        "Basic Average Shares": 19706000.0,
        "Diluted EPS": 1.1,
        "Basic EPS": 1.11,
        "Diluted NI Availto Com Stockholders": NaN,
        "Net Income Common Stockholders": NaN,
        "Net Income": NaN,
        "Net Income Including Noncontrolling Interests": NaN,
        "Net Income Continuous Operations": NaN,
        "Tax Provision": NaN,
        "Pretax Income": NaN,
        "Special Income Charges": NaN,
        "Restructuring And Mergern Acquisition": NaN,
        "Selling General And Administration": NaN,
        "Selling And Marketing Expense": NaN,
        "General And Administrative Expense": NaN,
        "Insurance And Claims": NaN,
        "Salaries And Wages": NaN,
        "Total Revenue": NaN,
        "Operating Revenue": NaN,
        "Occupancy And Equipment": NaN,
        "Professional Expense And Contract Services Expense": NaN,
        "Other Non Interest Expense": NaN
    },
    "2023-12-31": {
        "Tax Effect Of Unusual Items": -23797.780518,
        "Tax Rate For Calcs": 0.164123,
        "Total Unusual Items": -145000.0,
        "Total Unusual Items Excluding Goodwill": -145000.0,
        "Net Income From Continuing Operation Net Minority Interest": 19659000.0,
        "Reconciled Depreciation": 8636000.0,
        "Net Interest Income": 66782000.0,
        "Interest Expense": 24003000.0,
        "Interest Income": 90785000.0,
        "Normalized Income": 19780202.219482,
        "Net Income From Continuing And Discontinued Operation": 19659000.0,
        "Diluted Average Shares": 19673000.0,
        "Basic Average Shares": 19586000.0,
        "Diluted EPS": 1.01,
        "Basic EPS": 1.01,
        "Diluted NI Availto Com Stockholders": 19659000.0,
        "Net Income Common Stockholders": 19659000.0,
        "Net Income": 19659000.0,
        "Net Income Including Noncontrolling Interests": 19659000.0,
        "Net Income Continuous Operations": 19659000.0,
        "Tax Provision": 3860000.0,
        "Pretax Income": 23519000.0,
        "Special Income Charges": -92000.0,
        "Restructuring And Mergern Acquisition": 92000.0,
        "Selling General And Administration": 29391000.0,
        "Selling And Marketing Expense": 2304000.0,
        "General And Administrative Expense": 27087000.0,
        "Insurance And Claims": 690000.0,
        "Salaries And Wages": 26397000.0,
        "Total Revenue": 80352000.0,
        "Operating Revenue": 80352000.0,
        "Occupancy And Equipment": 11115000.0,
        "Professional Expense And Contract Services Expense": 511000.0,
        "Other Non Interest Expense": 4735000.0
    },
    "2024-03-31": {
        "Tax Effect Of Unusual Items": NaN,
        "Tax Rate For Calcs": NaN,
        "Total Unusual Items": NaN,
        "Total Unusual Items Excluding Goodwill": NaN,
        "Net Income From Continuing Operation Net Minority Interest": NaN,
        "Reconciled Depreciation": NaN,
        "Net Interest Income": NaN,
        "Interest Expense": NaN,
        "Interest Income": NaN,
        "Normalized Income": NaN,
        "Net Income From Continuing And Discontinued Operation": NaN,
        "Diluted Average Shares": NaN,
        "Basic Average Shares": NaN,
        "Diluted EPS": NaN,
        "Basic EPS": NaN,
        "Diluted NI Availto Com Stockholders": NaN,
        "Net Income Common Stockholders": NaN,
        "Net Income": NaN,
        "Net Income Including Noncontrolling Interests": NaN,
        "Net Income Continuous Operations": NaN,
        "Tax Provision": NaN,
        "Pretax Income": NaN,
        "Special Income Charges": NaN,
        "Restructuring And Mergern Acquisition": NaN,
        "Gain On Sale Of Security": 0.0,
        "Selling General And Administration": NaN,
        "Selling And Marketing Expense": NaN,
        "General And Administrative Expense": NaN,
        "Insurance And Claims": NaN,
        "Salaries And Wages": NaN,
        "Total Revenue": NaN,
        "Operating Revenue": NaN,
        "Occupancy And Equipment": NaN,
        "Professional Expense And Contract Services Expense": NaN,
        "Other Non Interest Expense": NaN
    },
    "2024-06-30": {
        "Tax Effect Of Unusual Items": NaN,
        "Tax Rate For Calcs": NaN,
        "Total Unusual Items": NaN,
        "Total Unusual Items Excluding Goodwill": NaN,
        "Net Income From Continuing Operation Net Minority Interest": NaN,
        "Reconciled Depreciation": NaN,
        "Net Interest Income": NaN,
        "Interest Expense": NaN,
        "Interest Income": NaN,
        "Normalized Income": NaN,
        "Net Income From Continuing And Discontinued Operation": NaN,
        "Diluted Average Shares": NaN,
        "Basic Average Shares": NaN,
        "Diluted EPS": NaN,
        "Basic EPS": NaN,
        "Diluted NI Availto Com Stockholders": NaN,
        "Net Income Common Stockholders": NaN,
        "Net Income": NaN,
        "Net Income Including Noncontrolling Interests": NaN,
        "Net Income Continuous Operations": NaN,
        "Tax Provision": NaN,
        "Pretax Income": NaN,
        "Special Income Charges": NaN,
        "Restructuring And Mergern Acquisition": NaN,
        "Gain On Sale Of Security": 0.0,
        "Selling General And Administration": NaN,
        "Selling And Marketing Expense": NaN,
        "General And Administrative Expense": NaN,
        "Insurance And Claims": NaN,
        "Salaries And Wages": NaN,
        "Total Revenue": NaN,
        "Operating Revenue": NaN,
        "Occupancy And Equipment": NaN,
        "Professional Expense And Contract Services Expense": NaN,
        "Other Non Interest Expense": NaN
    },
    "2024-09-30": {
        "Tax Effect Of Unusual Items": -11439.569854,
        "Tax Rate For Calcs": 0.215841,
        "Total Unusual Items": -53000.0,
        "Total Unusual Items Excluding Goodwill": -53000.0,
        "Net Income From Continuing Operation Net Minority Interest": 26543000.0,
        "Reconciled Depreciation": 3240000.0,
        "Net Interest Income": 71305000.0,
        "Interest Expense": 30241000.0,
        "Interest Income": 101546000.0,
        "Normalized Income": 26584560.430146,
        "Net Income From Continuing And Discontinued Operation": 26543000.0,
        "Diluted Average Shares": NaN,
        "Basic Average Shares": NaN,
        "Diluted EPS": NaN,
        "Basic EPS": NaN,
        "Diluted NI Availto Com Stockholders": 26543000.0,
        "Net Income Common Stockholders": 26543000.0,
        "Net Income": 26543000.0,
        "Net Income Including Noncontrolling Interests": 26543000.0,
        "Net Income Continuous Operations": 26543000.0,
        "Tax Provision": 7306000.0,
        "Pretax Income": 33849000.0,
        "Special Income Charges": 0.0,
        "Restructuring And Mergern Acquisition": 0.0,
        "Gain On Sale Of Security": NaN,
        "Selling General And Administration": 31539000.0,
        "Selling And Marketing Expense": 1983000.0,
        "General And Administrative Expense": 29556000.0,
        "Insurance And Claims": 764000.0,
        "Salaries And Wages": 28792000.0,
        "Total Revenue": 86578000.0,
        "Operating Revenue": 86578000.0,
        "Occupancy And Equipment": 10768000.0,
        "Professional Expense And Contract Services Expense": 870000.0,
        "Other Non Interest Expense": 3892000.0
    },
    "2024-12-31": {
        "Tax Effect Of Unusual Items": -9100.563991,
        "Tax Rate For Calcs": 0.175011,
        "Total Unusual Items": -52000.0,
        "Total Unusual Items Excluding Goodwill": -52000.0,
        "Net Income From Continuing Operation Net Minority Interest": 19016000.0,
        "Reconciled Depreciation": 4002000.0,
        "Net Interest Income": 75394000.0,
        "Interest Expense": 27714000.0,
        "Interest Income": 103108000.0,
        "Normalized Income": 19058899.436009,
        "Net Income From Continuing And Discontinued Operation": 19016000.0,
        "Diluted Average Shares": 19778000.0,
        "Basic Average Shares": 19672000.0,
        "Diluted EPS": 0.98,
        "Basic EPS": 0.99,
        "Diluted NI Availto Com Stockholders": 19016000.0,
        "Net Income Common Stockholders": 19016000.0,
        "Net Income": 19016000.0,
        "Net Income Including Noncontrolling Interests": 19016000.0,
        "Net Income Continuous Operations": 19016000.0,
        "Tax Provision": 4034000.0,
        "Pretax Income": 23050000.0,
        "Special Income Charges": 0.0,
        "Restructuring And Mergern Acquisition": 0.0,
        "Gain On Sale Of Security": NaN,
        "Selling General And Administration": 34554000.0,
        "Selling And Marketing Expense": 2827000.0,
        "General And Administrative Expense": 31727000.0,
        "Insurance And Claims": 728000.0,
        "Salaries And Wages": 30999000.0,
        "Total Revenue": 87917000.0,
        "Operating Revenue": 87917000.0,
        "Occupancy And Equipment": 11717000.0,
        "Professional Expense And Contract Services Expense": 794000.0,
        "Other Non Interest Expense": 4851000.0
    },
    "2025-03-31": {
        "Tax Effect Of Unusual Items": -11220.139422,
        "Tax Rate For Calcs": 0.211701,
        "Total Unusual Items": -53000.0,
        "Total Unusual Items Excluding Goodwill": -53000.0,
        "Net Income From Continuing Operation Net Minority Interest": 47268000.0,
        "Reconciled Depreciation": 3876000.0,
        "Net Interest Income": 102688000.0,
        "Interest Expense": 27150000.0,
        "Interest Income": 129838000.0,
        "Normalized Income": 47309779.860578,
        "Net Income From Continuing And Discontinued Operation": 47268000.0,
        "Diluted Average Shares": 19797000.0,
        "Basic Average Shares": 19711000.0,
        "Diluted EPS": 2.42,
        "Basic EPS": 2.43,
        "Diluted NI Availto Com Stockholders": 47268000.0,
        "Net Income Common Stockholders": 47268000.0,
        "Net Income": 47268000.0,
        "Net Income Including Noncontrolling Interests": 47268000.0,
        "Net Income Continuous Operations": 47268000.0,
        "Tax Provision": 12694000.0,
        "Pretax Income": 59962000.0,
        "Special Income Charges": 0.0,
        "Restructuring And Mergern Acquisition": 0.0,
        "Gain On Sale Of Security": 4090000.0,
        "Selling General And Administration": 33275000.0,
        "Selling And Marketing Expense": 1387000.0,
        "General And Administrative Expense": 31888000.0,
        "Insurance And Claims": 819000.0,
        "Salaries And Wages": 31069000.0,
        "Total Revenue": 134206000.0,
        "Operating Revenue": 134206000.0,
        "Occupancy And Equipment": 12207000.0,
        "Professional Expense And Contract Services Expense": 6832000.0,
        "Other Non Interest Expense": 4258000.0
    },
    "2025-06-30": {
        "Tax Effect Of Unusual Items": -11686.506561,
        "Tax Rate For Calcs": 0.2205,
        "Total Unusual Items": -53000.0,
        "Total Unusual Items Excluding Goodwill": -53000.0,
        "Net Income From Continuing Operation Net Minority Interest": 31484000.0,
        "Reconciled Depreciation": 3540000.0,
        "Net Interest Income": 76202000.0,
        "Interest Expense": 26001000.0,
        "Interest Income": 102203000.0,
        "Normalized Income": 31525313.493439,
        "Net Income From Continuing And Discontinued Operation": 31484000.0,
        "Diluted Average Shares": 19784000.0,
        "Basic Average Shares": 19721000.0,
        "Diluted EPS": 1.47,
        "Basic EPS": 1.62,
        "Diluted NI Availto Com Stockholders": 31484000.0,
        "Net Income Common Stockholders": 31484000.0,
        "Net Income": 31484000.0,
        "Net Income Including Noncontrolling Interests": 31484000.0,
        "Net Income Continuous Operations": 31484000.0,
        "Tax Provision": 8906000.0,
        "Pretax Income": 40390000.0,
        "Special Income Charges": 0.0,
        "Restructuring And Mergern Acquisition": 0.0,
        "Gain On Sale Of Security": 0.0,
        "Selling General And Administration": 32775000.0,
        "Selling And Marketing Expense": 1243000.0,
        "General And Administrative Expense": 31532000.0,
        "Insurance And Claims": 731000.0,
        "Salaries And Wages": 30801000.0,
        "Total Revenue": 92358000.0,
        "Operating Revenue": 92358000.0,
        "Occupancy And Equipment": 12075000.0,
        "Professional Expense And Contract Services Expense": 848000.0,
        "Other Non Interest Expense": 4447000.0
    },
    "2025-09-30": {
        "Tax Effect Of Unusual Items": -11041.152481,
        "Tax Rate For Calcs": 0.21233,
        "Total Unusual Items": -52000.0,
        "Total Unusual Items Excluding Goodwill": -52000.0,
        "Net Income From Continuing Operation Net Minority Interest": 29744000.0,
        "Reconciled Depreciation": 3549000.0,
        "Net Interest Income": 76970000.0,
        "Interest Expense": 26269000.0,
        "Interest Income": 103239000.0,
        "Normalized Income": 29784958.847519,
        "Net Income From Continuing And Discontinued Operation": 29744000.0,
        "Diluted Average Shares": 19791000.0,
        "Basic Average Shares": 19733000.0,
        "Diluted EPS": 1.52,
        "Basic EPS": 1.53,
        "Diluted NI Availto Com Stockholders": 29744000.0,
        "Net Income Common Stockholders": 29744000.0,
        "Net Income": 29744000.0,
        "Net Income Including Noncontrolling Interests": 29744000.0,
        "Net Income Continuous Operations": 29744000.0,
        "Tax Provision": 8018000.0,
        "Pretax Income": 37762000.0,
        "Special Income Charges": 0.0,
        "Restructuring And Mergern Acquisition": 0.0,
        "Gain On Sale Of Security": NaN,
        "Selling General And Administration": 34458000.0,
        "Selling And Marketing Expense": 2668000.0,
        "General And Administrative Expense": 31790000.0,
        "Insurance And Claims": 763000.0,
        "Salaries And Wages": 31027000.0,
        "Total Revenue": 91898000.0,
        "Operating Revenue": 91898000.0,
        "Occupancy And Equipment": 12257000.0,
        "Professional Expense And Contract Services Expense": 1197000.0,
        "Other Non Interest Expense": 4201000.0
    },
    "2025-12-31": {
        "Tax Effect Of Unusual Items": NaN,
        "Tax Rate For Calcs": NaN,
        "Total Unusual Items": NaN,
        "Total Unusual Items Excluding Goodwill": NaN,
        "Net Income From Continuing Operation Net Minority Interest": NaN,
        "Reconciled Depreciation": NaN,
        "Net Interest Income": NaN,
        "Interest Expense": NaN,
        "Interest Income": NaN,
        "Normalized Income": NaN,
        "Net Income From Continuing And Discontinued Operation": NaN,
        "Diluted Average Shares": 19799000.0,
        "Basic Average Shares": 19744000.0,
        "Diluted EPS": 1.17,
        "Basic EPS": 1.17,
        "Diluted NI Availto Com Stockholders": NaN,
        "Net Income Common Stockholders": NaN,
        "Net Income": NaN,
        "Net Income Including Noncontrolling Interests": NaN,
        "Net Income Continuous Operations": NaN,
        "Tax Provision": NaN,
        "Pretax Income": NaN,
        "Special Income Charges": NaN,
        "Restructuring And Mergern Acquisition": NaN,
        "Gain On Sale Of Security": NaN,
        "Selling General And Administration": NaN,
        "Selling And Marketing Expense": NaN,
        "General And Administrative Expense": NaN,
        "Insurance And Claims": NaN,
        "Salaries And Wages": NaN,
        "Total Revenue": NaN,
        "Operating Revenue": NaN,
        "Occupancy And Equipment": NaN,
        "Professional Expense And Contract Services Expense": NaN,
        "Other Non Interest Expense": NaN
    }
}