{
    "2023-03-31": {
        "Tax Effect Of Unusual Items": NaN,
        "Tax Rate For Calcs": NaN,
        "Normalized EBITDA": NaN,
        "Net Income From Continuing Operation Net Minority Interest": NaN,
        "Reconciled Depreciation": NaN,
        "Reconciled Cost Of Revenue": NaN,
        "EBITDA": NaN,
        "EBIT": NaN,
        "Net Interest Income": NaN,
        "Interest Expense": NaN,
        "Interest Income": NaN,
        "Normalized Income": NaN,
        "Net Income From Continuing And Discontinued Operation": NaN,
        "Total Expenses": NaN,
        "Total Operating Income As Reported": NaN,
        "Diluted Average Shares": NaN,
        "Basic Average Shares": NaN,
        "Diluted EPS": NaN,
        "Basic EPS": NaN,
        "Diluted NI Availto Com Stockholders": NaN,
        "Net Income Common Stockholders": NaN,
        "Net Income": NaN,
        "Minority Interests": NaN,
        "Net Income Including Noncontrolling Interests": NaN,
        "Net Income Continuous Operations": NaN,
        "Tax Provision": NaN,
        "Pretax Income": NaN,
        "Other Income Expense": NaN,
        "Other Non Operating Income Expenses": NaN,
        "Net Non Operating Interest Income Expense": NaN,
        "Total Other Finance Cost": 324000.0,
        "Interest Expense Non Operating": NaN,
        "Interest Income Non Operating": NaN,
        "Operating Income": NaN,
        "Operating Expense": NaN,
        "Other Operating Expenses": NaN,
        "Research And Development": NaN,
        "Selling General And Administration": NaN,
        "Selling And Marketing Expense": NaN,
        "General And Administrative Expense": NaN,
        "Other Gand A": NaN,
        "Gross Profit": NaN,
        "Cost Of Revenue": NaN,
        "Total Revenue": NaN,
        "Operating Revenue": NaN
    },
    "2022-12-31": {
        "Tax Effect Of Unusual Items": 0.0,
        "Tax Rate For Calcs": 0.21,
        "Normalized EBITDA": -236059000.0,
        "Net Income From Continuing Operation Net Minority Interest": -289926000.0,
        "Reconciled Depreciation": 42538000.0,
        "Reconciled Cost Of Revenue": 142432000.0,
        "EBITDA": -236059000.0,
        "EBIT": -278597000.0,
        "Net Interest Income": 11628000.0,
        "Interest Expense": 9686000.0,
        "Interest Income": 21636000.0,
        "Normalized Income": -289926000.0,
        "Net Income From Continuing And Discontinued Operation": -289926000.0,
        "Total Expenses": 880903000.0,
        "Total Operating Income As Reported": -301899000.0,
        "Diluted Average Shares": 601859000.0,
        "Basic Average Shares": 601859000.0,
        "Diluted EPS": -0.48,
        "Basic EPS": -0.48,
        "Diluted NI Availto Com Stockholders": -289926000.0,
        "Net Income Common Stockholders": -289926000.0,
        "Net Income": -289926000.0,
        "Minority Interests": 1559000.0,
        "Net Income Including Noncontrolling Interests": -291485000.0,
        "Net Income Continuous Operations": -291485000.0,
        "Tax Provision": 3202000.0,
        "Pretax Income": -288283000.0,
        "Other Income Expense": 1988000.0,
        "Other Non Operating Income Expenses": 1988000.0,
        "Net Non Operating Interest Income Expense": 11628000.0,
        "Total Other Finance Cost": 322000.0,
        "Interest Expense Non Operating": 9686000.0,
        "Interest Income Non Operating": 21636000.0,
        "Operating Income": -301899000.0,
        "Operating Expense": 738471000.0,
        "Other Operating Expenses": 380620000.0,
        "Research And Development": 248407000.0,
        "Selling General And Administration": 109444000.0,
        "Selling And Marketing Expense": 29740000.0,
        "General And Administrative Expense": 79704000.0,
        "Other Gand A": 79704000.0,
        "Gross Profit": 436572000.0,
        "Cost Of Revenue": 142432000.0,
        "Total Revenue": 579004000.0,
        "Operating Revenue": 579004000.0
    },
    "2022-09-30": {
        "Tax Effect Of Unusual Items": 0.0,
        "Tax Rate For Calcs": 0.4,
        "Normalized EBITDA": -257810000.0,
        "Net Income From Continuing Operation Net Minority Interest": -297798000.0,
        "Reconciled Depreciation": 34052000.0,
        "Reconciled Cost Of Revenue": 126437000.0,
        "EBITDA": -257810000.0,
        "EBIT": -291862000.0,
        "Net Interest Income": 2759000.0,
        "Interest Expense": 9688000.0,
        "Interest Income": 12764000.0,
        "Normalized Income": -297798000.0,
        "Net Income From Continuing And Discontinued Operation": -297798000.0,
        "Total Expenses": 817714000.0,
        "Total Operating Income As Reported": -300007000.0,
        "Diluted Average Shares": 597779000.0,
        "Basic Average Shares": 597779000.0,
        "Diluted EPS": -0.5,
        "Basic EPS": -0.5,
        "Diluted NI Availto Com Stockholders": -297798000.0,
        "Net Income Common Stockholders": -297798000.0,
        "Net Income": -297798000.0,
        "Minority Interests": 4104000.0,
        "Net Income Including Noncontrolling Interests": -301902000.0,
        "Net Income Continuous Operations": -301902000.0,
        "Tax Provision": 352000.0,
        "Pretax Income": -301550000.0,
        "Other Income Expense": -4302000.0,
        "Other Non Operating Income Expenses": -4302000.0,
        "Net Non Operating Interest Income Expense": 2759000.0,
        "Total Other Finance Cost": 317000.0,
        "Interest Expense Non Operating": 9688000.0,
        "Interest Income Non Operating": 12764000.0,
        "Operating Income": -300007000.0,
        "Operating Expense": 691277000.0,
        "Other Operating Expenses": 342456000.0,
        "Research And Development": 235551000.0,
        "Selling General And Administration": 455726000.0,
        "Selling And Marketing Expense": 32105000.0,
        "General And Administrative Expense": 423621000.0,
        "Other Gand A": 423621000.0,
        "Gross Profit": 391270000.0,
        "Cost Of Revenue": 126437000.0,
        "Total Revenue": 517707000.0,
        "Operating Revenue": 517707000.0
    },
    "2022-06-30": {
        "Tax Effect Of Unusual Items": 0.0,
        "Tax Rate For Calcs": 0.001553,
        "Normalized EBITDA": -140125000.0,
        "Net Income From Continuing Operation Net Minority Interest": -176440000.0,
        "Reconciled Depreciation": 28996000.0,
        "Reconciled Cost Of Revenue": 143157000.0,
        "EBITDA": -140125000.0,
        "EBIT": -169121000.0,
        "Net Interest Income": -5694000.0,
        "Interest Expense": 9891000.0,
        "Interest Income": 4197000.0,
        "Normalized Income": -176440000.0,
        "Net Income From Continuing And Discontinued Operation": -176440000.0,
        "Total Expenses": 761474000.0,
        "Total Operating Income As Reported": -170267000.0,
        "Diluted Average Shares": 593928000.0,
        "Basic Average Shares": 593928000.0,
        "Diluted EPS": -0.3,
        "Basic EPS": -0.3,
        "Diluted NI Availto Com Stockholders": -176440000.0,
        "Net Income Common Stockholders": -176440000.0,
        "Net Income": -176440000.0,
        "Minority Interests": 2294000.0,
        "Net Income Including Noncontrolling Interests": -178734000.0,
        "Net Income Continuous Operations": -178734000.0,
        "Tax Provision": -278000.0,
        "Pretax Income": -179012000.0,
        "Other Income Expense": -3051000.0,
        "Other Non Operating Income Expenses": -3051000.0,
        "Net Non Operating Interest Income Expense": -5694000.0,
        "Total Other Finance Cost": 311000.0,
        "Interest Expense Non Operating": 9891000.0,
        "Interest Income Non Operating": 4197000.0,
        "Operating Income": -170267000.0,
        "Operating Expense": 618317000.0,
        "Other Operating Expenses": 301383000.0,
        "Research And Development": 211757000.0,
        "Selling General And Administration": 105177000.0,
        "Selling And Marketing Expense": 26501000.0,
        "General And Administrative Expense": 78676000.0,
        "Other Gand A": 78676000.0,
        "Gross Profit": 448050000.0,
        "Cost Of Revenue": 143157000.0,
        "Total Revenue": 591207000.0,
        "Operating Revenue": 591207000.0
    },
    "2022-03-31": {
        "Diluted EPS": -0.27,
        "Total Revenue": 537,
        "Gross Profit": 402,
        "Operating Income": -152,
        "EBIT": -127,
        "Net Income": -160
    },
    "2021-12-31": {
        "Diluted EPS": -0.13,
        "Total Revenue": 569,
        "Gross Profit": 417,
        "Operating Income": -140,
        "EBIT": -117,
        "Net Income": -143
    },
    "2021-09-30": {
        "Diluted EPS": -0.13,
        "Total Revenue": 509,
        "Gross Profit": 379,
        "Operating Income": -77,
        "EBIT": -58,
        "Net Income": -74
    },
    "2021-06-30": {
        "Diluted EPS": -0.25,
        "Total Revenue": 454,
        "Gross Profit": 337,
        "Operating Income": -143,
        "EBIT": -125,
        "Net Income": -140
    },
    "2021-03-31": {
        "Diluted EPS": -0.46,
        "Total Revenue": 387,
        "Gross Profit": 289,
        "Operating Income": -135,
        "EBIT": -118,
        "Net Income": -134
    },
    "2020-12-31": {
        "Diluted EPS": -0.29,
        "Total Revenue": 310,
        "Gross Profit": 231,
        "Operating Income": -69,
        "EBIT": -55,
        "Net Income": -59
    },
    "2020-09-30": {
        "Diluted EPS": -0.26,
        "Total Revenue": 252,
        "Gross Profit": 186,
        "Operating Income": -52,
        "EBIT": -40,
        "Net Income": -49
    },
    "2020-06-30": {
        "Diluted EPS": -0.4,
        "Total Revenue": 200,
        "Gross Profit": 147,
        "Operating Income": -73,
        "EBIT": -63,
        "Net Income": -72
    },
    "2020-03-31": {
        "Diluted EPS": -0.44,
        "Total Revenue": 162,
        "Gross Profit": 120,
        "Operating Income": -73,
        "EBIT": -64,
        "Net Income": -74
    },
    "2019-12-31": {
        "Diluted EPS": 0.0,
        "Total Revenue": NaN,
        "Gross Profit": NaN,
        "Operating Income": NaN,
        "EBIT": NaN,
        "Net Income": NaN
    },
    "2018-12-31": {
        "Diluted EPS": 0.0,
        "Total Revenue": NaN,
        "Gross Profit": NaN,
        "Operating Income": NaN,
        "EBIT": NaN,
        "Net Income": NaN
    },
    "2023-06-30": {
        "Tax Effect Of Unusual Items": NaN,
        "Tax Rate For Calcs": NaN,
        "Normalized EBITDA": NaN,
        "Net Income From Continuing Operation Net Minority Interest": NaN,
        "Reconciled Depreciation": NaN,
        "Reconciled Cost Of Revenue": NaN,
        "EBITDA": NaN,
        "EBIT": NaN,
        "Net Interest Income": NaN,
        "Interest Expense": NaN,
        "Interest Income": NaN,
        "Normalized Income": NaN,
        "Net Income From Continuing And Discontinued Operation": NaN,
        "Total Expenses": NaN,
        "Total Operating Income As Reported": NaN,
        "Diluted Average Shares": NaN,
        "Basic Average Shares": NaN,
        "Diluted EPS": NaN,
        "Basic EPS": NaN,
        "Diluted NI Availto Com Stockholders": NaN,
        "Net Income Common Stockholders": NaN,
        "Net Income": NaN,
        "Minority Interests": NaN,
        "Net Income Including Noncontrolling Interests": NaN,
        "Net Income Continuous Operations": NaN,
        "Tax Provision": NaN,
        "Pretax Income": NaN,
        "Other Income Expense": NaN,
        "Other Non Operating Income Expenses": NaN,
        "Net Non Operating Interest Income Expense": NaN,
        "Total Other Finance Cost": 327000.0,
        "Interest Expense Non Operating": NaN,
        "Interest Income Non Operating": NaN,
        "Operating Income": NaN,
        "Operating Expense": NaN,
        "Other Operating Expenses": NaN,
        "Research And Development": NaN,
        "Selling General And Administration": NaN,
        "Selling And Marketing Expense": NaN,
        "General And Administrative Expense": NaN,
        "Other Gand A": NaN,
        "Gross Profit": NaN,
        "Cost Of Revenue": NaN,
        "Total Revenue": NaN,
        "Operating Revenue": NaN
    },
    "2023-09-30": {
        "Tax Effect Of Unusual Items": NaN,
        "Tax Rate For Calcs": NaN,
        "Normalized EBITDA": NaN,
        "Net Income From Continuing Operation Net Minority Interest": NaN,
        "Reconciled Depreciation": NaN,
        "Reconciled Cost Of Revenue": NaN,
        "EBITDA": NaN,
        "EBIT": NaN,
        "Net Interest Income": NaN,
        "Interest Expense": NaN,
        "Interest Income": NaN,
        "Normalized Income": NaN,
        "Net Income From Continuing And Discontinued Operation": NaN,
        "Total Expenses": NaN,
        "Total Operating Income As Reported": NaN,
        "Diluted Average Shares": 619350000.0,
        "Basic Average Shares": 619350000.0,
        "Diluted EPS": -0.45,
        "Basic EPS": -0.45,
        "Diluted NI Availto Com Stockholders": NaN,
        "Net Income Common Stockholders": NaN,
        "Net Income": NaN,
        "Minority Interests": NaN,
        "Net Income Including Noncontrolling Interests": NaN,
        "Net Income Continuous Operations": NaN,
        "Tax Provision": NaN,
        "Pretax Income": NaN,
        "Other Income Expense": NaN,
        "Other Non Operating Income Expenses": NaN,
        "Net Non Operating Interest Income Expense": NaN,
        "Total Other Finance Cost": 331000.0,
        "Interest Expense Non Operating": NaN,
        "Interest Income Non Operating": NaN,
        "Operating Income": NaN,
        "Operating Expense": NaN,
        "Other Operating Expenses": NaN,
        "Research And Development": NaN,
        "Selling General And Administration": NaN,
        "Selling And Marketing Expense": NaN,
        "General And Administrative Expense": NaN,
        "Other Gand A": NaN,
        "Gross Profit": NaN,
        "Cost Of Revenue": NaN,
        "Total Revenue": NaN,
        "Operating Revenue": NaN
    },
    "2023-12-31": {
        "Tax Effect Of Unusual Items": 0.0,
        "Tax Rate For Calcs": 0.21,
        "Normalized EBITDA": -260568000.0,
        "Net Income From Continuing Operation Net Minority Interest": -323698000.0,
        "Reconciled Depreciation": 54531000.0,
        "Reconciled Cost Of Revenue": 171664000.0,
        "EBITDA": -260568000.0,
        "EBIT": -315099000.0,
        "Net Interest Income": 29232000.0,
        "Interest Expense": 9964000.0,
        "Interest Income": 39530000.0,
        "Normalized Income": -323698000.0,
        "Net Income From Continuing And Discontinued Operation": -323698000.0,
        "Total Expenses": 1105132000.0,
        "Total Operating Income As Reported": -355193000.0,
        "Diluted Average Shares": 626817000.0,
        "Basic Average Shares": 626817000.0,
        "Diluted EPS": -0.52,
        "Basic EPS": -0.52,
        "Diluted NI Availto Com Stockholders": -323698000.0,
        "Net Income Common Stockholders": -323698000.0,
        "Net Income": -323698000.0,
        "Minority Interests": 1642000.0,
        "Net Income Including Noncontrolling Interests": -325340000.0,
        "Net Income Continuous Operations": -325340000.0,
        "Tax Provision": 277000.0,
        "Pretax Income": -325063000.0,
        "Other Income Expense": 898000.0,
        "Other Non Operating Income Expenses": 898000.0,
        "Net Non Operating Interest Income Expense": 29232000.0,
        "Total Other Finance Cost": 334000.0,
        "Interest Expense Non Operating": 9964000.0,
        "Interest Income Non Operating": 39530000.0,
        "Operating Income": -355193000.0,
        "Operating Expense": 933468000.0,
        "Other Operating Expenses": 445060000.0,
        "Research And Development": 341129000.0,
        "Selling General And Administration": 147279000.0,
        "Selling And Marketing Expense": 48503000.0,
        "General And Administrative Expense": 98776000.0,
        "Other Gand A": 98776000.0,
        "Gross Profit": 578275000.0,
        "Cost Of Revenue": 171664000.0,
        "Total Revenue": 749939000.0,
        "Operating Revenue": 749939000.0
    },
    "2024-03-31": {
        "Tax Effect Of Unusual Items": 0.0,
        "Tax Rate For Calcs": 0.21,
        "Normalized EBITDA": -207438000.0,
        "Net Income From Continuing Operation Net Minority Interest": -270604000.0,
        "Reconciled Depreciation": 53741000.0,
        "Reconciled Cost Of Revenue": 178866000.0,
        "EBITDA": -207438000.0,
        "EBIT": -261179000.0,
        "Net Interest Income": 32144000.0,
        "Interest Expense": 9688000.0,
        "Interest Income": 42170000.0,
        "Normalized Income": -270604000.0,
        "Net Income From Continuing And Discontinued Operation": -270604000.0,
        "Total Expenses": 1103628000.0,
        "Total Operating Income As Reported": -302328000.0,
        "Diluted Average Shares": 635020000.0,
        "Basic Average Shares": 635020000.0,
        "Diluted EPS": -0.43,
        "Basic EPS": -0.43,
        "Diluted NI Availto Com Stockholders": -270604000.0,
        "Net Income Common Stockholders": -270604000.0,
        "Net Income": -270604000.0,
        "Minority Interests": 1316000.0,
        "Net Income Including Noncontrolling Interests": -271920000.0,
        "Net Income Continuous Operations": -271920000.0,
        "Tax Provision": 1053000.0,
        "Pretax Income": -270867000.0,
        "Other Income Expense": -346000.0,
        "Other Non Operating Income Expenses": -346000.0,
        "Net Non Operating Interest Income Expense": 32144000.0,
        "Total Other Finance Cost": 338000.0,
        "Interest Expense Non Operating": 9688000.0,
        "Interest Income Non Operating": 42170000.0,
        "Operating Income": -302328000.0,
        "Operating Expense": 924762000.0,
        "Other Operating Expenses": 429339000.0,
        "Research And Development": 362065000.0,
        "Selling General And Administration": 133358000.0,
        "Selling And Marketing Expense": 35534000.0,
        "General And Administrative Expense": 97824000.0,
        "Other Gand A": 97824000.0,
        "Gross Profit": 622434000.0,
        "Cost Of Revenue": 178866000.0,
        "Total Revenue": 801300000.0,
        "Operating Revenue": 801300000.0
    },
    "2024-06-30": {
        "Tax Effect Of Unusual Items": 0.0,
        "Tax Rate For Calcs": 0.21,
        "Normalized EBITDA": -144109000.0,
        "Net Income From Continuing Operation Net Minority Interest": -205883000.0,
        "Reconciled Depreciation": 52772000.0,
        "Reconciled Cost Of Revenue": 198557000.0,
        "EBITDA": -144109000.0,
        "EBIT": -196881000.0,
        "Net Interest Income": 34179000.0,
        "Interest Expense": 10204000.0,
        "Interest Income": 44383000.0,
        "Normalized Income": -205883000.0,
        "Net Income From Continuing And Discontinued Operation": -205883000.0,
        "Total Expenses": 1131492000.0,
        "Total Operating Income As Reported": -237949000.0,
        "Diluted Average Shares": 642814000.0,
        "Basic Average Shares": 642814000.0,
        "Diluted EPS": -0.32,
        "Basic EPS": -0.32,
        "Diluted NI Availto Com Stockholders": -205883000.0,
        "Net Income Common Stockholders": -205883000.0,
        "Net Income": -205883000.0,
        "Minority Interests": 1312000.0,
        "Net Income Including Noncontrolling Interests": -207195000.0,
        "Net Income Continuous Operations": -207195000.0,
        "Tax Provision": 110000.0,
        "Pretax Income": -207085000.0,
        "Other Income Expense": -3315000.0,
        "Other Non Operating Income Expenses": -3315000.0,
        "Net Non Operating Interest Income Expense": 34179000.0,
        "Total Other Finance Cost": NaN,
        "Interest Expense Non Operating": 10204000.0,
        "Interest Income Non Operating": 44383000.0,
        "Operating Income": -237949000.0,
        "Operating Expense": 932935000.0,
        "Other Operating Expenses": 429334000.0,
        "Research And Development": 361684000.0,
        "Selling General And Administration": 141917000.0,
        "Selling And Marketing Expense": 36290000.0,
        "General And Administrative Expense": 105627000.0,
        "Other Gand A": 105627000.0,
        "Gross Profit": 694986000.0,
        "Cost Of Revenue": 198557000.0,
        "Total Revenue": 893543000.0,
        "Operating Revenue": 893543000.0
    },
    "2024-09-30": {
        "Tax Effect Of Unusual Items": 0.0,
        "Tax Rate For Calcs": 0.21,
        "Normalized EBITDA": -161589000.0,
        "Net Income From Continuing Operation Net Minority Interest": -239324000.0,
        "Reconciled Depreciation": 68613000.0,
        "Reconciled Cost Of Revenue": 204998000.0,
        "EBITDA": -161589000.0,
        "EBIT": -230202000.0,
        "Net Interest Income": 36432000.0,
        "Interest Expense": 9942000.0,
        "Interest Income": 46718000.0,
        "Normalized Income": -239324000.0,
        "Net Income From Continuing And Discontinued Operation": -239324000.0,
        "Total Expenses": 1197881000.0,
        "Total Operating Income As Reported": -278928000.0,
        "Diluted Average Shares": 650961000.0,
        "Basic Average Shares": 650961000.0,
        "Diluted EPS": -0.37,
        "Basic EPS": -0.37,
        "Diluted NI Availto Com Stockholders": -239324000.0,
        "Net Income Common Stockholders": -239324000.0,
        "Net Income": -239324000.0,
        "Minority Interests": 1123000.0,
        "Net Income Including Noncontrolling Interests": -240447000.0,
        "Net Income Continuous Operations": -240447000.0,
        "Tax Provision": 303000.0,
        "Pretax Income": -240144000.0,
        "Other Income Expense": 2352000.0,
        "Other Non Operating Income Expenses": 2352000.0,
        "Net Non Operating Interest Income Expense": 36432000.0,
        "Total Other Finance Cost": 344000.0,
        "Interest Expense Non Operating": 9942000.0,
        "Interest Income Non Operating": 46718000.0,
        "Operating Income": -278928000.0,
        "Operating Expense": 992883000.0,
        "Other Operating Expenses": 476134000.0,
        "Research And Development": 365424000.0,
        "Selling General And Administration": 151325000.0,
        "Selling And Marketing Expense": 52592000.0,
        "General And Administrative Expense": 98733000.0,
        "Other Gand A": 98733000.0,
        "Gross Profit": 713955000.0,
        "Cost Of Revenue": 204998000.0,
        "Total Revenue": 918953000.0,
        "Operating Revenue": 918953000.0
    },
    "2024-12-31": {
        "Tax Effect Of Unusual Items": 0.0,
        "Tax Rate For Calcs": 0.21,
        "Normalized EBITDA": -157110000.0,
        "Net Income From Continuing Operation Net Minority Interest": -219573000.0,
        "Reconciled Depreciation": 51311000.0,
        "Reconciled Cost Of Revenue": 218741000.0,
        "EBITDA": -157110000.0,
        "EBIT": -208421000.0,
        "Net Interest Income": 35929000.0,
        "Interest Expense": 9983000.0,
        "Interest Income": 46260000.0,
        "Normalized Income": -219573000.0,
        "Net Income From Continuing And Discontinued Operation": -219573000.0,
        "Total Expenses": 1232295000.0,
        "Total Operating Income As Reported": -244112000.0,
        "Diluted Average Shares": NaN,
        "Basic Average Shares": NaN,
        "Diluted EPS": NaN,
        "Basic EPS": NaN,
        "Diluted NI Availto Com Stockholders": -219573000.0,
        "Net Income Common Stockholders": -219573000.0,
        "Net Income": -219573000.0,
        "Minority Interests": 1479000.0,
        "Net Income Including Noncontrolling Interests": -221052000.0,
        "Net Income Continuous Operations": -221052000.0,
        "Tax Provision": 2648000.0,
        "Pretax Income": -218404000.0,
        "Other Income Expense": -10221000.0,
        "Other Non Operating Income Expenses": -10221000.0,
        "Net Non Operating Interest Income Expense": 35929000.0,
        "Total Other Finance Cost": 348000.0,
        "Interest Expense Non Operating": 9983000.0,
        "Interest Income Non Operating": 46260000.0,
        "Operating Income": -244112000.0,
        "Operating Expense": 1013554000.0,
        "Other Operating Expenses": 503432000.0,
        "Research And Development": 355034000.0,
        "Selling General And Administration": 155088000.0,
        "Selling And Marketing Expense": 49765000.0,
        "General And Administrative Expense": 105323000.0,
        "Other Gand A": 105323000.0,
        "Gross Profit": 769442000.0,
        "Cost Of Revenue": 218741000.0,
        "Total Revenue": 988183000.0,
        "Operating Revenue": 988183000.0
    }
}