{
    "2023-03-31": {
        "Tax Effect Of Unusual Items": 0.0,
        "Tax Rate For Calcs": 0.218,
        "Normalized EBITDA": 6967000.0,
        "Net Income From Continuing Operation Net Minority Interest": -398000.0,
        "Reconciled Depreciation": 2812000.0,
        "Reconciled Cost Of Revenue": 66686000.0,
        "EBITDA": 6967000.0,
        "EBIT": 4155000.0,
        "Net Interest Income": -4664000.0,
        "Interest Expense": 4664000.0,
        "Normalized Income": -398000.0,
        "Net Income From Continuing And Discontinued Operation": -398000.0,
        "Total Expenses": 106290000.0,
        "Total Operating Income As Reported": 4155000.0,
        "Diluted Average Shares": 7346000.0,
        "Basic Average Shares": 7346000.0,
        "Diluted EPS": -0.05,
        "Basic EPS": -0.05,
        "Diluted NI Availto Com Stockholders": -398000.0,
        "Net Income Common Stockholders": -398000.0,
        "Net Income": -398000.0,
        "Net Income Including Noncontrolling Interests": -398000.0,
        "Net Income Continuous Operations": -398000.0,
        "Tax Provision": -111000.0,
        "Pretax Income": -509000.0,
        "Net Non Operating Interest Income Expense": -4664000.0,
        "Interest Expense Non Operating": 4664000.0,
        "Operating Income": 4155000.0,
        "Operating Expense": 39604000.0,
        "Other Operating Expenses": 39604000.0,
        "Gross Profit": 43759000.0,
        "Cost Of Revenue": 66686000.0,
        "Total Revenue": 110445000.0,
        "Operating Revenue": 110445000.0
    },
    "2022-12-31": {
        "Tax Effect Of Unusual Items": 0.0,
        "Tax Rate For Calcs": 0.160546,
        "Normalized EBITDA": 17181000.0,
        "Net Income From Continuing Operation Net Minority Interest": 6515000.0,
        "Reconciled Depreciation": 3561000.0,
        "Reconciled Cost Of Revenue": 82214000.0,
        "EBITDA": 17181000.0,
        "EBIT": 13620000.0,
        "Net Interest Income": -5859000.0,
        "Interest Expense": 5859000.0,
        "Normalized Income": 6515000.0,
        "Net Income From Continuing And Discontinued Operation": 6515000.0,
        "Total Expenses": 125306000.0,
        "Total Operating Income As Reported": 13620000.0,
        "Diluted Average Shares": 7345000.0,
        "Basic Average Shares": 7329000.0,
        "Diluted EPS": 0.89,
        "Basic EPS": 0.89,
        "Diluted NI Availto Com Stockholders": 6515000.0,
        "Net Income Common Stockholders": 6515000.0,
        "Net Income": 6515000.0,
        "Net Income Including Noncontrolling Interests": 6515000.0,
        "Net Income Continuous Operations": 6515000.0,
        "Tax Provision": 1246000.0,
        "Pretax Income": 7761000.0,
        "Net Non Operating Interest Income Expense": -5859000.0,
        "Interest Expense Non Operating": 5859000.0,
        "Operating Income": 13620000.0,
        "Operating Expense": 43092000.0,
        "Other Operating Expenses": 43092000.0,
        "Gross Profit": 56712000.0,
        "Cost Of Revenue": 82214000.0,
        "Total Revenue": 138926000.0,
        "Operating Revenue": 138926000.0
    },
    "2022-09-30": {
        "Tax Effect Of Unusual Items": 0.0,
        "Tax Rate For Calcs": 0.235492,
        "Normalized EBITDA": 11625000.0,
        "Net Income From Continuing Operation Net Minority Interest": 5691000.0,
        "Reconciled Depreciation": 2912000.0,
        "Reconciled Cost Of Revenue": 95556000.0,
        "EBITDA": 11625000.0,
        "EBIT": 11625000.0,
        "Net Interest Income": -4181000.0,
        "Interest Expense": 4181000.0,
        "Normalized Income": 5691000.0,
        "Net Income From Continuing And Discontinued Operation": 5691000.0,
        "Total Expenses": 135861000.0,
        "Total Operating Income As Reported": 11625000.0,
        "Diluted Average Shares": 7349000.0,
        "Basic Average Shares": 7319000.0,
        "Diluted EPS": 0.77,
        "Basic EPS": 0.78,
        "Diluted NI Availto Com Stockholders": 5691000.0,
        "Net Income Common Stockholders": 5691000.0,
        "Net Income": 5691000.0,
        "Net Income Including Noncontrolling Interests": 5691000.0,
        "Net Income Continuous Operations": 5691000.0,
        "Tax Provision": 1753000.0,
        "Pretax Income": 7444000.0,
        "Net Non Operating Interest Income Expense": -4181000.0,
        "Interest Expense Non Operating": 4181000.0,
        "Operating Income": 11625000.0,
        "Operating Expense": 40305000.0,
        "Other Operating Expenses": 40305000.0,
        "Gross Profit": 51930000.0,
        "Cost Of Revenue": 95556000.0,
        "Total Revenue": 147486000.0,
        "Operating Revenue": 147486000.0
    },
    "2022-06-30": {
        "Tax Effect Of Unusual Items": 0.0,
        "Tax Rate For Calcs": 0.277298,
        "Normalized EBITDA": 5596000.0,
        "Net Income From Continuing Operation Net Minority Interest": 920000.0,
        "Reconciled Depreciation": 2823000.0,
        "Reconciled Cost Of Revenue": 108288000.0,
        "EBITDA": 5596000.0,
        "EBIT": 5596000.0,
        "Net Interest Income": -4323000.0,
        "Interest Expense": 4323000.0,
        "Normalized Income": 920000.0,
        "Net Income From Continuing And Discontinued Operation": 920000.0,
        "Total Expenses": 156443000.0,
        "Total Operating Income As Reported": 5596000.0,
        "Diluted Average Shares": 7389000.0,
        "Basic Average Shares": 7313000.0,
        "Diluted EPS": 0.12,
        "Basic EPS": 0.13,
        "Diluted NI Availto Com Stockholders": 920000.0,
        "Net Income Common Stockholders": 920000.0,
        "Net Income": 920000.0,
        "Net Income Including Noncontrolling Interests": 920000.0,
        "Net Income Continuous Operations": 920000.0,
        "Tax Provision": 353000.0,
        "Pretax Income": 1273000.0,
        "Net Non Operating Interest Income Expense": -4323000.0,
        "Interest Expense Non Operating": 4323000.0,
        "Operating Income": 5596000.0,
        "Operating Expense": 48155000.0,
        "Other Operating Expenses": 48155000.0,
        "Gross Profit": 53751000.0,
        "Cost Of Revenue": 108288000.0,
        "Total Revenue": 162039000.0,
        "Operating Revenue": 162039000.0
    },
    "2023-06-30": {
        "Tax Effect Of Unusual Items": 0.0,
        "Tax Rate For Calcs": 0.208,
        "Normalized EBITDA": 4917000.0,
        "Net Income From Continuing Operation Net Minority Interest": -2715000.0,
        "Reconciled Depreciation": 2715000.0,
        "Reconciled Cost Of Revenue": 62250000.0,
        "EBITDA": 4917000.0,
        "EBIT": 2202000.0,
        "Net Interest Income": -5630000.0,
        "Interest Expense": 5630000.0,
        "Normalized Income": -2715000.0,
        "Net Income From Continuing And Discontinued Operation": -2715000.0,
        "Total Expenses": 97620000.0,
        "Total Operating Income As Reported": 2202000.0,
        "Diluted Average Shares": 7354000.0,
        "Basic Average Shares": 7354000.0,
        "Diluted EPS": -0.37,
        "Basic EPS": -0.37,
        "Diluted NI Availto Com Stockholders": -2715000.0,
        "Net Income Common Stockholders": -2715000.0,
        "Net Income": -2715000.0,
        "Net Income Including Noncontrolling Interests": -2715000.0,
        "Net Income Continuous Operations": -2715000.0,
        "Tax Provision": -713000.0,
        "Pretax Income": -3428000.0,
        "Net Non Operating Interest Income Expense": -5630000.0,
        "Interest Expense Non Operating": 5630000.0,
        "Operating Income": 2202000.0,
        "Operating Expense": 35370000.0,
        "Other Operating Expenses": 35370000.0,
        "Gross Profit": 37572000.0,
        "Cost Of Revenue": 62250000.0,
        "Total Revenue": 99822000.0,
        "Operating Revenue": 99822000.0
    },
    "2022-03-31": {
        "Diluted EPS": 0.99,
        "Total Revenue": 167,
        "Gross Profit": 63,
        "Operating Income": 13,
        "EBIT": 16,
        "Net Income": 7
    },
    "2021-12-31": {
        "Diluted EPS": 1.69,
        "Total Revenue": 169,
        "Gross Profit": 63,
        "Operating Income": 18,
        "EBIT": 22,
        "Net Income": 13
    },
    "2021-09-30": {
        "Diluted EPS": -0.05,
        "Total Revenue": 126,
        "Gross Profit": 47,
        "Operating Income": 3,
        "EBIT": 6,
        "Net Income": 0
    },
    "2021-06-30": {
        "Diluted EPS": 0.52,
        "Total Revenue": 132,
        "Gross Profit": 49,
        "Operating Income": 8,
        "EBIT": 13,
        "Net Income": 4
    },
    "2021-03-31": {
        "Diluted EPS": 0.61,
        "Total Revenue": 88,
        "Gross Profit": 35,
        "Operating Income": 7,
        "EBIT": 8,
        "Net Income": 4
    },
    "2020-12-31": {
        "Diluted EPS": 1.33,
        "Total Revenue": 88,
        "Gross Profit": 36,
        "Operating Income": 13,
        "EBIT": 14,
        "Net Income": 10
    },
    "2020-09-30": {
        "Diluted EPS": 1.04,
        "Total Revenue": 78,
        "Gross Profit": 30,
        "Operating Income": 10,
        "EBIT": 11,
        "Net Income": 8
    },
    "2020-06-30": {
        "Diluted EPS": 0.33,
        "Total Revenue": 56,
        "Gross Profit": 19,
        "Operating Income": 3,
        "EBIT": 4,
        "Net Income": 2
    },
    "2020-03-31": {
        "Diluted EPS": 0.16,
        "Total Revenue": 56,
        "Gross Profit": 19,
        "Operating Income": 2,
        "EBIT": 3,
        "Net Income": 1
    },
    "2019-12-31": {
        "Diluted EPS": 0.7,
        "Total Revenue": 75,
        "Gross Profit": 28,
        "Operating Income": 7,
        "EBIT": 8,
        "Net Income": 5
    },
    "2019-09-30": {
        "Diluted EPS": 0.75,
        "Total Revenue": 67,
        "Gross Profit": 25,
        "Operating Income": 7,
        "EBIT": 8,
        "Net Income": 6
    },
    "2019-06-30": {
        "Diluted EPS": 0.42,
        "Total Revenue": 62,
        "Gross Profit": 21,
        "Operating Income": 4,
        "EBIT": 5,
        "Net Income": 3
    },
    "2019-03-31": {
        "Diluted EPS": 0.48,
        "Total Revenue": 66,
        "Gross Profit": 23,
        "Operating Income": 4,
        "EBIT": 6,
        "Net Income": 4
    },
    "2018-12-31": {
        "Diluted EPS": 0.49,
        "Total Revenue": 67,
        "Gross Profit": 24,
        "Operating Income": 5,
        "EBIT": 6,
        "Net Income": 4
    },
    "2018-09-30": {
        "Diluted EPS": 0.67,
        "Total Revenue": 66,
        "Gross Profit": 22,
        "Operating Income": 6,
        "EBIT": 7,
        "Net Income": 5
    },
    "2018-06-30": {
        "Diluted EPS": 0.35,
        "Total Revenue": 58,
        "Gross Profit": 20,
        "Operating Income": 3,
        "EBIT": 5,
        "Net Income": 3
    },
    "2018-03-31": {
        "Diluted EPS": 0.44,
        "Total Revenue": 61,
        "Gross Profit": 21,
        "Operating Income": 4,
        "EBIT": 6,
        "Net Income": 3
    },
    "2017-12-31": {
        "Diluted EPS": 0.59,
        "Total Revenue": 67,
        "Gross Profit": 23,
        "Operating Income": 4,
        "EBIT": 5,
        "Net Income": 4
    },
    "2017-09-30": {
        "Diluted EPS": 0.3,
        "Total Revenue": 65,
        "Gross Profit": 20,
        "Operating Income": 3,
        "EBIT": 5,
        "Net Income": 2
    },
    "2017-06-30": {
        "Diluted EPS": 0.2,
        "Total Revenue": 58,
        "Gross Profit": 18,
        "Operating Income": 2,
        "EBIT": 4,
        "Net Income": 1
    },
    "2017-03-31": {
        "Diluted EPS": 0.2,
        "Total Revenue": 63,
        "Gross Profit": 20,
        "Operating Income": 2,
        "EBIT": 4,
        "Net Income": 1
    },
    "2016-12-31": {
        "Diluted EPS": -0.09,
        "Total Revenue": 67,
        "Gross Profit": 22,
        "Operating Income": -1,
        "EBIT": 1,
        "Net Income": -1
    },
    "2016-09-30": {
        "Diluted EPS": 0.06,
        "Total Revenue": 73,
        "Gross Profit": 20,
        "Operating Income": 1,
        "EBIT": 3,
        "Net Income": 0
    },
    "2016-06-30": {
        "Diluted EPS": -0.23,
        "Total Revenue": 63,
        "Gross Profit": 16,
        "Operating Income": -3,
        "EBIT": -1,
        "Net Income": -2
    },
    "2016-03-31": {
        "Diluted EPS": -0.03,
        "Total Revenue": 58,
        "Gross Profit": 19,
        "Operating Income": 0,
        "EBIT": 2,
        "Net Income": 0
    },
    "2015-12-31": {
        "Diluted EPS": 0.18,
        "Total Revenue": 65,
        "Gross Profit": 22,
        "Operating Income": 2,
        "EBIT": 4,
        "Net Income": 1
    },
    "2015-09-30": {
        "Diluted EPS": 0.24,
        "Total Revenue": 70,
        "Gross Profit": 22,
        "Operating Income": 3,
        "EBIT": 5,
        "Net Income": 2
    },
    "2015-06-30": {
        "Diluted EPS": 0.26,
        "Total Revenue": 69,
        "Gross Profit": 23,
        "Operating Income": 3,
        "EBIT": 5,
        "Net Income": 2
    },
    "2015-03-31": {
        "Diluted EPS": 0.19,
        "Total Revenue": 65,
        "Gross Profit": 22,
        "Operating Income": 2,
        "EBIT": 4,
        "Net Income": 1
    },
    "2014-12-31": {
        "Diluted EPS": 0.58,
        "Total Revenue": 79,
        "Gross Profit": 28,
        "Operating Income": 7,
        "EBIT": 9,
        "Net Income": 4
    },
    "2014-09-30": {
        "Diluted EPS": 0.42,
        "Total Revenue": 73,
        "Gross Profit": 24,
        "Operating Income": 5,
        "EBIT": 7,
        "Net Income": 3
    },
    "2014-06-30": {
        "Diluted EPS": 0.2,
        "Total Revenue": 69,
        "Gross Profit": 23,
        "Operating Income": 3,
        "EBIT": 4,
        "Net Income": 2
    },
    "2014-03-31": {
        "Diluted EPS": 0.1,
        "Total Revenue": 66,
        "Gross Profit": 22,
        "Operating Income": 1,
        "EBIT": 3,
        "Net Income": 1
    },
    "2013-12-31": {
        "Diluted EPS": 0.23,
        "Total Revenue": 62,
        "Gross Profit": 22,
        "Operating Income": 2,
        "EBIT": 4,
        "Net Income": 2
    },
    "2013-09-30": {
        "Diluted EPS": 0.39,
        "Total Revenue": 70,
        "Gross Profit": 23,
        "Operating Income": 4,
        "EBIT": 6,
        "Net Income": 3
    },
    "2013-06-30": {
        "Diluted EPS": 0.24,
        "Total Revenue": 59,
        "Gross Profit": 20,
        "Operating Income": 3,
        "EBIT": 4,
        "Net Income": 2
    },
    "2013-03-31": {
        "Diluted EPS": 0.12,
        "Total Revenue": 54,
        "Gross Profit": 19,
        "Operating Income": 2,
        "EBIT": 3,
        "Net Income": 1
    },
    "2012-12-31": {
        "Diluted EPS": 0.33,
        "Total Revenue": 58,
        "Gross Profit": 21,
        "Operating Income": 4,
        "EBIT": 6,
        "Net Income": 3
    },
    "2012-09-30": {
        "Diluted EPS": 0.72,
        "Total Revenue": 73,
        "Gross Profit": 26,
        "Operating Income": 8,
        "EBIT": 9,
        "Net Income": 5
    },
    "2012-06-30": {
        "Diluted EPS": 0.03,
        "Total Revenue": 44,
        "Gross Profit": 15,
        "Operating Income": 0,
        "EBIT": 2,
        "Net Income": 0
    },
    "2012-03-31": {
        "Diluted EPS": 0.1,
        "Total Revenue": 53,
        "Gross Profit": 18,
        "Operating Income": 1,
        "EBIT": 3,
        "Net Income": 1
    },
    "2011-12-31": {
        "Diluted EPS": 0.04,
        "Total Revenue": 64,
        "Gross Profit": 23,
        "Operating Income": 1,
        "EBIT": 2,
        "Net Income": 0
    },
    "2011-09-30": {
        "Diluted EPS": 0.7,
        "Total Revenue": 71,
        "Gross Profit": 26,
        "Operating Income": 8,
        "EBIT": 9,
        "Net Income": 5
    },
    "2011-06-30": {
        "Diluted EPS": 0.3,
        "Total Revenue": 52,
        "Gross Profit": 21,
        "Operating Income": 4,
        "EBIT": 5,
        "Net Income": 2
    },
    "2011-03-31": {
        "Diluted EPS": 0.07,
        "Total Revenue": 52,
        "Gross Profit": 19,
        "Operating Income": 1,
        "EBIT": 2,
        "Net Income": 1
    },
    "2010-12-31": {
        "Diluted EPS": 0.53,
        "Total Revenue": 67,
        "Gross Profit": 24,
        "Operating Income": 5,
        "EBIT": 7,
        "Net Income": 3
    },
    "2010-09-30": {
        "Diluted EPS": 0.63,
        "Total Revenue": 75,
        "Gross Profit": 27,
        "Operating Income": 8,
        "EBIT": 9,
        "Net Income": 5
    },
    "2010-06-30": {
        "Diluted EPS": 0.08,
        "Total Revenue": 55,
        "Gross Profit": 19,
        "Operating Income": 3,
        "EBIT": 4,
        "Net Income": 1
    },
    "2010-03-31": {
        "Diluted EPS": -0.1,
        "Total Revenue": 56,
        "Gross Profit": 19,
        "Operating Income": 1,
        "EBIT": 2,
        "Net Income": -1
    },
    "2009-12-31": {
        "Diluted EPS": 0.16,
        "Total Revenue": 62,
        "Gross Profit": 22,
        "Operating Income": 3,
        "EBIT": 4,
        "Net Income": 1
    },
    "2009-09-30": {
        "Diluted EPS": 0.5,
        "Total Revenue": 67,
        "Gross Profit": 25,
        "Operating Income": 6,
        "EBIT": 8,
        "Net Income": 3
    },
    "2009-06-30": {
        "Diluted EPS": -0.25,
        "Total Revenue": 51,
        "Gross Profit": 18,
        "Operating Income": 0,
        "EBIT": 1,
        "Net Income": -1
    },
    "2009-03-31": {
        "Diluted EPS": -0.2,
        "Total Revenue": 50,
        "Gross Profit": 20,
        "Operating Income": 0,
        "EBIT": 2,
        "Net Income": -1
    },
    "2023-09-30": {
        "Tax Effect Of Unusual Items": NaN,
        "Tax Rate For Calcs": NaN,
        "Normalized EBITDA": NaN,
        "Net Income From Continuing Operation Net Minority Interest": NaN,
        "Reconciled Depreciation": NaN,
        "Reconciled Cost Of Revenue": NaN,
        "EBITDA": NaN,
        "EBIT": NaN,
        "Net Interest Income": NaN,
        "Interest Expense": NaN,
        "Normalized Income": NaN,
        "Net Income From Continuing And Discontinued Operation": NaN,
        "Total Expenses": NaN,
        "Total Operating Income As Reported": NaN,
        "Diluted Average Shares": 7375000.0,
        "Basic Average Shares": 7366000.0,
        "Diluted EPS": 0.93,
        "Basic EPS": 0.93,
        "Diluted NI Availto Com Stockholders": NaN,
        "Net Income Common Stockholders": NaN,
        "Net Income": NaN,
        "Net Income Including Noncontrolling Interests": NaN,
        "Net Income Continuous Operations": NaN,
        "Tax Provision": NaN,
        "Pretax Income": NaN,
        "Net Non Operating Interest Income Expense": NaN,
        "Interest Expense Non Operating": NaN,
        "Operating Income": NaN,
        "Operating Expense": NaN,
        "Other Operating Expenses": NaN,
        "Gross Profit": NaN,
        "Cost Of Revenue": NaN,
        "Total Revenue": NaN,
        "Operating Revenue": NaN
    },
    "2023-12-31": {
        "Tax Effect Of Unusual Items": 0.0,
        "Tax Rate For Calcs": 0.290456,
        "Normalized EBITDA": 17463000.0,
        "Net Income From Continuing Operation Net Minority Interest": 6713000.0,
        "Reconciled Depreciation": 2727000.0,
        "Reconciled Cost Of Revenue": 75223000.0,
        "EBITDA": 17463000.0,
        "EBIT": 14736000.0,
        "Net Interest Income": -5275000.0,
        "Interest Expense": 5275000.0,
        "Normalized Income": 6713000.0,
        "Net Income From Continuing And Discontinued Operation": 6713000.0,
        "Total Expenses": 111216000.0,
        "Total Operating Income As Reported": 14736000.0,
        "Diluted Average Shares": 7405000.0,
        "Basic Average Shares": 7385000.0,
        "Diluted EPS": 0.91,
        "Basic EPS": 0.91,
        "Diluted NI Availto Com Stockholders": 6713000.0,
        "Net Income Common Stockholders": 6713000.0,
        "Net Income": 6713000.0,
        "Net Income Including Noncontrolling Interests": 6713000.0,
        "Net Income Continuous Operations": 6713000.0,
        "Tax Provision": 2748000.0,
        "Pretax Income": 9461000.0,
        "Net Non Operating Interest Income Expense": -5275000.0,
        "Interest Expense Non Operating": 5275000.0,
        "Operating Income": 14736000.0,
        "Operating Expense": 35993000.0,
        "Other Operating Expenses": 35993000.0,
        "Gross Profit": 50729000.0,
        "Cost Of Revenue": 75223000.0,
        "Total Revenue": 125952000.0,
        "Operating Revenue": 125952000.0
    },
    "2024-03-31": {
        "Tax Effect Of Unusual Items": 0.0,
        "Tax Rate For Calcs": 0.234004,
        "Normalized EBITDA": 10489000.0,
        "Net Income From Continuing Operation Net Minority Interest": 2550000.0,
        "Reconciled Depreciation": 2506000.0,
        "Reconciled Cost Of Revenue": 68757000.0,
        "EBITDA": 10489000.0,
        "EBIT": 7983000.0,
        "Net Interest Income": -4654000.0,
        "Interest Expense": 4654000.0,
        "Normalized Income": 2550000.0,
        "Net Income From Continuing And Discontinued Operation": 2550000.0,
        "Total Expenses": 104923000.0,
        "Total Operating Income As Reported": 7983000.0,
        "Diluted Average Shares": 7450000.0,
        "Basic Average Shares": 7417000.0,
        "Diluted EPS": 0.34,
        "Basic EPS": 0.34,
        "Diluted NI Availto Com Stockholders": 2550000.0,
        "Net Income Common Stockholders": 2550000.0,
        "Net Income": 2550000.0,
        "Net Income Including Noncontrolling Interests": 2550000.0,
        "Net Income Continuous Operations": 2550000.0,
        "Tax Provision": 779000.0,
        "Pretax Income": 3329000.0,
        "Net Non Operating Interest Income Expense": -4654000.0,
        "Interest Expense Non Operating": 4654000.0,
        "Operating Income": 7983000.0,
        "Operating Expense": 36166000.0,
        "Other Operating Expenses": 36166000.0,
        "Gross Profit": 44149000.0,
        "Cost Of Revenue": 68757000.0,
        "Total Revenue": 112906000.0,
        "Operating Revenue": 112906000.0
    },
    "2024-06-30": {
        "Tax Effect Of Unusual Items": 0.0,
        "Tax Rate For Calcs": 0.234134,
        "Normalized EBITDA": 7132000.0,
        "Net Income From Continuing Operation Net Minority Interest": -1243000.0,
        "Reconciled Depreciation": 2624000.0,
        "Reconciled Cost Of Revenue": 60220000.0,
        "EBITDA": 7132000.0,
        "EBIT": 4508000.0,
        "Net Interest Income": -6131000.0,
        "Interest Expense": 6131000.0,
        "Normalized Income": -1243000.0,
        "Net Income From Continuing And Discontinued Operation": -1243000.0,
        "Total Expenses": 93750000.0,
        "Total Operating Income As Reported": 4508000.0,
        "Diluted Average Shares": NaN,
        "Basic Average Shares": NaN,
        "Diluted EPS": NaN,
        "Basic EPS": NaN,
        "Diluted NI Availto Com Stockholders": -1243000.0,
        "Net Income Common Stockholders": -1243000.0,
        "Net Income": -1243000.0,
        "Net Income Including Noncontrolling Interests": -1243000.0,
        "Net Income Continuous Operations": -1243000.0,
        "Tax Provision": -380000.0,
        "Pretax Income": -1623000.0,
        "Net Non Operating Interest Income Expense": -6131000.0,
        "Interest Expense Non Operating": 6131000.0,
        "Operating Income": 4508000.0,
        "Operating Expense": 33530000.0,
        "Other Operating Expenses": 33530000.0,
        "Gross Profit": 38038000.0,
        "Cost Of Revenue": 60220000.0,
        "Total Revenue": 98258000.0,
        "Operating Revenue": 98258000.0
    },
    "2024-09-30": {
        "Tax Effect Of Unusual Items": 0.0,
        "Tax Rate For Calcs": 0.233928,
        "Normalized EBITDA": 12746000.0,
        "Net Income From Continuing Operation Net Minority Interest": 5279000.0,
        "Reconciled Depreciation": 2675000.0,
        "Reconciled Cost Of Revenue": 70908000.0,
        "EBITDA": 12746000.0,
        "EBIT": 10071000.0,
        "Net Interest Income": -3180000.0,
        "Interest Expense": 3180000.0,
        "Normalized Income": 5279000.0,
        "Net Income From Continuing And Discontinued Operation": 5279000.0,
        "Total Expenses": 104483000.0,
        "Total Operating Income As Reported": 10071000.0,
        "Diluted Average Shares": 7503000.0,
        "Basic Average Shares": 7449000.0,
        "Diluted EPS": 0.7,
        "Basic EPS": 0.71,
        "Diluted NI Availto Com Stockholders": 5279000.0,
        "Net Income Common Stockholders": 5279000.0,
        "Net Income": 5279000.0,
        "Net Income Including Noncontrolling Interests": 5279000.0,
        "Net Income Continuous Operations": 5279000.0,
        "Tax Provision": 1612000.0,
        "Pretax Income": 6891000.0,
        "Net Non Operating Interest Income Expense": -3180000.0,
        "Interest Expense Non Operating": 3180000.0,
        "Operating Income": 10071000.0,
        "Operating Expense": 33575000.0,
        "Other Operating Expenses": 33575000.0,
        "Gross Profit": 43646000.0,
        "Cost Of Revenue": 70908000.0,
        "Total Revenue": 114554000.0,
        "Operating Revenue": 114554000.0
    },
    "2024-12-31": {
        "Tax Effect Of Unusual Items": 0.0,
        "Tax Rate For Calcs": 0.120857,
        "Normalized EBITDA": 10951000.0,
        "Net Income From Continuing Operation Net Minority Interest": 4801000.0,
        "Reconciled Depreciation": 2446000.0,
        "Reconciled Cost Of Revenue": 74876000.0,
        "EBITDA": 10951000.0,
        "EBIT": 8505000.0,
        "Net Interest Income": -3044000.0,
        "Interest Expense": 3044000.0,
        "Normalized Income": 4801000.0,
        "Net Income From Continuing And Discontinued Operation": 4801000.0,
        "Total Expenses": 119549000.0,
        "Total Operating Income As Reported": 8505000.0,
        "Diluted Average Shares": 7489000.0,
        "Basic Average Shares": 7454000.0,
        "Diluted EPS": 0.64,
        "Basic EPS": 0.64,
        "Diluted NI Availto Com Stockholders": 4801000.0,
        "Net Income Common Stockholders": 4801000.0,
        "Net Income": 4801000.0,
        "Net Income Including Noncontrolling Interests": 4801000.0,
        "Net Income Continuous Operations": 4801000.0,
        "Tax Provision": 660000.0,
        "Pretax Income": 5461000.0,
        "Net Non Operating Interest Income Expense": -3044000.0,
        "Interest Expense Non Operating": 3044000.0,
        "Operating Income": 8505000.0,
        "Operating Expense": 44673000.0,
        "Other Operating Expenses": 44673000.0,
        "Gross Profit": 53178000.0,
        "Cost Of Revenue": 74876000.0,
        "Total Revenue": 128054000.0,
        "Operating Revenue": 128054000.0
    },
    "2025-03-31": {
        "Tax Effect Of Unusual Items": 0.0,
        "Tax Rate For Calcs": 0.222,
        "Normalized EBITDA": 11088000.0,
        "Net Income From Continuing Operation Net Minority Interest": 4941000.0,
        "Reconciled Depreciation": 2382000.0,
        "Reconciled Cost Of Revenue": 67065000.0,
        "EBITDA": 11088000.0,
        "EBIT": 8706000.0,
        "Net Interest Income": -2356000.0,
        "Interest Expense": 2356000.0,
        "Normalized Income": 4941000.0,
        "Net Income From Continuing And Discontinued Operation": 4941000.0,
        "Total Expenses": 105367000.0,
        "Total Operating Income As Reported": 8706000.0,
        "Diluted Average Shares": 7493000.0,
        "Basic Average Shares": 7459000.0,
        "Diluted EPS": 0.66,
        "Basic EPS": 0.66,
        "Diluted NI Availto Com Stockholders": 4941000.0,
        "Net Income Common Stockholders": 4941000.0,
        "Net Income": 4941000.0,
        "Net Income Including Noncontrolling Interests": 4941000.0,
        "Net Income Continuous Operations": 4941000.0,
        "Tax Provision": 1409000.0,
        "Pretax Income": 6350000.0,
        "Net Non Operating Interest Income Expense": -2356000.0,
        "Interest Expense Non Operating": 2356000.0,
        "Operating Income": 8706000.0,
        "Operating Expense": 38302000.0,
        "Other Operating Expenses": 38302000.0,
        "Gross Profit": 47008000.0,
        "Cost Of Revenue": 67065000.0,
        "Total Revenue": 114073000.0,
        "Operating Revenue": 114073000.0
    },
    "2025-06-30": {
        "Tax Effect Of Unusual Items": 0.0,
        "Tax Rate For Calcs": 0.222,
        "Normalized EBITDA": 9599000.0,
        "Net Income From Continuing Operation Net Minority Interest": 3608000.0,
        "Reconciled Depreciation": 2443000.0,
        "Reconciled Cost Of Revenue": 62366000.0,
        "EBITDA": 9599000.0,
        "EBIT": 7156000.0,
        "Net Interest Income": -2519000.0,
        "Interest Expense": 2519000.0,
        "Normalized Income": 3608000.0,
        "Net Income From Continuing And Discontinued Operation": 3608000.0,
        "Total Expenses": 98491000.0,
        "Total Operating Income As Reported": 7156000.0,
        "Diluted Average Shares": 7493000.0,
        "Basic Average Shares": 7461000.0,
        "Diluted EPS": 0.48,
        "Basic EPS": 0.48,
        "Diluted NI Availto Com Stockholders": 3608000.0,
        "Net Income Common Stockholders": 3608000.0,
        "Net Income": 3608000.0,
        "Net Income Including Noncontrolling Interests": 3608000.0,
        "Net Income Continuous Operations": 3608000.0,
        "Tax Provision": 1029000.0,
        "Pretax Income": 4637000.0,
        "Net Non Operating Interest Income Expense": -2519000.0,
        "Interest Expense Non Operating": 2519000.0,
        "Operating Income": 7156000.0,
        "Operating Expense": 36125000.0,
        "Other Operating Expenses": 36125000.0,
        "Gross Profit": 43281000.0,
        "Cost Of Revenue": 62366000.0,
        "Total Revenue": 105647000.0,
        "Operating Revenue": 105647000.0
    },
    "2025-09-30": {
        "Tax Effect Of Unusual Items": 0.0,
        "Tax Rate For Calcs": 0.219649,
        "Normalized EBITDA": 14239000.0,
        "Net Income From Continuing Operation Net Minority Interest": 7212000.0,
        "Reconciled Depreciation": 2504000.0,
        "Reconciled Cost Of Revenue": 73264000.0,
        "EBITDA": 14239000.0,
        "EBIT": 11735000.0,
        "Net Interest Income": -2493000.0,
        "Interest Expense": 2493000.0,
        "Normalized Income": 7212000.0,
        "Net Income From Continuing And Discontinued Operation": 7212000.0,
        "Total Expenses": 110805000.0,
        "Total Operating Income As Reported": 11735000.0,
        "Diluted Average Shares": 7543000.0,
        "Basic Average Shares": 7475000.0,
        "Diluted EPS": 0.96,
        "Basic EPS": 0.96,
        "Diluted NI Availto Com Stockholders": 7212000.0,
        "Net Income Common Stockholders": 7212000.0,
        "Net Income": 7212000.0,
        "Net Income Including Noncontrolling Interests": 7212000.0,
        "Net Income Continuous Operations": 7212000.0,
        "Tax Provision": 2030000.0,
        "Pretax Income": 9242000.0,
        "Net Non Operating Interest Income Expense": -2493000.0,
        "Interest Expense Non Operating": 2493000.0,
        "Operating Income": 11735000.0,
        "Operating Expense": 37541000.0,
        "Other Operating Expenses": 37541000.0,
        "Gross Profit": 49276000.0,
        "Cost Of Revenue": 73264000.0,
        "Total Revenue": 122540000.0,
        "Operating Revenue": 122540000.0
    }
}