{
    "2023-03-31": {
        "Tax Effect Of Unusual Items": NaN,
        "Tax Rate For Calcs": NaN,
        "Normalized EBITDA": NaN,
        "Total Unusual Items": NaN,
        "Total Unusual Items Excluding Goodwill": NaN,
        "Net Income From Continuing Operation Net Minority Interest": NaN,
        "Reconciled Depreciation": NaN,
        "Reconciled Cost Of Revenue": NaN,
        "EBITDA": NaN,
        "EBIT": NaN,
        "Net Interest Income": NaN,
        "Interest Expense": NaN,
        "Normalized Income": NaN,
        "Net Income From Continuing And Discontinued Operation": NaN,
        "Total Expenses": NaN,
        "Total Operating Income As Reported": NaN,
        "Diluted Average Shares": 452925789.0,
        "Basic Average Shares": 417346840.0,
        "Diluted EPS": 0.000662,
        "Basic EPS": 0.000719,
        "Diluted NI Availto Com Stockholders": NaN,
        "Net Income Common Stockholders": NaN,
        "Net Income": NaN,
        "Net Income Including Noncontrolling Interests": NaN,
        "Net Income Continuous Operations": NaN,
        "Tax Provision": NaN,
        "Pretax Income": NaN,
        "Other Income Expense": NaN,
        "Other Non Operating Income Expenses": NaN,
        "Special Income Charges": NaN,
        "Other Special Charges": NaN,
        "Restructuring And Mergern Acquisition": NaN,
        "Net Non Operating Interest Income Expense": NaN,
        "Interest Expense Non Operating": NaN,
        "Operating Income": NaN,
        "Operating Expense": NaN,
        "Selling General And Administration": NaN,
        "Gross Profit": NaN,
        "Cost Of Revenue": NaN,
        "Total Revenue": NaN,
        "Operating Revenue": NaN
    },
    "2022-12-31": {
        "Tax Effect Of Unusual Items": NaN,
        "Tax Rate For Calcs": NaN,
        "Normalized EBITDA": NaN,
        "Total Unusual Items": NaN,
        "Total Unusual Items Excluding Goodwill": NaN,
        "Net Income From Continuing Operation Net Minority Interest": NaN,
        "Reconciled Depreciation": NaN,
        "Reconciled Cost Of Revenue": NaN,
        "EBITDA": NaN,
        "EBIT": NaN,
        "Net Interest Income": NaN,
        "Interest Expense": NaN,
        "Normalized Income": NaN,
        "Net Income From Continuing And Discontinued Operation": NaN,
        "Total Expenses": NaN,
        "Total Operating Income As Reported": NaN,
        "Diluted Average Shares": 416680429.0,
        "Basic Average Shares": 416680429.0,
        "Diluted EPS": -0.09,
        "Basic EPS": -0.09,
        "Diluted NI Availto Com Stockholders": NaN,
        "Net Income Common Stockholders": NaN,
        "Net Income": NaN,
        "Net Income Including Noncontrolling Interests": NaN,
        "Net Income Continuous Operations": NaN,
        "Tax Provision": NaN,
        "Pretax Income": NaN,
        "Other Income Expense": NaN,
        "Other Non Operating Income Expenses": NaN,
        "Special Income Charges": NaN,
        "Other Special Charges": NaN,
        "Restructuring And Mergern Acquisition": NaN,
        "Net Non Operating Interest Income Expense": NaN,
        "Interest Expense Non Operating": NaN,
        "Operating Income": NaN,
        "Operating Expense": NaN,
        "Selling General And Administration": NaN,
        "Gross Profit": NaN,
        "Cost Of Revenue": NaN,
        "Total Revenue": NaN,
        "Operating Revenue": NaN
    },
    "2022-09-30": {
        "Tax Effect Of Unusual Items": -6600000.0,
        "Tax Rate For Calcs": 0.4,
        "Normalized EBITDA": 82700000.0,
        "Total Unusual Items": -16500000.0,
        "Total Unusual Items Excluding Goodwill": -16500000.0,
        "Net Income From Continuing Operation Net Minority Interest": -29500000.0,
        "Reconciled Depreciation": 64200000.0,
        "Reconciled Cost Of Revenue": 403100000.0,
        "EBITDA": 66200000.0,
        "EBIT": 2000000.0,
        "Net Interest Income": -23700000.0,
        "Interest Expense": 23700000.0,
        "Normalized Income": -19600000.0,
        "Net Income From Continuing And Discontinued Operation": -29500000.0,
        "Total Expenses": 463900000.0,
        "Total Operating Income As Reported": 2000000.0,
        "Diluted Average Shares": 417700782.0,
        "Basic Average Shares": 417700782.0,
        "Diluted EPS": -0.07,
        "Basic EPS": -0.07,
        "Diluted NI Availto Com Stockholders": -29500000.0,
        "Net Income Common Stockholders": -29500000.0,
        "Net Income": -29500000.0,
        "Net Income Including Noncontrolling Interests": -29500000.0,
        "Net Income Continuous Operations": -29500000.0,
        "Tax Provision": 7800000.0,
        "Pretax Income": -21700000.0,
        "Other Income Expense": -30100000.0,
        "Other Non Operating Income Expenses": -13600000.0,
        "Special Income Charges": -16500000.0,
        "Restructuring And Mergern Acquisition": 16500000.0,
        "Net Non Operating Interest Income Expense": -23700000.0,
        "Interest Expense Non Operating": 23700000.0,
        "Operating Income": 32100000.0,
        "Operating Expense": 60800000.0,
        "Other Operating Expenses": NaN,
        "Selling General And Administration": 60800000.0,
        "Gross Profit": 92900000.0,
        "Cost Of Revenue": 403100000.0,
        "Total Revenue": 496000000.0,
        "Operating Revenue": 496000000.0
    },
    "2022-06-30": {
        "Tax Effect Of Unusual Items": -35040000.0,
        "Tax Rate For Calcs": 0.4,
        "Normalized EBITDA": 74300000.0,
        "Total Unusual Items": -87600000.0,
        "Total Unusual Items Excluding Goodwill": -87600000.0,
        "Net Income From Continuing Operation Net Minority Interest": -20400000.0,
        "Reconciled Depreciation": 24700000.0,
        "Reconciled Cost Of Revenue": 310100000.0,
        "EBITDA": -13300000.0,
        "EBIT": -38000000.0,
        "Net Interest Income": -6900000.0,
        "Interest Expense": 6900000.0,
        "Normalized Income": 32160000.0,
        "Net Income From Continuing And Discontinued Operation": -20400000.0,
        "Total Expenses": 341000000.0,
        "Total Operating Income As Reported": -38000000.0,
        "Diluted Average Shares": 294658635.0,
        "Basic Average Shares": 294658635.0,
        "Diluted EPS": -0.07,
        "Basic EPS": -0.07,
        "Diluted NI Availto Com Stockholders": -20400000.0,
        "Average Dilution Earnings": 0.0,
        "Net Income Common Stockholders": -20400000.0,
        "Net Income": -20400000.0,
        "Net Income Including Noncontrolling Interests": -20400000.0,
        "Net Income Continuous Operations": -20400000.0,
        "Tax Provision": -24500000.0,
        "Pretax Income": -44900000.0,
        "Other Income Expense": -88900000.0,
        "Other Non Operating Income Expenses": -1300000.0,
        "Special Income Charges": -87600000.0,
        "Restructuring And Mergern Acquisition": 87600000.0,
        "Net Non Operating Interest Income Expense": -6900000.0,
        "Interest Expense Non Operating": 6900000.0,
        "Operating Income": 50900000.0,
        "Operating Expense": 30900000.0,
        "Other Operating Expenses": NaN,
        "Selling General And Administration": 30900000.0,
        "Gross Profit": 81800000.0,
        "Cost Of Revenue": 310100000.0,
        "Total Revenue": 391900000.0,
        "Operating Revenue": 391900000.0
    },
    "2023-06-30": {
        "Tax Effect Of Unusual Items": NaN,
        "Tax Rate For Calcs": NaN,
        "Normalized EBITDA": NaN,
        "Total Unusual Items": NaN,
        "Total Unusual Items Excluding Goodwill": NaN,
        "Net Income From Continuing Operation Net Minority Interest": NaN,
        "Reconciled Depreciation": NaN,
        "Reconciled Cost Of Revenue": NaN,
        "EBITDA": NaN,
        "EBIT": NaN,
        "Net Interest Income": NaN,
        "Interest Expense": NaN,
        "Normalized Income": NaN,
        "Net Income From Continuing And Discontinued Operation": NaN,
        "Total Expenses": NaN,
        "Total Operating Income As Reported": NaN,
        "Diluted Average Shares": 455245607.0,
        "Basic Average Shares": 418525625.0,
        "Diluted EPS": 0.000659,
        "Basic EPS": 0.000717,
        "Diluted NI Availto Com Stockholders": NaN,
        "Net Income Common Stockholders": NaN,
        "Net Income": NaN,
        "Net Income Including Noncontrolling Interests": NaN,
        "Net Income Continuous Operations": NaN,
        "Tax Provision": NaN,
        "Pretax Income": NaN,
        "Other Income Expense": NaN,
        "Other Non Operating Income Expenses": NaN,
        "Special Income Charges": NaN,
        "Other Special Charges": NaN,
        "Restructuring And Mergern Acquisition": NaN,
        "Net Non Operating Interest Income Expense": NaN,
        "Interest Expense Non Operating": NaN,
        "Operating Income": NaN,
        "Operating Expense": NaN,
        "Selling General And Administration": NaN,
        "Gross Profit": NaN,
        "Cost Of Revenue": NaN,
        "Total Revenue": NaN,
        "Operating Revenue": NaN
    },
    "2022-03-31": {
        "Diluted EPS": 0.09,
        "Total Revenue": 386,
        "Gross Profit": 89,
        "Operating Income": 43,
        "EBIT": 62,
        "Net Income": 29
    },
    "2021-12-31": {
        "Diluted EPS": 0.4,
        "Total Revenue": 399,
        "Gross Profit": 94,
        "Operating Income": 50,
        "EBIT": 71,
        "Net Income": 36
    },
    "2021-09-30": {
        "Diluted EPS": 0.05,
        "Total Revenue": 380,
        "Gross Profit": 76,
        "Operating Income": 31,
        "EBIT": 53,
        "Net Income": 17
    },
    "2021-06-30": {
        "Diluted EPS": 0.06,
        "Total Revenue": 353,
        "Gross Profit": 66,
        "Operating Income": 28,
        "EBIT": 45,
        "Net Income": 18
    },
    "2021-03-31": {
        "Diluted EPS": -2.37,
        "Total Revenue": 343,
        "Gross Profit": 75,
        "Operating Income": 37,
        "EBIT": 55,
        "Net Income": -567
    },
    "2020-12-31": {
        "Diluted EPS": 0.21,
        "Total Revenue": 328,
        "Gross Profit": 65,
        "Operating Income": 12,
        "EBIT": 30,
        "Net Income": 31
    },
    "2020-09-30": {
        "Diluted EPS": 0.05,
        "Total Revenue": 307,
        "Gross Profit": 52,
        "Operating Income": 11,
        "EBIT": 28,
        "Net Income": 5
    },
    "2020-06-30": {
        "Diluted EPS": 0.03,
        "Total Revenue": 315,
        "Gross Profit": 66,
        "Operating Income": 25,
        "EBIT": 43,
        "Net Income": 5
    },
    "2020-03-31": {
        "Diluted EPS": 0.05,
        "Total Revenue": 321,
        "Gross Profit": 67,
        "Operating Income": 32,
        "EBIT": 48,
        "Net Income": 7
    },
    "2019-12-31": {
        "Diluted EPS": 0.04,
        "Total Revenue": 314,
        "Gross Profit": 51,
        "Operating Income": 14,
        "EBIT": 30,
        "Net Income": 4
    },
    "2019-09-30": {
        "Diluted EPS": 0.01,
        "Total Revenue": 301,
        "Gross Profit": 59,
        "Operating Income": 24,
        "EBIT": 38,
        "Net Income": 2
    },
    "2019-06-30": {
        "Diluted EPS": -0.09,
        "Total Revenue": 295,
        "Gross Profit": 49,
        "Operating Income": 12,
        "EBIT": 26,
        "Net Income": -10
    },
    "2019-03-31": {
        "Diluted EPS": -0.04,
        "Total Revenue": 276,
        "Gross Profit": 39,
        "Operating Income": 7,
        "EBIT": 21,
        "Net Income": -5
    },
    "2018-12-31": {
        "Diluted EPS": -0.1,
        "Total Revenue": 263,
        "Gross Profit": 40,
        "Operating Income": 4,
        "EBIT": 16,
        "Net Income": -20
    },
    "2018-09-30": {
        "Diluted EPS": -0.17,
        "Total Revenue": 250,
        "Gross Profit": 31,
        "Operating Income": -6,
        "EBIT": 9,
        "Net Income": -18
    },
    "2018-06-30": {
        "Diluted EPS": -0.07,
        "Total Revenue": 208,
        "Gross Profit": 18,
        "Operating Income": -18,
        "EBIT": -9,
        "Net Income": -3
    },
    "2018-03-31": {
        "Diluted EPS": -0.26,
        "Total Revenue": 147,
        "Gross Profit": 9,
        "Operating Income": -11,
        "EBIT": -6,
        "Net Income": -23
    },
    "2017-12-31": {
        "Diluted EPS": -0.44,
        "Total Revenue": 140,
        "Gross Profit": 13,
        "Operating Income": -4,
        "EBIT": 1,
        "Net Income": -58
    },
    "2017-09-30": {
        "Diluted EPS": -0.08,
        "Total Revenue": 123,
        "Gross Profit": 11,
        "Operating Income": -5,
        "EBIT": -1,
        "Net Income": -4
    },
    "2017-06-30": {
        "Diluted EPS": -0.11,
        "Total Revenue": 99,
        "Gross Profit": 3,
        "Operating Income": -10,
        "EBIT": -6,
        "Net Income": -7
    },
    "2017-03-31": {
        "Diluted EPS": -0.12,
        "Total Revenue": 87,
        "Gross Profit": 6,
        "Operating Income": -9,
        "EBIT": -5,
        "Net Income": -8
    },
    "2016-12-31": {
        "Diluted EPS": 0.07,
        "Total Revenue": 106,
        "Gross Profit": 44,
        "Operating Income": 28,
        "EBIT": 31,
        "Net Income": 13
    },
    "2016-09-30": {
        "Diluted EPS": 0.18,
        "Total Revenue": 126,
        "Gross Profit": 78,
        "Operating Income": 61,
        "EBIT": 64,
        "Net Income": 37
    },
    "2016-06-30": {
        "Diluted EPS": -0.45,
        "Total Revenue": 9,
        "Gross Profit": -36,
        "Operating Income": -70,
        "EBIT": -67,
        "Net Income": -41
    },
    "2016-03-31": {
        "Diluted EPS": 0.85,
        "Total Revenue": 352,
        "Gross Profit": 307,
        "Operating Income": 279,
        "EBIT": 281,
        "Net Income": 167
    },
    "2015-12-31": {
        "Diluted EPS": 0.06,
        "Total Revenue": 68,
        "Gross Profit": 30,
        "Operating Income": 11,
        "EBIT": 13,
        "Net Income": 5
    },
    "2015-09-30": {
        "Diluted EPS": -0.34,
        "Total Revenue": 16,
        "Gross Profit": -29,
        "Operating Income": -55,
        "EBIT": -52,
        "Net Income": -33
    },
    "2015-06-30": {
        "Diluted EPS": -0.27,
        "Total Revenue": 22,
        "Gross Profit": -21,
        "Operating Income": -42,
        "EBIT": -40,
        "Net Income": -26
    },
    "2015-03-31": {
        "Diluted EPS": -0.32,
        "Total Revenue": 11,
        "Gross Profit": -31,
        "Operating Income": -50,
        "EBIT": -48,
        "Net Income": -30
    },
    "2014-12-31": {
        "Diluted EPS": -0.18,
        "Total Revenue": 47,
        "Gross Profit": 4,
        "Operating Income": -32,
        "EBIT": -30,
        "Net Income": -18
    },
    "2014-09-30": {
        "Diluted EPS": 0.1,
        "Total Revenue": 91,
        "Gross Profit": 45,
        "Operating Income": 15,
        "EBIT": 16,
        "Net Income": 10
    },
    "2014-06-30": {
        "Diluted EPS": -0.18,
        "Total Revenue": 59,
        "Gross Profit": 11,
        "Operating Income": -27,
        "EBIT": -26,
        "Net Income": -17
    },
    "2014-03-31": {
        "Diluted EPS": -0.57,
        "Total Revenue": 13,
        "Gross Profit": -32,
        "Operating Income": -85,
        "EBIT": -83,
        "Net Income": -55
    },
    "2013-12-31": {
        "Diluted EPS": 0.08,
        "Total Revenue": 84,
        "Gross Profit": 42,
        "Operating Income": 10,
        "EBIT": 12,
        "Net Income": 6
    },
    "2013-09-30": {
        "Diluted EPS": -0.39,
        "Total Revenue": 18,
        "Gross Profit": -29,
        "Operating Income": -61,
        "EBIT": -59,
        "Net Income": -38
    },
    "2013-06-30": {
        "Diluted EPS": 1.93,
        "Total Revenue": 374,
        "Gross Profit": 324,
        "Operating Income": 298,
        "EBIT": 299,
        "Net Income": 188
    },
    "2013-03-31": {
        "Diluted EPS": -0.28,
        "Total Revenue": 28,
        "Gross Profit": -19,
        "Operating Income": -42,
        "EBIT": -41,
        "Net Income": -26
    },
    "2012-12-31": {
        "Diluted EPS": -1.24,
        "Total Revenue": -641,
        "Gross Profit": -253,
        "Operating Income": -195,
        "EBIT": -197,
        "Net Income": -123
    },
    "2012-09-30": {
        "Diluted EPS": 0.03,
        "Total Revenue": 223,
        "Gross Profit": 46,
        "Operating Income": 6,
        "EBIT": 10,
        "Net Income": 3
    },
    "2012-06-30": {
        "Diluted EPS": -0.01,
        "Total Revenue": 237,
        "Gross Profit": 45,
        "Operating Income": -1,
        "EBIT": 1,
        "Net Income": -1
    },
    "2012-03-31": {
        "Diluted EPS": 0.01,
        "Total Revenue": 254,
        "Gross Profit": 45,
        "Operating Income": 2,
        "EBIT": 5,
        "Net Income": 1
    },
    "2011-12-31": {
        "Diluted EPS": 0.13,
        "Total Revenue": 260,
        "Gross Profit": 66,
        "Operating Income": 22,
        "EBIT": 21,
        "Net Income": 13
    },
    "2011-09-30": {
        "Diluted EPS": 0.07,
        "Total Revenue": 219,
        "Gross Profit": 49,
        "Operating Income": 12,
        "EBIT": 14,
        "Net Income": 7
    },
    "2011-06-30": {
        "Diluted EPS": 0.08,
        "Total Revenue": 184,
        "Gross Profit": 47,
        "Operating Income": 13,
        "EBIT": 15,
        "Net Income": 9
    },
    "2011-03-31": {
        "Diluted EPS": 0.0,
        "Total Revenue": 164,
        "Gross Profit": 34,
        "Operating Income": 0,
        "EBIT": 2,
        "Net Income": 0
    },
    "2010-12-31": {
        "Diluted EPS": 0.06,
        "Total Revenue": 170,
        "Gross Profit": 38,
        "Operating Income": 9,
        "EBIT": 11,
        "Net Income": 6
    },
    "2010-09-30": {
        "Diluted EPS": 0.03,
        "Total Revenue": 158,
        "Gross Profit": 32,
        "Operating Income": 4,
        "EBIT": 6,
        "Net Income": 3
    },
    "2010-06-30": {
        "Diluted EPS": 0.04,
        "Total Revenue": 152,
        "Gross Profit": 34,
        "Operating Income": 7,
        "EBIT": 9,
        "Net Income": 4
    },
    "2010-03-31": {
        "Diluted EPS": 0.0,
        "Total Revenue": 126,
        "Gross Profit": 24,
        "Operating Income": 1,
        "EBIT": 2,
        "Net Income": 0
    },
    "2009-12-31": {
        "Diluted EPS": 0.05,
        "Total Revenue": 138,
        "Gross Profit": 28,
        "Operating Income": 138,
        "EBIT": 139,
        "Net Income": 2
    },
    "2009-09-30": {
        "Diluted EPS": -0.11,
        "Total Revenue": 135,
        "Gross Profit": 29,
        "Operating Income": 7,
        "EBIT": 8,
        "Net Income": -4
    },
    "2009-06-30": {
        "Diluted EPS": 0.06,
        "Total Revenue": 126,
        "Gross Profit": 23,
        "Operating Income": 3,
        "EBIT": 3,
        "Net Income": 6
    },
    "2023-09-30": {
        "Tax Effect Of Unusual Items": -5817000.0,
        "Tax Rate For Calcs": 0.21,
        "Normalized EBITDA": 139700000.0,
        "Total Unusual Items": -27700000.0,
        "Total Unusual Items Excluding Goodwill": -27700000.0,
        "Net Income From Continuing Operation Net Minority Interest": 1300000.0,
        "Reconciled Depreciation": 70800000.0,
        "Reconciled Cost Of Revenue": 447500000.0,
        "EBITDA": 112000000.0,
        "EBIT": 41200000.0,
        "Net Interest Income": -32100000.0,
        "Interest Expense": 32100000.0,
        "Normalized Income": 23183000.0,
        "Net Income From Continuing And Discontinued Operation": 1300000.0,
        "Total Expenses": 502200000.0,
        "Total Operating Income As Reported": 41200000.0,
        "Diluted Average Shares": 456364024.0,
        "Basic Average Shares": 419008998.0,
        "Diluted EPS": 0.002849,
        "Basic EPS": 0.003103,
        "Diluted NI Availto Com Stockholders": 1300000.0,
        "Net Income Common Stockholders": 1300000.0,
        "Net Income": 1300000.0,
        "Net Income Including Noncontrolling Interests": 1300000.0,
        "Net Income Continuous Operations": 1300000.0,
        "Tax Provision": 7800000.0,
        "Pretax Income": 9100000.0,
        "Other Income Expense": -29400000.0,
        "Other Non Operating Income Expenses": -1700000.0,
        "Special Income Charges": -27700000.0,
        "Other Special Charges": 7200000.0,
        "Restructuring And Mergern Acquisition": 20500000.0,
        "Net Non Operating Interest Income Expense": -32100000.0,
        "Interest Expense Non Operating": 32100000.0,
        "Operating Income": 70600000.0,
        "Operating Expense": 54700000.0,
        "Selling General And Administration": 54700000.0,
        "Gross Profit": 125300000.0,
        "Cost Of Revenue": 447500000.0,
        "Total Revenue": 572800000.0,
        "Operating Revenue": 572800000.0
    },
    "2023-12-31": {
        "Tax Effect Of Unusual Items": -4158000.0,
        "Tax Rate For Calcs": 0.21,
        "Normalized EBITDA": 141600000.0,
        "Total Unusual Items": -19800000.0,
        "Total Unusual Items Excluding Goodwill": -19800000.0,
        "Net Income From Continuing Operation Net Minority Interest": 1400000.0,
        "Reconciled Depreciation": 72700000.0,
        "Reconciled Cost Of Revenue": 441600000.0,
        "EBITDA": 121800000.0,
        "EBIT": 49100000.0,
        "Net Interest Income": -31600000.0,
        "Interest Expense": 31600000.0,
        "Normalized Income": 17042000.0,
        "Net Income From Continuing And Discontinued Operation": 1400000.0,
        "Total Expenses": 497300000.0,
        "Total Operating Income As Reported": 49100000.0,
        "Diluted Average Shares": NaN,
        "Basic Average Shares": NaN,
        "Diluted EPS": NaN,
        "Basic EPS": NaN,
        "Diluted NI Availto Com Stockholders": 1400000.0,
        "Net Income Common Stockholders": 1400000.0,
        "Net Income": 1400000.0,
        "Net Income Including Noncontrolling Interests": 1400000.0,
        "Net Income Continuous Operations": 1400000.0,
        "Tax Provision": 16100000.0,
        "Pretax Income": 17500000.0,
        "Other Income Expense": -27700000.0,
        "Other Non Operating Income Expenses": -7900000.0,
        "Special Income Charges": -19800000.0,
        "Other Special Charges": 0.0,
        "Restructuring And Mergern Acquisition": 11100000.0,
        "Net Non Operating Interest Income Expense": -31600000.0,
        "Interest Expense Non Operating": 31600000.0,
        "Operating Income": 77800000.0,
        "Operating Expense": 55700000.0,
        "Selling General And Administration": 55700000.0,
        "Gross Profit": 133500000.0,
        "Cost Of Revenue": 441600000.0,
        "Total Revenue": 575100000.0,
        "Operating Revenue": 575100000.0
    },
    "2024-03-31": {
        "Tax Effect Of Unusual Items": -5565000.0,
        "Tax Rate For Calcs": 0.21,
        "Normalized EBITDA": 112800000.0,
        "Total Unusual Items": -26500000.0,
        "Total Unusual Items Excluding Goodwill": -26500000.0,
        "Net Income From Continuing Operation Net Minority Interest": -35100000.0,
        "Reconciled Depreciation": 78300000.0,
        "Reconciled Cost Of Revenue": 497600000.0,
        "EBITDA": 86300000.0,
        "EBIT": 8000000.0,
        "Net Interest Income": -41300000.0,
        "Interest Expense": 41300000.0,
        "Normalized Income": -14165000.0,
        "Net Income From Continuing And Discontinued Operation": -35100000.0,
        "Total Expenses": 562000000.0,
        "Total Operating Income As Reported": 8000000.0,
        "Diluted Average Shares": 420427136.0,
        "Basic Average Shares": 420427136.0,
        "Diluted EPS": -0.08,
        "Basic EPS": -0.08,
        "Diluted NI Availto Com Stockholders": -35100000.0,
        "Net Income Common Stockholders": -35100000.0,
        "Net Income": -35100000.0,
        "Net Income Including Noncontrolling Interests": -35100000.0,
        "Net Income Continuous Operations": -35100000.0,
        "Tax Provision": 1800000.0,
        "Pretax Income": -33300000.0,
        "Other Income Expense": -33900000.0,
        "Other Non Operating Income Expenses": -7400000.0,
        "Special Income Charges": -26500000.0,
        "Other Special Charges": 1300000.0,
        "Restructuring And Mergern Acquisition": 25200000.0,
        "Net Non Operating Interest Income Expense": -41300000.0,
        "Interest Expense Non Operating": 41300000.0,
        "Operating Income": 41900000.0,
        "Operating Expense": 64400000.0,
        "Selling General And Administration": 64400000.0,
        "Gross Profit": 106300000.0,
        "Cost Of Revenue": 497600000.0,
        "Total Revenue": 603900000.0,
        "Operating Revenue": 603900000.0
    },
    "2024-06-30": {
        "Tax Effect Of Unusual Items": -3129000.0,
        "Tax Rate For Calcs": 0.21,
        "Normalized EBITDA": 125200000.0,
        "Total Unusual Items": -14900000.0,
        "Total Unusual Items Excluding Goodwill": -14900000.0,
        "Net Income From Continuing Operation Net Minority Interest": -7600000.0,
        "Reconciled Depreciation": 81200000.0,
        "Reconciled Cost Of Revenue": 506300000.0,
        "EBITDA": 110300000.0,
        "EBIT": 29100000.0,
        "Net Interest Income": -43600000.0,
        "Interest Expense": 43600000.0,
        "Normalized Income": 4171000.0,
        "Net Income From Continuing And Discontinued Operation": -7600000.0,
        "Total Expenses": 564500000.0,
        "Total Operating Income As Reported": 29100000.0,
        "Diluted Average Shares": 421332136.0,
        "Basic Average Shares": 421332136.0,
        "Diluted EPS": -0.02,
        "Basic EPS": -0.02,
        "Diluted NI Availto Com Stockholders": -7600000.0,
        "Net Income Common Stockholders": -7600000.0,
        "Net Income": -7600000.0,
        "Net Income Including Noncontrolling Interests": -7600000.0,
        "Net Income Continuous Operations": -7600000.0,
        "Tax Provision": -6900000.0,
        "Pretax Income": -14500000.0,
        "Other Income Expense": -34300000.0,
        "Other Non Operating Income Expenses": -19400000.0,
        "Special Income Charges": -14900000.0,
        "Other Special Charges": 1800000.0,
        "Restructuring And Mergern Acquisition": 13100000.0,
        "Net Non Operating Interest Income Expense": -43600000.0,
        "Interest Expense Non Operating": 43600000.0,
        "Operating Income": 63400000.0,
        "Operating Expense": 58200000.0,
        "Selling General And Administration": 58200000.0,
        "Gross Profit": 121600000.0,
        "Cost Of Revenue": 506300000.0,
        "Total Revenue": 627900000.0,
        "Operating Revenue": 627900000.0
    },
    "2024-09-30": {
        "Tax Effect Of Unusual Items": -1697080.291971,
        "Tax Rate For Calcs": 0.273723,
        "Normalized EBITDA": 105200000.0,
        "Total Unusual Items": -6200000.0,
        "Total Unusual Items Excluding Goodwill": -6200000.0,
        "Net Income From Continuing Operation Net Minority Interest": -19900000.0,
        "Reconciled Depreciation": 83200000.0,
        "Reconciled Cost Of Revenue": 545500000.0,
        "EBITDA": 99000000.0,
        "EBIT": 15800000.0,
        "Net Interest Income": -43200000.0,
        "Interest Expense": 43200000.0,
        "Normalized Income": -15397080.291971,
        "Net Income From Continuing And Discontinued Operation": -19900000.0,
        "Total Expenses": 607800000.0,
        "Total Operating Income As Reported": 15800000.0,
        "Diluted Average Shares": 422101172.0,
        "Basic Average Shares": 422101172.0,
        "Diluted EPS": -0.05,
        "Basic EPS": -0.05,
        "Diluted NI Availto Com Stockholders": -19900000.0,
        "Net Income Common Stockholders": -19900000.0,
        "Net Income": -19900000.0,
        "Net Income Including Noncontrolling Interests": -19900000.0,
        "Net Income Continuous Operations": -19900000.0,
        "Tax Provision": -7500000.0,
        "Pretax Income": -27400000.0,
        "Other Income Expense": -33200000.0,
        "Other Non Operating Income Expenses": -27000000.0,
        "Special Income Charges": -6200000.0,
        "Other Special Charges": 1800000.0,
        "Restructuring And Mergern Acquisition": 4400000.0,
        "Net Non Operating Interest Income Expense": -43200000.0,
        "Interest Expense Non Operating": 43200000.0,
        "Operating Income": 49000000.0,
        "Operating Expense": 62300000.0,
        "Selling General And Administration": 62300000.0,
        "Gross Profit": 111300000.0,
        "Cost Of Revenue": 545500000.0,
        "Total Revenue": 656800000.0,
        "Operating Revenue": 656800000.0
    }
}