{
    "2023-03-31": {
        "Tax Effect Of Unusual Items": 96061.132075,
        "Tax Rate For Calcs": 0.276038,
        "Normalized EBITDA": 5628000.0,
        "Total Unusual Items": 348000.0,
        "Total Unusual Items Excluding Goodwill": 348000.0,
        "Net Income From Continuing Operation Net Minority Interest": 3837000.0,
        "Reconciled Depreciation": 316000.0,
        "Reconciled Cost Of Revenue": 48100000.0,
        "EBITDA": 5976000.0,
        "EBIT": 5660000.0,
        "Net Interest Income": -360000.0,
        "Interest Expense": 360000.0,
        "Normalized Income": 3585061.132075,
        "Net Income From Continuing And Discontinued Operation": 3837000.0,
        "Total Expenses": 61812000.0,
        "Total Operating Income As Reported": 5707000.0,
        "Diluted Average Shares": 9401867.0,
        "Basic Average Shares": 9172511.0,
        "Diluted EPS": 0.41,
        "Basic EPS": 0.42,
        "Diluted NI Availto Com Stockholders": 3837000.0,
        "Net Income Common Stockholders": 3837000.0,
        "Net Income": 3837000.0,
        "Net Income Including Noncontrolling Interests": 3837000.0,
        "Net Income Continuous Operations": 3837000.0,
        "Tax Provision": 1463000.0,
        "Pretax Income": 5300000.0,
        "Other Income Expense": 348000.0,
        "Special Income Charges": 395000.0,
        "Gain On Sale Of Ppe": 395000.0,
        "Restructuring And Mergern Acquisition": NaN,
        "Gain On Sale Of Security": -47000.0,
        "Net Non Operating Interest Income Expense": -360000.0,
        "Interest Expense Non Operating": 360000.0,
        "Operating Income": 5312000.0,
        "Operating Expense": 13712000.0,
        "Depreciation Amortization Depletion Income Statement": 316000.0,
        "Depreciation And Amortization In Income Statement": 316000.0,
        "Amortization": 45000.0,
        "Amortization Of Intangibles Income Statement": 45000.0,
        "Depreciation Income Statement": 271000.0,
        "Selling General And Administration": 13396000.0,
        "Gross Profit": 19024000.0,
        "Cost Of Revenue": 48100000.0,
        "Total Revenue": 67124000.0,
        "Operating Revenue": 67124000.0
    },
    "2022-12-31": {
        "Tax Effect Of Unusual Items": NaN,
        "Tax Rate For Calcs": NaN,
        "Normalized EBITDA": NaN,
        "Total Unusual Items": NaN,
        "Total Unusual Items Excluding Goodwill": NaN,
        "Net Income From Continuing Operation Net Minority Interest": NaN,
        "Reconciled Depreciation": NaN,
        "Reconciled Cost Of Revenue": NaN,
        "EBITDA": NaN,
        "EBIT": NaN,
        "Net Interest Income": NaN,
        "Interest Expense": NaN,
        "Normalized Income": NaN,
        "Net Income From Continuing And Discontinued Operation": NaN,
        "Total Expenses": NaN,
        "Total Operating Income As Reported": NaN,
        "Diluted Average Shares": NaN,
        "Basic Average Shares": NaN,
        "Diluted EPS": NaN,
        "Basic EPS": NaN,
        "Diluted NI Availto Com Stockholders": NaN,
        "Net Income Common Stockholders": NaN,
        "Net Income": NaN,
        "Net Income Including Noncontrolling Interests": NaN,
        "Net Income Continuous Operations": NaN,
        "Tax Provision": NaN,
        "Pretax Income": NaN,
        "Other Income Expense": NaN,
        "Special Income Charges": NaN,
        "Gain On Sale Of Ppe": NaN,
        "Restructuring And Mergern Acquisition": -88000.0,
        "Gain On Sale Of Security": NaN,
        "Net Non Operating Interest Income Expense": NaN,
        "Interest Expense Non Operating": NaN,
        "Operating Income": NaN,
        "Operating Expense": NaN,
        "Other Operating Expenses": NaN,
        "Depreciation Amortization Depletion Income Statement": NaN,
        "Depreciation And Amortization In Income Statement": NaN,
        "Amortization": NaN,
        "Amortization Of Intangibles Income Statement": NaN,
        "Depreciation Income Statement": NaN,
        "Selling General And Administration": NaN,
        "Gross Profit": NaN,
        "Cost Of Revenue": NaN,
        "Total Revenue": NaN,
        "Operating Revenue": NaN
    },
    "2022-09-30": {
        "Tax Effect Of Unusual Items": NaN,
        "Tax Rate For Calcs": NaN,
        "Normalized EBITDA": NaN,
        "Total Unusual Items": NaN,
        "Total Unusual Items Excluding Goodwill": NaN,
        "Net Income From Continuing Operation Net Minority Interest": NaN,
        "Reconciled Depreciation": NaN,
        "Reconciled Cost Of Revenue": NaN,
        "EBITDA": NaN,
        "EBIT": NaN,
        "Net Interest Income": NaN,
        "Interest Expense": NaN,
        "Normalized Income": NaN,
        "Net Income From Continuing And Discontinued Operation": NaN,
        "Total Expenses": NaN,
        "Total Operating Income As Reported": NaN,
        "Diluted Average Shares": NaN,
        "Basic Average Shares": NaN,
        "Diluted EPS": NaN,
        "Basic EPS": NaN,
        "Diluted NI Availto Com Stockholders": NaN,
        "Net Income Common Stockholders": NaN,
        "Net Income": NaN,
        "Net Income Including Noncontrolling Interests": NaN,
        "Net Income Continuous Operations": NaN,
        "Tax Provision": NaN,
        "Pretax Income": NaN,
        "Other Income Expense": NaN,
        "Special Income Charges": NaN,
        "Gain On Sale Of Ppe": NaN,
        "Restructuring And Mergern Acquisition": 0.0,
        "Gain On Sale Of Security": NaN,
        "Net Non Operating Interest Income Expense": NaN,
        "Interest Expense Non Operating": NaN,
        "Operating Income": NaN,
        "Operating Expense": NaN,
        "Depreciation Amortization Depletion Income Statement": NaN,
        "Depreciation And Amortization In Income Statement": NaN,
        "Amortization": NaN,
        "Amortization Of Intangibles Income Statement": NaN,
        "Depreciation Income Statement": NaN,
        "Selling General And Administration": NaN,
        "Gross Profit": NaN,
        "Cost Of Revenue": NaN,
        "Total Revenue": NaN,
        "Operating Revenue": NaN
    },
    "2022-06-30": {
        "Tax Effect Of Unusual Items": 0.0,
        "Tax Rate For Calcs": 0.268548,
        "Normalized EBITDA": 8419000.0,
        "Total Unusual Items": 97000.0,
        "Total Unusual Items Excluding Goodwill": 97000.0,
        "Net Income From Continuing Operation Net Minority Interest": 6014000.0,
        "Reconciled Depreciation": 225000.0,
        "Reconciled Cost Of Revenue": 52663000.0,
        "EBITDA": 8419000.0,
        "EBIT": 8194000.0,
        "Net Interest Income": -69000.0,
        "Interest Expense": 69000.0,
        "Normalized Income": 6014000.0,
        "Net Income From Continuing And Discontinued Operation": 6014000.0,
        "Total Expenses": 66152000.0,
        "Total Operating Income As Reported": 8194000.0,
        "Diluted Average Shares": 10550877.0,
        "Basic Average Shares": 10134763.0,
        "Diluted EPS": 0.57,
        "Basic EPS": 0.593403,
        "Diluted NI Availto Com Stockholders": 6014000.0,
        "Net Income Common Stockholders": 6014000.0,
        "Net Income": 6014000.0,
        "Net Income Including Noncontrolling Interests": 6014000.0,
        "Net Income Continuous Operations": 6014000.0,
        "Tax Provision": 2208000.0,
        "Pretax Income": 8222000.0,
        "Other Income Expense": 28000.0,
        "Other Non Operating Income Expenses": 28000.0,
        "Special Income Charges": 0.0,
        "Gain On Sale Of Ppe": NaN,
        "Restructuring And Mergern Acquisition": 0.0,
        "Gain On Sale Of Security": 97000.0,
        "Net Non Operating Interest Income Expense": -69000.0,
        "Interest Expense Non Operating": 69000.0,
        "Operating Income": 8194000.0,
        "Operating Expense": 13489000.0,
        "Depreciation Amortization Depletion Income Statement": 225000.0,
        "Depreciation And Amortization In Income Statement": 225000.0,
        "Amortization": 0.0,
        "Amortization Of Intangibles Income Statement": 0.0,
        "Depreciation Income Statement": 225000.0,
        "Selling General And Administration": 13264000.0,
        "Gross Profit": 21683000.0,
        "Cost Of Revenue": 52663000.0,
        "Total Revenue": 74346000.0,
        "Operating Revenue": 74346000.0
    },
    "2022-03-31": {
        "Diluted EPS": 0.62,
        "Total Revenue": 82,
        "Gross Profit": 23,
        "Operating Income": 9,
        "EBIT": 9,
        "Net Income": 7
    },
    "2021-12-31": {
        "Diluted EPS": 0.52,
        "Total Revenue": 65,
        "Gross Profit": 18,
        "Operating Income": 7,
        "EBIT": 8,
        "Net Income": 6
    },
    "2021-09-30": {
        "Diluted EPS": 0.24,
        "Total Revenue": 45,
        "Gross Profit": 12,
        "Operating Income": 4,
        "EBIT": 4,
        "Net Income": 3
    },
    "2021-06-30": {
        "Diluted EPS": 0.11,
        "Total Revenue": 49,
        "Gross Profit": 12,
        "Operating Income": 2,
        "EBIT": 2,
        "Net Income": 1
    },
    "2021-03-31": {
        "Diluted EPS": 0.08,
        "Total Revenue": 45,
        "Gross Profit": 11,
        "Operating Income": 1,
        "EBIT": 2,
        "Net Income": 1
    },
    "2020-12-31": {
        "Diluted EPS": -0.18,
        "Total Revenue": 41,
        "Gross Profit": 11,
        "Operating Income": -2,
        "EBIT": -2,
        "Net Income": -2
    },
    "2020-09-30": {
        "Diluted EPS": -0.02,
        "Total Revenue": 32,
        "Gross Profit": 9,
        "Operating Income": 0,
        "EBIT": 2,
        "Net Income": 0
    },
    "2020-06-30": {
        "Diluted EPS": -0.08,
        "Total Revenue": 33,
        "Gross Profit": 9,
        "Operating Income": -1,
        "EBIT": -1,
        "Net Income": -1
    },
    "2020-03-31": {
        "Diluted EPS": -0.45,
        "Total Revenue": 45,
        "Gross Profit": 11,
        "Operating Income": -8,
        "EBIT": -7,
        "Net Income": -6
    },
    "2019-12-31": {
        "Diluted EPS": 0.07,
        "Total Revenue": 49,
        "Gross Profit": 13,
        "Operating Income": 2,
        "EBIT": 2,
        "Net Income": 1
    },
    "2019-09-30": {
        "Diluted EPS": 0.03,
        "Total Revenue": 40,
        "Gross Profit": 11,
        "Operating Income": 1,
        "EBIT": 1,
        "Net Income": 0
    },
    "2019-06-30": {
        "Diluted EPS": 0.1,
        "Total Revenue": 51,
        "Gross Profit": 13,
        "Operating Income": 2,
        "EBIT": 3,
        "Net Income": 1
    },
    "2019-03-31": {
        "Diluted EPS": 0.11,
        "Total Revenue": 52,
        "Gross Profit": 13,
        "Operating Income": 2,
        "EBIT": 2,
        "Net Income": 1
    },
    "2018-12-31": {
        "Diluted EPS": 0.04,
        "Total Revenue": 55,
        "Gross Profit": 13,
        "Operating Income": 2,
        "EBIT": 2,
        "Net Income": 1
    },
    "2018-09-30": {
        "Diluted EPS": 0.06,
        "Total Revenue": 43,
        "Gross Profit": 11,
        "Operating Income": 1,
        "EBIT": 2,
        "Net Income": 1
    },
    "2018-06-30": {
        "Diluted EPS": 0.03,
        "Total Revenue": 52,
        "Gross Profit": 13,
        "Operating Income": 1,
        "EBIT": 1,
        "Net Income": 0
    },
    "2018-03-31": {
        "Diluted EPS": 0.09,
        "Total Revenue": 51,
        "Gross Profit": 13,
        "Operating Income": 2,
        "EBIT": 2,
        "Net Income": 1
    },
    "2017-12-31": {
        "Diluted EPS": 0.02,
        "Total Revenue": 51,
        "Gross Profit": 13,
        "Operating Income": -3,
        "EBIT": 1,
        "Net Income": 0
    },
    "2017-09-30": {
        "Diluted EPS": 0.08,
        "Total Revenue": 44,
        "Gross Profit": 12,
        "Operating Income": 2,
        "EBIT": 2,
        "Net Income": 1
    },
    "2017-06-30": {
        "Diluted EPS": 0.02,
        "Total Revenue": 46,
        "Gross Profit": 12,
        "Operating Income": 1,
        "EBIT": 1,
        "Net Income": 0
    },
    "2017-03-31": {
        "Diluted EPS": 0.05,
        "Total Revenue": 46,
        "Gross Profit": 12,
        "Operating Income": 1,
        "EBIT": 1,
        "Net Income": 1
    },
    "2016-12-31": {
        "Diluted EPS": -0.02,
        "Total Revenue": 44,
        "Gross Profit": 12,
        "Operating Income": 0,
        "EBIT": 0,
        "Net Income": 0
    },
    "2016-09-30": {
        "Diluted EPS": 0.01,
        "Total Revenue": 40,
        "Gross Profit": 10,
        "Operating Income": 0,
        "EBIT": 1,
        "Net Income": 0
    },
    "2016-06-30": {
        "Diluted EPS": 0.07,
        "Total Revenue": 45,
        "Gross Profit": 12,
        "Operating Income": 2,
        "EBIT": 2,
        "Net Income": 1
    },
    "2016-03-31": {
        "Diluted EPS": 0.08,
        "Total Revenue": 47,
        "Gross Profit": 13,
        "Operating Income": 2,
        "EBIT": 2,
        "Net Income": 1
    },
    "2015-12-31": {
        "Diluted EPS": 0.24,
        "Total Revenue": 47,
        "Gross Profit": 14,
        "Operating Income": 2,
        "EBIT": 3,
        "Net Income": 3
    },
    "2015-09-30": {
        "Diluted EPS": 0.07,
        "Total Revenue": 45,
        "Gross Profit": 13,
        "Operating Income": 2,
        "EBIT": 2,
        "Net Income": 1
    },
    "2015-06-30": {
        "Diluted EPS": 0.05,
        "Total Revenue": 45,
        "Gross Profit": 12,
        "Operating Income": 1,
        "EBIT": 2,
        "Net Income": 1
    },
    "2015-03-31": {
        "Diluted EPS": 0.11,
        "Total Revenue": 48,
        "Gross Profit": 13,
        "Operating Income": 2,
        "EBIT": 3,
        "Net Income": 1
    },
    "2014-12-31": {
        "Diluted EPS": 0.14,
        "Total Revenue": 49,
        "Gross Profit": 13,
        "Operating Income": 3,
        "EBIT": 3,
        "Net Income": 2
    },
    "2014-09-30": {
        "Diluted EPS": 0.15,
        "Total Revenue": 46,
        "Gross Profit": 13,
        "Operating Income": 3,
        "EBIT": 3,
        "Net Income": 2
    },
    "2014-06-30": {
        "Diluted EPS": 0.15,
        "Total Revenue": 50,
        "Gross Profit": 13,
        "Operating Income": 3,
        "EBIT": 3,
        "Net Income": 2
    },
    "2014-03-31": {
        "Diluted EPS": 0.1,
        "Total Revenue": 49,
        "Gross Profit": 12,
        "Operating Income": 2,
        "EBIT": 2,
        "Net Income": 1
    },
    "2013-12-31": {
        "Diluted EPS": -0.13,
        "Total Revenue": 46,
        "Gross Profit": 12,
        "Operating Income": -2,
        "EBIT": -2,
        "Net Income": -2
    },
    "2013-09-30": {
        "Diluted EPS": 0.09,
        "Total Revenue": 41,
        "Gross Profit": 11,
        "Operating Income": 2,
        "EBIT": 2,
        "Net Income": 1
    },
    "2013-06-30": {
        "Diluted EPS": 0.12,
        "Total Revenue": 42,
        "Gross Profit": 11,
        "Operating Income": 2,
        "EBIT": 2,
        "Net Income": 1
    },
    "2013-03-31": {
        "Diluted EPS": 0.08,
        "Total Revenue": 41,
        "Gross Profit": 11,
        "Operating Income": 2,
        "EBIT": 2,
        "Net Income": 1
    },
    "2012-12-31": {
        "Diluted EPS": 0.09,
        "Total Revenue": 37,
        "Gross Profit": 10,
        "Operating Income": 1,
        "EBIT": 2,
        "Net Income": 1
    },
    "2012-09-30": {
        "Diluted EPS": 0.05,
        "Total Revenue": 35,
        "Gross Profit": 10,
        "Operating Income": 1,
        "EBIT": 2,
        "Net Income": 1
    },
    "2012-06-30": {
        "Diluted EPS": 0.04,
        "Total Revenue": 36,
        "Gross Profit": 10,
        "Operating Income": 1,
        "EBIT": 1,
        "Net Income": 1
    },
    "2012-03-31": {
        "Diluted EPS": 0.08,
        "Total Revenue": 38,
        "Gross Profit": 10,
        "Operating Income": 2,
        "EBIT": 2,
        "Net Income": 1
    },
    "2011-12-31": {
        "Diluted EPS": 0.09,
        "Total Revenue": 35,
        "Gross Profit": 10,
        "Operating Income": 2,
        "EBIT": 2,
        "Net Income": 1
    },
    "2011-09-30": {
        "Diluted EPS": 0.06,
        "Total Revenue": 34,
        "Gross Profit": 9,
        "Operating Income": 1,
        "EBIT": 1,
        "Net Income": 1
    },
    "2011-06-30": {
        "Diluted EPS": 0.09,
        "Total Revenue": 37,
        "Gross Profit": 10,
        "Operating Income": 2,
        "EBIT": 2,
        "Net Income": 1
    },
    "2011-03-31": {
        "Diluted EPS": 0.09,
        "Total Revenue": 39,
        "Gross Profit": 11,
        "Operating Income": 2,
        "EBIT": 2,
        "Net Income": 1
    },
    "2010-12-31": {
        "Diluted EPS": 0.08,
        "Total Revenue": 36,
        "Gross Profit": 11,
        "Operating Income": 2,
        "EBIT": 3,
        "Net Income": 1
    },
    "2010-09-30": {
        "Diluted EPS": 0.09,
        "Total Revenue": 37,
        "Gross Profit": 11,
        "Operating Income": 2,
        "EBIT": 2,
        "Net Income": 1
    },
    "2010-06-30": {
        "Diluted EPS": 0.13,
        "Total Revenue": 43,
        "Gross Profit": 12,
        "Operating Income": 3,
        "EBIT": 3,
        "Net Income": 2
    },
    "2010-03-31": {
        "Diluted EPS": 0.14,
        "Total Revenue": 45,
        "Gross Profit": 12,
        "Operating Income": 2,
        "EBIT": 2,
        "Net Income": 2
    },
    "2009-12-31": {
        "Diluted EPS": 0.06,
        "Total Revenue": 38,
        "Gross Profit": 11,
        "Operating Income": 1,
        "EBIT": 2,
        "Net Income": 1
    },
    "2009-09-30": {
        "Diluted EPS": 0.03,
        "Total Revenue": 40,
        "Gross Profit": 11,
        "Operating Income": 1,
        "EBIT": 1,
        "Net Income": 0
    },
    "2009-06-30": {
        "Diluted EPS": 0.02,
        "Total Revenue": 46,
        "Gross Profit": 12,
        "Operating Income": 1,
        "EBIT": 1,
        "Net Income": 0
    },
    "2009-03-31": {
        "Diluted EPS": 0.43,
        "Total Revenue": 47,
        "Gross Profit": 11,
        "Operating Income": 0,
        "EBIT": 0,
        "Net Income": 6
    },
    "2023-06-30": {
        "Tax Effect Of Unusual Items": 1771.0,
        "Tax Rate For Calcs": 0.253,
        "Normalized EBITDA": 6037000.0,
        "Total Unusual Items": 7000.0,
        "Total Unusual Items Excluding Goodwill": 7000.0,
        "Net Income From Continuing Operation Net Minority Interest": 3983000.0,
        "Reconciled Depreciation": 288000.0,
        "Reconciled Cost Of Revenue": 48275000.0,
        "EBITDA": 6044000.0,
        "EBIT": 5756000.0,
        "Net Interest Income": -425000.0,
        "Interest Expense": 425000.0,
        "Normalized Income": 3977771.0,
        "Net Income From Continuing And Discontinued Operation": 3983000.0,
        "Total Expenses": 61286000.0,
        "Total Operating Income As Reported": 5749000.0,
        "Diluted Average Shares": 8558396.0,
        "Basic Average Shares": 8297521.0,
        "Diluted EPS": 0.47,
        "Basic EPS": 0.48,
        "Diluted NI Availto Com Stockholders": 3983000.0,
        "Net Income Common Stockholders": 3983000.0,
        "Net Income": 3983000.0,
        "Net Income Including Noncontrolling Interests": 3983000.0,
        "Net Income Continuous Operations": 3983000.0,
        "Tax Provision": 1348000.0,
        "Pretax Income": 5331000.0,
        "Other Income Expense": 7000.0,
        "Special Income Charges": 0.0,
        "Gain On Sale Of Ppe": 0.0,
        "Gain On Sale Of Security": 7000.0,
        "Net Non Operating Interest Income Expense": -425000.0,
        "Interest Expense Non Operating": 425000.0,
        "Operating Income": 5749000.0,
        "Operating Expense": 13011000.0,
        "Other Operating Expenses": NaN,
        "Depreciation Amortization Depletion Income Statement": 288000.0,
        "Depreciation And Amortization In Income Statement": 288000.0,
        "Amortization": 46000.0,
        "Amortization Of Intangibles Income Statement": 46000.0,
        "Depreciation Income Statement": 242000.0,
        "Selling General And Administration": 12723000.0,
        "Gross Profit": 18760000.0,
        "Cost Of Revenue": 48275000.0,
        "Total Revenue": 67035000.0,
        "Operating Revenue": 67035000.0
    },
    "2023-09-30": {
        "Tax Effect Of Unusual Items": 4576.0,
        "Tax Rate For Calcs": 0.104,
        "Normalized EBITDA": 4619000.0,
        "Total Unusual Items": 44000.0,
        "Total Unusual Items Excluding Goodwill": 44000.0,
        "Net Income From Continuing Operation Net Minority Interest": 3756000.0,
        "Reconciled Depreciation": 288000.0,
        "Reconciled Cost Of Revenue": 40768000.0,
        "EBITDA": 4663000.0,
        "EBIT": 4375000.0,
        "Net Interest Income": -185000.0,
        "Interest Expense": 185000.0,
        "Normalized Income": 3716576.0,
        "Net Income From Continuing And Discontinued Operation": 3756000.0,
        "Total Expenses": 53718000.0,
        "Total Operating Income As Reported": 4331000.0,
        "Diluted Average Shares": 8196330.0,
        "Basic Average Shares": 7900190.0,
        "Diluted EPS": 0.46,
        "Basic EPS": 0.475432,
        "Diluted NI Availto Com Stockholders": 3756000.0,
        "Net Income Common Stockholders": 3756000.0,
        "Net Income": 3756000.0,
        "Net Income Including Noncontrolling Interests": 3756000.0,
        "Net Income Continuous Operations": 3756000.0,
        "Tax Provision": 434000.0,
        "Pretax Income": 4190000.0,
        "Other Income Expense": 44000.0,
        "Special Income Charges": 0.0,
        "Gain On Sale Of Ppe": 0.0,
        "Gain On Sale Of Security": 44000.0,
        "Net Non Operating Interest Income Expense": -185000.0,
        "Interest Expense Non Operating": 185000.0,
        "Operating Income": 4331000.0,
        "Operating Expense": 12950000.0,
        "Other Operating Expenses": NaN,
        "Depreciation Amortization Depletion Income Statement": 288000.0,
        "Depreciation And Amortization In Income Statement": 288000.0,
        "Amortization": 45000.0,
        "Amortization Of Intangibles Income Statement": 45000.0,
        "Depreciation Income Statement": 243000.0,
        "Selling General And Administration": 12662000.0,
        "Gross Profit": 17281000.0,
        "Cost Of Revenue": 40768000.0,
        "Total Revenue": 58049000.0,
        "Operating Revenue": 58049000.0
    },
    "2023-12-31": {
        "Tax Effect Of Unusual Items": NaN,
        "Tax Rate For Calcs": NaN,
        "Normalized EBITDA": NaN,
        "Total Unusual Items": NaN,
        "Total Unusual Items Excluding Goodwill": NaN,
        "Net Income From Continuing Operation Net Minority Interest": NaN,
        "Reconciled Depreciation": NaN,
        "Reconciled Cost Of Revenue": NaN,
        "EBITDA": NaN,
        "EBIT": NaN,
        "Net Interest Income": NaN,
        "Interest Expense": NaN,
        "Normalized Income": NaN,
        "Net Income From Continuing And Discontinued Operation": NaN,
        "Total Expenses": NaN,
        "Total Operating Income As Reported": NaN,
        "Diluted Average Shares": NaN,
        "Basic Average Shares": NaN,
        "Diluted EPS": NaN,
        "Basic EPS": NaN,
        "Diluted NI Availto Com Stockholders": NaN,
        "Net Income Common Stockholders": NaN,
        "Net Income": NaN,
        "Net Income Including Noncontrolling Interests": NaN,
        "Net Income Continuous Operations": NaN,
        "Tax Provision": NaN,
        "Pretax Income": NaN,
        "Other Income Expense": NaN,
        "Special Income Charges": 0.0,
        "Gain On Sale Of Ppe": 0.0,
        "Gain On Sale Of Security": NaN,
        "Net Non Operating Interest Income Expense": NaN,
        "Interest Expense Non Operating": NaN,
        "Operating Income": NaN,
        "Operating Expense": NaN,
        "Other Operating Expenses": NaN,
        "Depreciation Amortization Depletion Income Statement": NaN,
        "Depreciation And Amortization In Income Statement": NaN,
        "Amortization": NaN,
        "Amortization Of Intangibles Income Statement": NaN,
        "Depreciation Income Statement": NaN,
        "Selling General And Administration": NaN,
        "Gross Profit": NaN,
        "Cost Of Revenue": NaN,
        "Total Revenue": NaN,
        "Operating Revenue": NaN
    },
    "2024-03-31": {
        "Tax Effect Of Unusual Items": NaN,
        "Tax Rate For Calcs": NaN,
        "Normalized EBITDA": NaN,
        "Total Unusual Items": NaN,
        "Total Unusual Items Excluding Goodwill": NaN,
        "Net Income From Continuing Operation Net Minority Interest": NaN,
        "Reconciled Depreciation": NaN,
        "Reconciled Cost Of Revenue": NaN,
        "EBITDA": NaN,
        "EBIT": NaN,
        "Net Interest Income": NaN,
        "Interest Expense": NaN,
        "Normalized Income": NaN,
        "Net Income From Continuing And Discontinued Operation": NaN,
        "Total Expenses": NaN,
        "Total Operating Income As Reported": NaN,
        "Diluted Average Shares": NaN,
        "Basic Average Shares": NaN,
        "Diluted EPS": NaN,
        "Basic EPS": NaN,
        "Diluted NI Availto Com Stockholders": NaN,
        "Net Income Common Stockholders": NaN,
        "Net Income": NaN,
        "Net Income Including Noncontrolling Interests": NaN,
        "Net Income Continuous Operations": NaN,
        "Tax Provision": NaN,
        "Pretax Income": NaN,
        "Other Income Expense": NaN,
        "Special Income Charges": 0.0,
        "Gain On Sale Of Ppe": 0.0,
        "Gain On Sale Of Security": NaN,
        "Net Non Operating Interest Income Expense": NaN,
        "Interest Expense Non Operating": NaN,
        "Operating Income": NaN,
        "Operating Expense": NaN,
        "Other Operating Expenses": NaN,
        "Depreciation Amortization Depletion Income Statement": NaN,
        "Depreciation And Amortization In Income Statement": NaN,
        "Amortization": NaN,
        "Amortization Of Intangibles Income Statement": NaN,
        "Depreciation Income Statement": NaN,
        "Selling General And Administration": NaN,
        "Gross Profit": NaN,
        "Cost Of Revenue": NaN,
        "Total Revenue": NaN,
        "Operating Revenue": NaN
    },
    "2024-06-30": {
        "Tax Effect Of Unusual Items": 1979.218303,
        "Tax Rate For Calcs": 0.282745,
        "Normalized EBITDA": 6197000.0,
        "Total Unusual Items": 7000.0,
        "Total Unusual Items Excluding Goodwill": 7000.0,
        "Net Income From Continuing Operation Net Minority Interest": 3762000.0,
        "Reconciled Depreciation": 378000.0,
        "Reconciled Cost Of Revenue": 49163000.0,
        "EBITDA": 6204000.0,
        "EBIT": 5826000.0,
        "Net Interest Income": -581000.0,
        "Interest Expense": 581000.0,
        "Normalized Income": 3756979.218303,
        "Net Income From Continuing And Discontinued Operation": 3762000.0,
        "Total Expenses": 63345000.0,
        "Total Operating Income As Reported": 5819000.0,
        "Diluted Average Shares": 7955943.0,
        "Basic Average Shares": 7666709.0,
        "Diluted EPS": 0.47,
        "Basic EPS": 0.490693,
        "Diluted NI Availto Com Stockholders": 3762000.0,
        "Net Income Common Stockholders": 3762000.0,
        "Net Income": 3762000.0,
        "Net Income Including Noncontrolling Interests": 3762000.0,
        "Net Income Continuous Operations": 3762000.0,
        "Tax Provision": 1483000.0,
        "Pretax Income": 5245000.0,
        "Other Income Expense": 7000.0,
        "Special Income Charges": 0.0,
        "Gain On Sale Of Ppe": 0.0,
        "Gain On Sale Of Security": 7000.0,
        "Net Non Operating Interest Income Expense": -581000.0,
        "Interest Expense Non Operating": 581000.0,
        "Operating Income": 5819000.0,
        "Operating Expense": 14182000.0,
        "Other Operating Expenses": 259000.0,
        "Depreciation Amortization Depletion Income Statement": 378000.0,
        "Depreciation And Amortization In Income Statement": 378000.0,
        "Amortization": 46000.0,
        "Amortization Of Intangibles Income Statement": 46000.0,
        "Depreciation Income Statement": 332000.0,
        "Selling General And Administration": 13545000.0,
        "Gross Profit": 20001000.0,
        "Cost Of Revenue": 49163000.0,
        "Total Revenue": 69164000.0,
        "Operating Revenue": 69164000.0
    },
    "2024-09-30": {
        "Tax Effect Of Unusual Items": -34417.0,
        "Tax Rate For Calcs": 0.271,
        "Normalized EBITDA": 4823000.0,
        "Total Unusual Items": -127000.0,
        "Total Unusual Items Excluding Goodwill": -127000.0,
        "Net Income From Continuing Operation Net Minority Interest": 2746000.0,
        "Reconciled Depreciation": 438000.0,
        "Reconciled Cost Of Revenue": 42524000.0,
        "EBITDA": 4696000.0,
        "EBIT": 4258000.0,
        "Net Interest Income": -492000.0,
        "Interest Expense": 492000.0,
        "Normalized Income": 2838583.0,
        "Net Income From Continuing And Discontinued Operation": 2746000.0,
        "Total Expenses": 55980000.0,
        "Total Operating Income As Reported": 4385000.0,
        "Diluted Average Shares": 7789446.0,
        "Basic Average Shares": 7634113.0,
        "Diluted EPS": 0.35,
        "Basic EPS": 0.36,
        "Diluted NI Availto Com Stockholders": 2746000.0,
        "Net Income Common Stockholders": 2746000.0,
        "Net Income": 2746000.0,
        "Net Income Including Noncontrolling Interests": 2746000.0,
        "Net Income Continuous Operations": 2746000.0,
        "Tax Provision": 1020000.0,
        "Pretax Income": 3766000.0,
        "Other Income Expense": -127000.0,
        "Special Income Charges": 0.0,
        "Gain On Sale Of Ppe": 0.0,
        "Gain On Sale Of Security": -127000.0,
        "Net Non Operating Interest Income Expense": -492000.0,
        "Interest Expense Non Operating": 492000.0,
        "Operating Income": 4385000.0,
        "Operating Expense": 13456000.0,
        "Other Operating Expenses": NaN,
        "Depreciation Amortization Depletion Income Statement": 438000.0,
        "Depreciation And Amortization In Income Statement": 438000.0,
        "Amortization": 45000.0,
        "Amortization Of Intangibles Income Statement": 45000.0,
        "Depreciation Income Statement": 393000.0,
        "Selling General And Administration": 13018000.0,
        "Gross Profit": 17841000.0,
        "Cost Of Revenue": 42524000.0,
        "Total Revenue": 60365000.0,
        "Operating Revenue": 60365000.0
    },
    "2024-12-31": {
        "Tax Effect Of Unusual Items": 285600.0,
        "Tax Rate For Calcs": 0.21,
        "Normalized EBITDA": 6027000.0,
        "Total Unusual Items": 1360000.0,
        "Total Unusual Items Excluding Goodwill": 1360000.0,
        "Net Income From Continuing Operation Net Minority Interest": 2867000.0,
        "Reconciled Depreciation": 954000.0,
        "Reconciled Cost Of Revenue": 54796000.0,
        "EBITDA": 7387000.0,
        "EBIT": 6433000.0,
        "Net Interest Income": -987000.0,
        "Interest Expense": 664000.0,
        "Normalized Income": 1792600.0,
        "Net Income From Continuing And Discontinued Operation": 2867000.0,
        "Total Expenses": 71516000.0,
        "Total Operating Income As Reported": 6285000.0,
        "Diluted Average Shares": 7733142.0,
        "Basic Average Shares": 7602113.0,
        "Diluted EPS": 0.37,
        "Basic EPS": 0.377132,
        "Diluted NI Availto Com Stockholders": 2867000.0,
        "Net Income Common Stockholders": 2867000.0,
        "Net Income": 2867000.0,
        "Net Income Including Noncontrolling Interests": 2867000.0,
        "Net Income Continuous Operations": 2867000.0,
        "Tax Provision": 2902000.0,
        "Pretax Income": 5769000.0,
        "Other Income Expense": 1360000.0,
        "Special Income Charges": 1212000.0,
        "Gain On Sale Of Ppe": 0.0,
        "Gain On Sale Of Security": 148000.0,
        "Net Non Operating Interest Income Expense": -987000.0,
        "Interest Expense Non Operating": 664000.0,
        "Operating Income": 5396000.0,
        "Operating Expense": 16173000.0,
        "Other Operating Expenses": NaN,
        "Depreciation Amortization Depletion Income Statement": 407000.0,
        "Depreciation And Amortization In Income Statement": 407000.0,
        "Amortization": 0.0,
        "Amortization Of Intangibles Income Statement": 0.0,
        "Depreciation Income Statement": 407000.0,
        "Selling General And Administration": 16025000.0,
        "Gross Profit": 21569000.0,
        "Cost Of Revenue": 55343000.0,
        "Total Revenue": 76912000.0,
        "Operating Revenue": 76912000.0
    },
    "2025-03-31": {
        "Tax Effect Of Unusual Items": -13583.0,
        "Tax Rate For Calcs": 0.289,
        "Normalized EBITDA": 7007000.0,
        "Total Unusual Items": -47000.0,
        "Total Unusual Items Excluding Goodwill": -47000.0,
        "Net Income From Continuing Operation Net Minority Interest": 4186000.0,
        "Reconciled Depreciation": 424000.0,
        "Reconciled Cost Of Revenue": 62495000.0,
        "EBITDA": 6960000.0,
        "EBIT": 6536000.0,
        "Net Interest Income": -651000.0,
        "Interest Expense": 651000.0,
        "Normalized Income": 4219417.0,
        "Net Income From Continuing And Discontinued Operation": 4186000.0,
        "Total Expenses": 77890000.0,
        "Total Operating Income As Reported": 6583000.0,
        "Diluted Average Shares": 7741481.0,
        "Basic Average Shares": 7508593.0,
        "Diluted EPS": 0.54,
        "Basic EPS": 0.557495,
        "Diluted NI Availto Com Stockholders": 4186000.0,
        "Net Income Common Stockholders": 4186000.0,
        "Net Income": 4186000.0,
        "Net Income Including Noncontrolling Interests": 4186000.0,
        "Net Income Continuous Operations": 4186000.0,
        "Tax Provision": 1699000.0,
        "Pretax Income": 5885000.0,
        "Other Income Expense": -47000.0,
        "Special Income Charges": NaN,
        "Gain On Sale Of Ppe": NaN,
        "Gain On Sale Of Security": -47000.0,
        "Net Non Operating Interest Income Expense": -651000.0,
        "Interest Expense Non Operating": 651000.0,
        "Operating Income": 6583000.0,
        "Operating Expense": 15395000.0,
        "Other Operating Expenses": NaN,
        "Depreciation Amortization Depletion Income Statement": 424000.0,
        "Depreciation And Amortization In Income Statement": 424000.0,
        "Amortization": 0.0,
        "Amortization Of Intangibles Income Statement": 0.0,
        "Depreciation Income Statement": 424000.0,
        "Selling General And Administration": 14971000.0,
        "Gross Profit": 21978000.0,
        "Cost Of Revenue": 62495000.0,
        "Total Revenue": 84473000.0,
        "Operating Revenue": 84473000.0
    },
    "2025-06-30": {
        "Tax Effect Of Unusual Items": -92819.640339,
        "Tax Rate For Calcs": 0.332687,
        "Normalized EBITDA": 7002000.0,
        "Total Unusual Items": -279000.0,
        "Total Unusual Items Excluding Goodwill": -279000.0,
        "Net Income From Continuing Operation Net Minority Interest": 3785000.0,
        "Reconciled Depreciation": 401000.0,
        "Reconciled Cost Of Revenue": 55889000.0,
        "EBITDA": 6723000.0,
        "EBIT": 6322000.0,
        "Net Interest Income": -650000.0,
        "Interest Expense": 650000.0,
        "Normalized Income": 3971180.359661,
        "Net Income From Continuing And Discontinued Operation": 3785000.0,
        "Total Expenses": 71565000.0,
        "Total Operating Income As Reported": 6601000.0,
        "Diluted Average Shares": 7537787.0,
        "Basic Average Shares": 7390385.0,
        "Diluted EPS": 0.5,
        "Basic EPS": 0.512152,
        "Diluted NI Availto Com Stockholders": 3785000.0,
        "Net Income Common Stockholders": 3785000.0,
        "Net Income": 3785000.0,
        "Net Income Including Noncontrolling Interests": 3785000.0,
        "Net Income Continuous Operations": 3785000.0,
        "Tax Provision": 1887000.0,
        "Pretax Income": 5672000.0,
        "Other Income Expense": -279000.0,
        "Special Income Charges": NaN,
        "Gain On Sale Of Ppe": NaN,
        "Gain On Sale Of Security": -279000.0,
        "Net Non Operating Interest Income Expense": -650000.0,
        "Interest Expense Non Operating": 650000.0,
        "Operating Income": 6601000.0,
        "Operating Expense": 15676000.0,
        "Other Operating Expenses": NaN,
        "Depreciation Amortization Depletion Income Statement": 401000.0,
        "Depreciation And Amortization In Income Statement": 401000.0,
        "Amortization": 0.0,
        "Amortization Of Intangibles Income Statement": 0.0,
        "Depreciation Income Statement": 401000.0,
        "Selling General And Administration": 15275000.0,
        "Gross Profit": 22277000.0,
        "Cost Of Revenue": 55889000.0,
        "Total Revenue": 78166000.0,
        "Operating Revenue": 78166000.0
    }
}