{
    "2023-03-31": {
        "Tax Effect Of Unusual Items": 0.0,
        "Tax Rate For Calcs": 0.227,
        "Net Income From Continuing Operation Net Minority Interest": 157757000.0,
        "Reconciled Depreciation": 1371000.0,
        "EBIT": 225450000.0,
        "Net Interest Income": -21439000.0,
        "Interest Expense": 21439000.0,
        "Normalized Income": 157757000.0,
        "Net Income From Continuing And Discontinued Operation": 157757000.0,
        "Total Expenses": 105841000.0,
        "Diluted Average Shares": 161349000.0,
        "Basic Average Shares": 158304000.0,
        "Diluted EPS": 0.98,
        "Basic EPS": 1.0,
        "Diluted NI Availto Com Stockholders": 157757000.0,
        "Net Income Common Stockholders": 157757000.0,
        "Net Income": 157757000.0,
        "Net Income Including Noncontrolling Interests": 157757000.0,
        "Net Income Continuous Operations": 157757000.0,
        "Tax Provision": 46254000.0,
        "Pretax Income": 204011000.0,
        "Other Income Expense": 1592000.0,
        "Net Non Operating Interest Income Expense": -21439000.0,
        "Interest Expense Non Operating": 21439000.0,
        "Other Operating Expenses": 83269000.0,
        "Depreciation And Amortization In Income Statement": 1371000.0,
        "Amortization": 1371000.0,
        "Total Revenue": 309852000.0,
        "Operating Revenue": 309852000.0,
        "Loss Adjustment Expense": -16929000.0,
        "Net Policyholder Benefits And Claims": -16929000.0
    },
    "2022-12-31": {
        "Tax Effect Of Unusual Items": 0.0,
        "Tax Rate For Calcs": 0.201517,
        "Net Income From Continuing Operation Net Minority Interest": 162330000.0,
        "Reconciled Depreciation": 1587000.0,
        "EBIT": 224892000.0,
        "Net Interest Income": -21594000.0,
        "Interest Expense": 21594000.0,
        "Normalized Income": 162330000.0,
        "Net Income From Continuing And Discontinued Operation": 162330000.0,
        "Total Expenses": 111426000.0,
        "Diluted Average Shares": 160807000.0,
        "Basic Average Shares": 158357000.0,
        "Diluted EPS": 1.01,
        "Basic EPS": 1.03,
        "Diluted NI Availto Com Stockholders": 162330000.0,
        "Net Income Common Stockholders": 162330000.0,
        "Net Income": 162330000.0,
        "Net Income Including Noncontrolling Interests": 162330000.0,
        "Net Income Continuous Operations": 162330000.0,
        "Tax Provision": 40968000.0,
        "Pretax Income": 203298000.0,
        "Other Income Expense": 520000.0,
        "Net Non Operating Interest Income Expense": -21594000.0,
        "Interest Expense Non Operating": 21594000.0,
        "Other Operating Expenses": 109785000.0,
        "Depreciation And Amortization In Income Statement": 1587000.0,
        "Amortization": 1587000.0,
        "Total Revenue": 314724000.0,
        "Operating Revenue": 314724000.0
    },
    "2022-09-30": {
        "Tax Effect Of Unusual Items": 0.0,
        "Tax Rate For Calcs": 0.223835,
        "Net Income From Continuing Operation Net Minority Interest": 198280000.0,
        "Reconciled Depreciation": 1023000.0,
        "EBIT": 276644000.0,
        "Net Interest Income": -21183000.0,
        "Interest Expense": 21183000.0,
        "Normalized Income": 198280000.0,
        "Net Income From Continuing And Discontinued Operation": 198280000.0,
        "Total Expenses": 40728000.0,
        "Diluted Average Shares": 164738000.0,
        "Basic Average Shares": 162506000.0,
        "Diluted EPS": 1.2,
        "Basic EPS": 1.22,
        "Diluted NI Availto Com Stockholders": 198280000.0,
        "Net Income Common Stockholders": 198280000.0,
        "Net Income": 198280000.0,
        "Net Income Including Noncontrolling Interests": 198280000.0,
        "Net Income Continuous Operations": 198280000.0,
        "Tax Provision": 57181000.0,
        "Pretax Income": 255461000.0,
        "Other Income Expense": 659000.0,
        "Net Non Operating Interest Income Expense": -21183000.0,
        "Interest Expense Non Operating": 21183000.0,
        "Other Operating Expenses": 91327000.0,
        "Depreciation And Amortization In Income Statement": 1023000.0,
        "Amortization": 1023000.0,
        "Total Revenue": 296189000.0,
        "Operating Revenue": 296189000.0
    },
    "2022-06-30": {
        "Tax Effect Of Unusual Items": 0.0,
        "Tax Rate For Calcs": 0.225823,
        "Net Income From Continuing Operation Net Minority Interest": 201193000.0,
        "Reconciled Depreciation": 849000.0,
        "EBIT": 280711000.0,
        "Net Interest Income": -20831000.0,
        "Interest Expense": 20831000.0,
        "Normalized Income": 201193000.0,
        "Net Income From Continuing And Discontinued Operation": 201193000.0,
        "Total Expenses": 26953000.0,
        "Diluted Average Shares": 175419000.0,
        "Basic Average Shares": 173705000.0,
        "Diluted EPS": 1.15,
        "Basic EPS": 1.16,
        "Diluted NI Availto Com Stockholders": 201193000.0,
        "Net Income Common Stockholders": 201193000.0,
        "Net Income": 201193000.0,
        "Net Income Including Noncontrolling Interests": 201193000.0,
        "Net Income Continuous Operations": 201193000.0,
        "Tax Provision": 58687000.0,
        "Pretax Income": 259880000.0,
        "Other Income Expense": 572000.0,
        "Net Non Operating Interest Income Expense": -20831000.0,
        "Interest Expense Non Operating": 20831000.0,
        "Other Operating Expenses": 90495000.0,
        "Depreciation And Amortization In Income Statement": 849000.0,
        "Amortization": 849000.0,
        "Total Revenue": 286833000.0,
        "Operating Revenue": 286833000.0
    },
    "2023-06-30": {
        "Tax Effect Of Unusual Items": NaN,
        "Tax Rate For Calcs": NaN,
        "Total Unusual Items": 0.0,
        "Total Unusual Items Excluding Goodwill": 0.0,
        "Net Income From Continuing Operation Net Minority Interest": NaN,
        "Reconciled Depreciation": NaN,
        "EBIT": NaN,
        "Net Interest Income": NaN,
        "Interest Expense": NaN,
        "Normalized Income": NaN,
        "Net Income From Continuing And Discontinued Operation": NaN,
        "Total Expenses": NaN,
        "Diluted Average Shares": NaN,
        "Basic Average Shares": NaN,
        "Diluted EPS": NaN,
        "Basic EPS": NaN,
        "Diluted NI Availto Com Stockholders": NaN,
        "Net Income Common Stockholders": NaN,
        "Net Income": NaN,
        "Net Income Including Noncontrolling Interests": NaN,
        "Net Income Continuous Operations": NaN,
        "Tax Provision": NaN,
        "Pretax Income": NaN,
        "Other Income Expense": NaN,
        "Special Income Charges": 0.0,
        "Net Non Operating Interest Income Expense": NaN,
        "Total Other Finance Cost": 92000.0,
        "Interest Expense Non Operating": NaN,
        "Other Operating Expenses": NaN,
        "Depreciation And Amortization In Income Statement": NaN,
        "Amortization": NaN,
        "Total Revenue": NaN,
        "Operating Revenue": NaN,
        "Loss Adjustment Expense": NaN,
        "Net Policyholder Benefits And Claims": NaN
    },
    "2022-03-31": {
        "Diluted EPS": 1.01,
        "Total Revenue": 293,
        "Gross Profit": 345,
        "Operating Income": 234,
        "EBIT": 255,
        "Net Income": 181
    },
    "2021-12-31": {
        "Diluted EPS": 1.05,
        "Total Revenue": 338,
        "Gross Profit": 349,
        "Operating Income": 247,
        "EBIT": 268,
        "Net Income": 193
    },
    "2021-09-30": {
        "Diluted EPS": 0.67,
        "Total Revenue": 326,
        "Gross Profit": 270,
        "Operating Income": 162,
        "EBIT": 183,
        "Net Income": 126
    },
    "2021-06-30": {
        "Diluted EPS": 0.8,
        "Total Revenue": 337,
        "Gross Profit": 304,
        "Operating Income": 195,
        "EBIT": 217,
        "Net Income": 155
    },
    "2021-03-31": {
        "Diluted EPS": 0.64,
        "Total Revenue": 329,
        "Gross Profit": 253,
        "Operating Income": 161,
        "EBIT": 182,
        "Net Income": 126
    },
    "2020-12-31": {
        "Diluted EPS": 0.75,
        "Total Revenue": 370,
        "Gross Profit": 284,
        "Operating Income": 179,
        "EBIT": 200,
        "Net Income": 148
    },
    "2020-09-30": {
        "Diluted EPS": 0.7,
        "Total Revenue": 375,
        "Gross Profit": 253,
        "Operating Income": 161,
        "EBIT": 182,
        "Net Income": 135
    },
    "2020-06-30": {
        "Diluted EPS": -0.15,
        "Total Revenue": 364,
        "Gross Profit": 36,
        "Operating Income": -42,
        "EBIT": -26,
        "Net Income": -30
    },
    "2020-03-31": {
        "Diluted EPS": 0.7,
        "Total Revenue": 329,
        "Gross Profit": 264,
        "Operating Income": 181,
        "EBIT": 193,
        "Net Income": 140
    },
    "2019-12-31": {
        "Diluted EPS": 0.81,
        "Total Revenue": 388,
        "Gross Profit": 319,
        "Operating Income": 206,
        "EBIT": 218,
        "Net Income": 161
    },
    "2019-09-30": {
        "Diluted EPS": 0.83,
        "Total Revenue": 380,
        "Gross Profit": 316,
        "Operating Income": 218,
        "EBIT": 231,
        "Net Income": 173
    },
    "2019-06-30": {
        "Diluted EPS": 0.78,
        "Total Revenue": 395,
        "Gross Profit": 313,
        "Operating Income": 210,
        "EBIT": 225,
        "Net Income": 167
    },
    "2019-03-31": {
        "Diluted EPS": 0.78,
        "Total Revenue": 364,
        "Gross Profit": 313,
        "Operating Income": 216,
        "EBIT": 232,
        "Net Income": 171
    },
    "2018-12-31": {
        "Diluted EPS": 0.63,
        "Total Revenue": 331,
        "Gross Profit": 273,
        "Operating Income": 176,
        "EBIT": 192,
        "Net Income": 140
    },
    "2018-09-30": {
        "Diluted EPS": 0.66,
        "Total Revenue": 331,
        "Gross Profit": 278,
        "Operating Income": 185,
        "EBIT": 200,
        "Net Income": 143
    },
    "2018-06-30": {
        "Diluted EPS": 0.96,
        "Total Revenue": 319,
        "Gross Profit": 270,
        "Operating Income": 181,
        "EBIT": 196,
        "Net Income": 209
    },
    "2018-03-31": {
        "Diluted EPS": 0.52,
        "Total Revenue": 292,
        "Gross Profit": 224,
        "Operating Income": 142,
        "EBIT": 158,
        "Net Income": 114
    },
    "2017-12-31": {
        "Diluted EPS": 0.04,
        "Total Revenue": 318,
        "Gross Profit": 254,
        "Operating Income": 165,
        "EBIT": 180,
        "Net Income": 7
    },
    "2017-09-30": {
        "Diluted EPS": 0.3,
        "Total Revenue": 312,
        "Gross Profit": 243,
        "Operating Income": 149,
        "EBIT": 164,
        "Net Income": 65
    },
    "2017-06-30": {
        "Diluted EPS": -0.13,
        "Total Revenue": 303,
        "Gross Profit": 254,
        "Operating Income": -34,
        "EBIT": -18,
        "Net Income": -27
    },
    "2017-03-31": {
        "Diluted EPS": 0.34,
        "Total Revenue": 289,
        "Gross Profit": 207,
        "Operating Income": 119,
        "EBIT": 135,
        "Net Income": 76
    },
    "2016-12-31": {
        "Diluted EPS": 0.27,
        "Total Revenue": 274,
        "Gross Profit": 181,
        "Operating Income": 98,
        "EBIT": 115,
        "Net Income": 61
    },
    "2016-09-30": {
        "Diluted EPS": 0.37,
        "Total Revenue": 321,
        "Gross Profit": 230,
        "Operating Income": 144,
        "EBIT": 164,
        "Net Income": 83
    },
    "2016-06-30": {
        "Diluted EPS": 0.44,
        "Total Revenue": 330,
        "Gross Profit": 248,
        "Operating Income": 159,
        "EBIT": 181,
        "Net Income": 98
    },
    "2016-03-31": {
        "Diluted EPS": 0.29,
        "Total Revenue": 313,
        "Gross Profit": 240,
        "Operating Income": 158,
        "EBIT": 180,
        "Net Income": 66
    },
    "2015-12-31": {
        "Diluted EPS": 0.32,
        "Total Revenue": 275,
        "Gross Profit": 187,
        "Operating Income": 107,
        "EBIT": 128,
        "Net Income": 75
    },
    "2015-09-30": {
        "Diluted EPS": 0.29,
        "Total Revenue": 297,
        "Gross Profit": 205,
        "Operating Income": 116,
        "EBIT": 137,
        "Net Income": 70
    },
    "2015-06-30": {
        "Diluted EPS": 0.22,
        "Total Revenue": 330,
        "Gross Profit": 267,
        "Operating Income": 172,
        "EBIT": 196,
        "Net Income": 50
    },
    "2015-03-31": {
        "Diluted EPS": 0.39,
        "Total Revenue": 291,
        "Gross Profit": 219,
        "Operating Income": 137,
        "EBIT": 162,
        "Net Income": 92
    },
    "2014-12-31": {
        "Diluted EPS": 1.77,
        "Total Revenue": 295,
        "Gross Profit": 185,
        "Operating Income": 71,
        "EBIT": 115,
        "Net Income": 428
    },
    "2014-09-30": {
        "Diluted EPS": 0.67,
        "Total Revenue": 272,
        "Gross Profit": 195,
        "Operating Income": 116,
        "EBIT": 158,
        "Net Income": 154
    },
    "2014-06-30": {
        "Diluted EPS": 0.78,
        "Total Revenue": 247,
        "Gross Profit": 176,
        "Operating Income": 93,
        "EBIT": 129,
        "Net Income": 175
    },
    "2014-03-31": {
        "Diluted EPS": 0.94,
        "Total Revenue": 258,
        "Gross Profit": 202,
        "Operating Income": 127,
        "EBIT": 162,
        "Net Income": 203
    },
    "2013-12-31": {
        "Diluted EPS": 0.38,
        "Total Revenue": 263,
        "Gross Profit": 134,
        "Operating Income": 69,
        "EBIT": 99,
        "Net Income": 36
    },
    "2013-09-30": {
        "Diluted EPS": -0.07,
        "Total Revenue": 245,
        "Gross Profit": 82,
        "Operating Income": -9,
        "EBIT": 30,
        "Net Income": -13
    },
    "2013-06-30": {
        "Diluted EPS": -0.19,
        "Total Revenue": 200,
        "Gross Profit": 50,
        "Operating Income": -30,
        "EBIT": 10,
        "Net Income": -33
    },
    "2013-03-31": {
        "Diluted EPS": -1.3,
        "Total Revenue": 42,
        "Gross Profit": -107,
        "Operating Income": -203,
        "EBIT": -168,
        "Net Income": -188
    },
    "2012-12-31": {
        "Diluted EPS": -1.34,
        "Total Revenue": 303,
        "Gross Profit": 53,
        "Operating Income": 14,
        "EBIT": 30,
        "Net Income": -177
    },
    "2012-09-30": {
        "Diluted EPS": 0.11,
        "Total Revenue": 261,
        "Gross Profit": 72,
        "Operating Income": 8,
        "EBIT": 40,
        "Net Income": 14
    },
    "2012-06-30": {
        "Diluted EPS": -0.9,
        "Total Revenue": 158,
        "Gross Profit": -63,
        "Operating Income": -116,
        "EBIT": -87,
        "Net Income": -119
    },
    "2012-03-31": {
        "Diluted EPS": -1.28,
        "Total Revenue": 180,
        "Gross Profit": -114,
        "Operating Income": -178,
        "EBIT": -150,
        "Net Income": -169
    },
    "2011-12-31": {
        "Diluted EPS": -0.91,
        "Total Revenue": 365,
        "Gross Profit": -4,
        "Operating Income": -52,
        "EBIT": -24,
        "Net Income": -122
    },
    "2011-09-30": {
        "Diluted EPS": 1.37,
        "Total Revenue": 508,
        "Gross Profit": 247,
        "Operating Income": 190,
        "EBIT": 220,
        "Net Income": 184
    },
    "2011-06-30": {
        "Diluted EPS": 1.03,
        "Total Revenue": 472,
        "Gross Profit": 194,
        "Operating Income": 132,
        "EBIT": 163,
        "Net Income": 137
    },
    "2011-03-31": {
        "Diluted EPS": 0.77,
        "Total Revenue": 603,
        "Gross Profit": 162,
        "Operating Income": 99,
        "EBIT": 134,
        "Net Income": 103
    },
    "2010-12-31": {
        "Diluted EPS": -8.55,
        "Total Revenue": -46,
        "Gross Profit": -472,
        "Operating Income": -452,
        "EBIT": -420,
        "Net Income": NaN
    },
    "2010-09-30": {
        "Diluted EPS": 0.84,
        "Total Revenue": 581,
        "Gross Profit": 226,
        "Operating Income": 165,
        "EBIT": 182,
        "Net Income": 112
    },
    "2010-06-30": {
        "Diluted EPS": -4.31,
        "Total Revenue": -246,
        "Gross Profit": -698,
        "Operating Income": -734,
        "EBIT": -719,
        "Net Income": -475
    },
    "2010-03-31": {
        "Diluted EPS": -3.77,
        "Total Revenue": 128,
        "Gross Profit": -431,
        "Operating Income": -506,
        "EBIT": -488,
        "Net Income": -310
    },
    "2009-12-31": {
        "Diluted EPS": -1.07,
        "Total Revenue": 393,
        "Gross Profit": -89,
        "Operating Income": -158,
        "EBIT": -154,
        "Net Income": -92
    },
    "2009-09-30": {
        "Diluted EPS": -0.86,
        "Total Revenue": 332,
        "Gross Profit": -87,
        "Operating Income": -121,
        "EBIT": -92,
        "Net Income": -70
    },
    "2009-06-30": {
        "Diluted EPS": 2.82,
        "Total Revenue": 577,
        "Gross Profit": 419,
        "Operating Income": 349,
        "EBIT": 366,
        "Net Income": 232
    },
    "2009-03-31": {
        "Diluted EPS": -2.69,
        "Total Revenue": 11,
        "Gross Profit": -329,
        "Operating Income": -345,
        "EBIT": -329,
        "Net Income": -217
    },
    "2023-09-30": {
        "Tax Effect Of Unusual Items": 0.0,
        "Tax Rate For Calcs": 0.216,
        "Total Unusual Items": 0.0,
        "Total Unusual Items Excluding Goodwill": 0.0,
        "Net Income From Continuing Operation Net Minority Interest": 156582000.0,
        "Reconciled Depreciation": 14754000.0,
        "EBIT": 224261000.0,
        "Net Interest Income": -23282000.0,
        "Interest Expense": 23278000.0,
        "Normalized Income": 156582000.0,
        "Net Income From Continuing And Discontinued Operation": 156582000.0,
        "Total Expenses": 111530000.0,
        "Diluted Average Shares": 160147000.0,
        "Basic Average Shares": 158461000.0,
        "Diluted EPS": 0.98,
        "Basic EPS": 0.99,
        "Diluted NI Availto Com Stockholders": 156582000.0,
        "Net Income Common Stockholders": 156582000.0,
        "Net Income": 156582000.0,
        "Net Income Including Noncontrolling Interests": 156582000.0,
        "Net Income Continuous Operations": 156582000.0,
        "Tax Provision": 44401000.0,
        "Pretax Income": 200983000.0,
        "Other Income Expense": 2109000.0,
        "Special Income Charges": 0.0,
        "Net Non Operating Interest Income Expense": -23282000.0,
        "Total Other Finance Cost": 4000.0,
        "Interest Expense Non Operating": 23278000.0,
        "Other Operating Expenses": 79206000.0,
        "Depreciation And Amortization In Income Statement": 1371000.0,
        "Amortization": 1371000.0,
        "Total Revenue": 312513000.0,
        "Operating Revenue": 312513000.0,
        "Loss Adjustment Expense": -8135000.0,
        "Net Policyholder Benefits And Claims": -8135000.0
    },
    "2023-12-31": {
        "Tax Effect Of Unusual Items": 0.0,
        "Tax Rate For Calcs": 0.206454,
        "Total Unusual Items": NaN,
        "Total Unusual Items Excluding Goodwill": NaN,
        "Net Income From Continuing Operation Net Minority Interest": 142693000.0,
        "Reconciled Depreciation": 1371000.0,
        "EBIT": 200364000.0,
        "Net Interest Income": -20547000.0,
        "Interest Expense": 20547000.0,
        "Normalized Income": 142693000.0,
        "Net Income From Continuing And Discontinued Operation": 142693000.0,
        "Total Expenses": 146205000.0,
        "Diluted Average Shares": 160133000.0,
        "Basic Average Shares": 158140000.0,
        "Diluted EPS": 0.91,
        "Basic EPS": 0.92,
        "Diluted NI Availto Com Stockholders": 142693000.0,
        "Net Income Common Stockholders": 142693000.0,
        "Net Income": 142693000.0,
        "Net Income Including Noncontrolling Interests": 142693000.0,
        "Net Income Continuous Operations": 142693000.0,
        "Tax Provision": 37124000.0,
        "Pretax Income": 179817000.0,
        "Other Income Expense": 1305000.0,
        "Special Income Charges": NaN,
        "Net Non Operating Interest Income Expense": -20547000.0,
        "Total Other Finance Cost": NaN,
        "Interest Expense Non Operating": 20547000.0,
        "Other Operating Expenses": 95218000.0,
        "Depreciation And Amortization In Income Statement": 1371000.0,
        "Amortization": 1371000.0,
        "Total Revenue": 326022000.0,
        "Operating Revenue": 326022000.0,
        "Loss Adjustment Expense": 4170000.0,
        "Net Policyholder Benefits And Claims": 4170000.0
    },
    "2024-03-31": {
        "Tax Effect Of Unusual Items": 0.0,
        "Tax Rate For Calcs": 0.233,
        "Total Unusual Items": NaN,
        "Total Unusual Items Excluding Goodwill": NaN,
        "Net Income From Continuing Operation Net Minority Interest": 152354000.0,
        "Reconciled Depreciation": 0.0,
        "EBIT": 227695000.0,
        "Net Interest Income": -29046000.0,
        "Interest Expense": 29046000.0,
        "Normalized Income": 152354000.0,
        "Net Income From Continuing And Discontinued Operation": 152354000.0,
        "Total Expenses": 120769000.0,
        "Diluted Average Shares": 155971000.0,
        "Basic Average Shares": 153817000.0,
        "Diluted EPS": 0.98,
        "Basic EPS": 0.99,
        "Diluted NI Availto Com Stockholders": 152354000.0,
        "Net Income Common Stockholders": 152354000.0,
        "Net Income": 152354000.0,
        "Net Income Including Noncontrolling Interests": 152354000.0,
        "Net Income Continuous Operations": 152354000.0,
        "Tax Provision": 46295000.0,
        "Pretax Income": 198649000.0,
        "Other Income Expense": 1262000.0,
        "Special Income Charges": NaN,
        "Net Non Operating Interest Income Expense": -29046000.0,
        "Total Other Finance Cost": NaN,
        "Interest Expense Non Operating": 29046000.0,
        "Other Operating Expenses": 82636000.0,
        "Depreciation And Amortization In Income Statement": 0.0,
        "Amortization": 0.0,
        "Total Revenue": 319418000.0,
        "Operating Revenue": 319418000.0,
        "Loss Adjustment Expense": -7034000.0,
        "Net Policyholder Benefits And Claims": -7034000.0
    },
    "2024-06-30": {
        "Tax Effect Of Unusual Items": 0.0,
        "Tax Rate For Calcs": 0.193,
        "Total Unusual Items": 0.0,
        "Total Unusual Items Excluding Goodwill": 0.0,
        "Net Income From Continuing Operation Net Minority Interest": 151903000.0,
        "Reconciled Depreciation": 0.0,
        "EBIT": 215187000.0,
        "Net Interest Income": -27064000.0,
        "Interest Expense": 27064000.0,
        "Normalized Income": 151903000.0,
        "Net Income From Continuing And Discontinued Operation": 151903000.0,
        "Total Expenses": 133024000.0,
        "Diluted Average Shares": 154399000.0,
        "Basic Average Shares": 153110000.0,
        "Diluted EPS": 0.98,
        "Basic EPS": 0.99,
        "Diluted NI Availto Com Stockholders": 151903000.0,
        "Net Income Common Stockholders": 151903000.0,
        "Net Income": 151903000.0,
        "Net Income Including Noncontrolling Interests": 151903000.0,
        "Net Income Continuous Operations": 151903000.0,
        "Tax Provision": 36220000.0,
        "Pretax Income": 188123000.0,
        "Other Income Expense": 872000.0,
        "Special Income Charges": 0.0,
        "Net Non Operating Interest Income Expense": -27064000.0,
        "Total Other Finance Cost": NaN,
        "Interest Expense Non Operating": 27064000.0,
        "Other Operating Expenses": 91648000.0,
        "Depreciation And Amortization In Income Statement": 0.0,
        "Amortization": 0.0,
        "Total Revenue": 321147000.0,
        "Operating Revenue": 321147000.0,
        "Loss Adjustment Expense": -1745000.0,
        "Net Policyholder Benefits And Claims": -1745000.0
    },
    "2024-09-30": {
        "Tax Effect Of Unusual Items": 0.0,
        "Tax Rate For Calcs": 0.223,
        "Total Unusual Items": 0.0,
        "Total Unusual Items Excluding Goodwill": 0.0,
        "Net Income From Continuing Operation Net Minority Interest": 151892000.0,
        "Reconciled Depreciation": 18753000.0,
        "EBIT": 224783000.0,
        "Net Interest Income": -29391000.0,
        "Interest Expense": 29391000.0,
        "Normalized Income": 151892000.0,
        "Net Income From Continuing And Discontinued Operation": 151892000.0,
        "Total Expenses": 138000000.0,
        "Diluted Average Shares": 153073000.0,
        "Basic Average Shares": 151846000.0,
        "Diluted EPS": 0.99,
        "Basic EPS": 1.0,
        "Diluted NI Availto Com Stockholders": 151892000.0,
        "Net Income Common Stockholders": 151892000.0,
        "Net Income": 151892000.0,
        "Net Income Including Noncontrolling Interests": 151892000.0,
        "Net Income Continuous Operations": 151892000.0,
        "Tax Provision": 43500000.0,
        "Pretax Income": 195392000.0,
        "Other Income Expense": 1522000.0,
        "Special Income Charges": 0.0,
        "Net Non Operating Interest Income Expense": -29391000.0,
        "Total Other Finance Cost": NaN,
        "Interest Expense Non Operating": 29391000.0,
        "Other Operating Expenses": 85919000.0,
        "Depreciation And Amortization In Income Statement": 0.0,
        "Amortization": 0.0,
        "Total Revenue": 333392000.0,
        "Operating Revenue": 333392000.0,
        "Loss Adjustment Expense": 6889000.0,
        "Net Policyholder Benefits And Claims": 6889000.0
    }
}