{
    "2023-03-31": {
        "Tax Effect Of Unusual Items": -36.0,
        "Tax Rate For Calcs": 0.004,
        "Normalized EBITDA": -2170000.0,
        "Total Unusual Items": -9000.0,
        "Total Unusual Items Excluding Goodwill": -9000.0,
        "Net Income From Continuing Operation Net Minority Interest": -7258000.0,
        "Reconciled Depreciation": 2466000.0,
        "Reconciled Cost Of Revenue": 43388000.0,
        "EBITDA": -2179000.0,
        "EBIT": -4645000.0,
        "Net Interest Income": -2644000.0,
        "Interest Expense": 2644000.0,
        "Normalized Income": -7249036.0,
        "Net Income From Continuing And Discontinued Operation": -7258000.0,
        "Total Expenses": 59814000.0,
        "Total Operating Income As Reported": -2218000.0,
        "Diluted Average Shares": 64280631.0,
        "Basic Average Shares": 64280631.0,
        "Diluted EPS": -0.18,
        "Basic EPS": -0.18,
        "Diluted NI Availto Com Stockholders": -11624000.0,
        "Net Income Common Stockholders": -11624000.0,
        "Preferred Stock Dividends": 4366000.0,
        "Net Income": -7258000.0,
        "Minority Interests": 0.0,
        "Net Income Including Noncontrolling Interests": -7258000.0,
        "Net Income Continuous Operations": -7258000.0,
        "Tax Provision": -31000.0,
        "Pretax Income": -7289000.0,
        "Other Income Expense": -2436000.0,
        "Other Non Operating Income Expenses": -2427000.0,
        "Special Income Charges": -9000.0,
        "Impairment Of Capital Assets": NaN,
        "Restructuring And Mergern Acquisition": 9000.0,
        "Net Non Operating Interest Income Expense": -2644000.0,
        "Interest Expense Non Operating": 2644000.0,
        "Operating Income": -2209000.0,
        "Operating Expense": 16426000.0,
        "Research And Development": 388000.0,
        "Selling General And Administration": 16038000.0,
        "Gross Profit": 14217000.0,
        "Cost Of Revenue": 43388000.0,
        "Total Revenue": 57605000.0,
        "Operating Revenue": 57605000.0
    },
    "2022-12-31": {
        "Tax Effect Of Unusual Items": NaN,
        "Tax Rate For Calcs": NaN,
        "Normalized EBITDA": NaN,
        "Total Unusual Items": NaN,
        "Total Unusual Items Excluding Goodwill": NaN,
        "Net Income From Continuing Operation Net Minority Interest": NaN,
        "Reconciled Depreciation": NaN,
        "Reconciled Cost Of Revenue": NaN,
        "EBITDA": NaN,
        "EBIT": NaN,
        "Net Interest Income": NaN,
        "Interest Expense": NaN,
        "Normalized Income": NaN,
        "Net Income From Continuing And Discontinued Operation": NaN,
        "Total Expenses": NaN,
        "Total Operating Income As Reported": NaN,
        "Diluted Average Shares": NaN,
        "Basic Average Shares": NaN,
        "Diluted EPS": NaN,
        "Basic EPS": NaN,
        "Diluted NI Availto Com Stockholders": NaN,
        "Net Income Common Stockholders": NaN,
        "Preferred Stock Dividends": NaN,
        "Net Income": NaN,
        "Minority Interests": NaN,
        "Net Income Including Noncontrolling Interests": NaN,
        "Net Income Continuous Operations": NaN,
        "Tax Provision": NaN,
        "Pretax Income": NaN,
        "Other Income Expense": NaN,
        "Other Non Operating Income Expenses": NaN,
        "Special Income Charges": NaN,
        "Impairment Of Capital Assets": 16161000.0,
        "Restructuring And Mergern Acquisition": NaN,
        "Net Non Operating Interest Income Expense": NaN,
        "Interest Expense Non Operating": NaN,
        "Operating Income": NaN,
        "Operating Expense": NaN,
        "Research And Development": NaN,
        "Selling General And Administration": NaN,
        "Gross Profit": NaN,
        "Cost Of Revenue": NaN,
        "Total Revenue": NaN,
        "Operating Revenue": NaN
    },
    "2022-09-30": {
        "Tax Effect Of Unusual Items": NaN,
        "Tax Rate For Calcs": NaN,
        "Normalized EBITDA": NaN,
        "Total Unusual Items": NaN,
        "Total Unusual Items Excluding Goodwill": NaN,
        "Net Income From Continuing Operation Net Minority Interest": NaN,
        "Reconciled Depreciation": NaN,
        "Reconciled Cost Of Revenue": NaN,
        "EBITDA": NaN,
        "EBIT": NaN,
        "Net Interest Income": NaN,
        "Interest Expense": NaN,
        "Normalized Income": NaN,
        "Net Income From Continuing And Discontinued Operation": NaN,
        "Total Expenses": NaN,
        "Total Operating Income As Reported": NaN,
        "Diluted Average Shares": NaN,
        "Basic Average Shares": NaN,
        "Diluted EPS": NaN,
        "Basic EPS": NaN,
        "Diluted NI Availto Com Stockholders": NaN,
        "Net Income Common Stockholders": NaN,
        "Preferred Stock Dividends": NaN,
        "Net Income": NaN,
        "Minority Interests": NaN,
        "Net Income Including Noncontrolling Interests": NaN,
        "Net Income Continuous Operations": NaN,
        "Tax Provision": NaN,
        "Pretax Income": NaN,
        "Other Income Expense": NaN,
        "Other Non Operating Income Expenses": NaN,
        "Special Income Charges": NaN,
        "Impairment Of Capital Assets": 0.0,
        "Restructuring And Mergern Acquisition": NaN,
        "Net Non Operating Interest Income Expense": NaN,
        "Interest Expense Non Operating": NaN,
        "Operating Income": NaN,
        "Operating Expense": NaN,
        "Research And Development": NaN,
        "Selling General And Administration": NaN,
        "Gross Profit": NaN,
        "Cost Of Revenue": NaN,
        "Total Revenue": NaN,
        "Operating Revenue": NaN
    },
    "2022-06-30": {
        "Tax Effect Of Unusual Items": -1962962.142034,
        "Tax Rate For Calcs": 0.024382,
        "Normalized EBITDA": 3227000.0,
        "Total Unusual Items": -80510000.0,
        "Total Unusual Items Excluding Goodwill": -80510000.0,
        "Net Income From Continuing Operation Net Minority Interest": -77028000.0,
        "Reconciled Depreciation": 3402000.0,
        "Reconciled Cost Of Revenue": 29746000.0,
        "EBITDA": -77283000.0,
        "EBIT": -77283000.0,
        "Net Interest Income": -1670000.0,
        "Interest Expense": 1670000.0,
        "Normalized Income": 1519037.857966,
        "Net Income From Continuing And Discontinued Operation": -77028000.0,
        "Total Expenses": 49016000.0,
        "Total Operating Income As Reported": -92798000.0,
        "Diluted Average Shares": 62992454.0,
        "Basic Average Shares": 62992454.0,
        "Diluted EPS": -1.22,
        "Basic EPS": -1.22,
        "Diluted NI Availto Com Stockholders": -77028000.0,
        "Net Income Common Stockholders": -77028000.0,
        "Preferred Stock Dividends": NaN,
        "Net Income": -77028000.0,
        "Minority Interests": NaN,
        "Net Income Including Noncontrolling Interests": -77028000.0,
        "Net Income Continuous Operations": -77028000.0,
        "Tax Provision": -1925000.0,
        "Pretax Income": -78953000.0,
        "Other Income Expense": -64995000.0,
        "Other Non Operating Income Expenses": 15515000.0,
        "Special Income Charges": -80510000.0,
        "Write Off": 80462000.0,
        "Impairment Of Capital Assets": 80462000.0,
        "Restructuring And Mergern Acquisition": 48000.0,
        "Net Non Operating Interest Income Expense": -1670000.0,
        "Interest Expense Non Operating": 1670000.0,
        "Operating Income": -12288000.0,
        "Operating Expense": 19270000.0,
        "Research And Development": 1708000.0,
        "Selling General And Administration": 17562000.0,
        "Gross Profit": 6982000.0,
        "Cost Of Revenue": 29746000.0,
        "Total Revenue": 36728000.0,
        "Operating Revenue": 36728000.0
    },
    "2022-03-31": {
        "Diluted EPS": -0.28,
        "Total Revenue": 33,
        "Gross Profit": 5,
        "Operating Income": -18,
        "EBIT": -14,
        "Net Income": -17
    },
    "2021-12-31": {
        "Diluted EPS": -0.17,
        "Total Revenue": 41,
        "Gross Profit": 7,
        "Operating Income": -16,
        "EBIT": -13,
        "Net Income": -14
    },
    "2021-09-30": {
        "Diluted EPS": -0.55,
        "Total Revenue": 33,
        "Gross Profit": 6,
        "Operating Income": -31,
        "EBIT": -28,
        "Net Income": -24
    },
    "2021-06-30": {
        "Diluted EPS": -0.43,
        "Total Revenue": 32,
        "Gross Profit": 9,
        "Operating Income": -16,
        "EBIT": -13,
        "Net Income": -16
    },
    "2021-03-31": {
        "Diluted EPS": -0.21,
        "Total Revenue": 32,
        "Gross Profit": 7,
        "Operating Income": -7,
        "EBIT": -5,
        "Net Income": -8
    },
    "2020-12-31": {
        "Diluted EPS": 0.0,
        "Total Revenue": NaN,
        "Gross Profit": NaN,
        "Operating Income": NaN,
        "EBIT": NaN,
        "Net Income": NaN
    },
    "2020-09-30": {
        "Diluted EPS": -0.06,
        "Total Revenue": 12,
        "Gross Profit": 2,
        "Operating Income": -3,
        "EBIT": -3,
        "Net Income": -2
    },
    "2023-06-30": {
        "Tax Effect Of Unusual Items": NaN,
        "Tax Rate For Calcs": NaN,
        "Normalized EBITDA": NaN,
        "Total Unusual Items": NaN,
        "Total Unusual Items Excluding Goodwill": NaN,
        "Net Income From Continuing Operation Net Minority Interest": NaN,
        "Reconciled Depreciation": NaN,
        "Reconciled Cost Of Revenue": NaN,
        "EBITDA": NaN,
        "EBIT": NaN,
        "Net Interest Income": NaN,
        "Interest Expense": NaN,
        "Normalized Income": NaN,
        "Net Income From Continuing And Discontinued Operation": NaN,
        "Total Expenses": NaN,
        "Total Operating Income As Reported": NaN,
        "Diluted Average Shares": NaN,
        "Basic Average Shares": NaN,
        "Diluted EPS": NaN,
        "Basic EPS": NaN,
        "Diluted NI Availto Com Stockholders": NaN,
        "Net Income Common Stockholders": NaN,
        "Preferred Stock Dividends": NaN,
        "Net Income": NaN,
        "Minority Interests": NaN,
        "Net Income Including Noncontrolling Interests": NaN,
        "Net Income Continuous Operations": NaN,
        "Tax Provision": NaN,
        "Pretax Income": NaN,
        "Other Income Expense": NaN,
        "Other Non Operating Income Expenses": NaN,
        "Special Income Charges": NaN,
        "Impairment Of Capital Assets": 0.0,
        "Restructuring And Mergern Acquisition": NaN,
        "Net Non Operating Interest Income Expense": NaN,
        "Interest Expense Non Operating": NaN,
        "Operating Income": NaN,
        "Operating Expense": NaN,
        "Research And Development": NaN,
        "Selling General And Administration": NaN,
        "Gross Profit": NaN,
        "Cost Of Revenue": NaN,
        "Total Revenue": NaN,
        "Operating Revenue": NaN
    },
    "2023-09-30": {
        "Tax Effect Of Unusual Items": NaN,
        "Tax Rate For Calcs": NaN,
        "Normalized EBITDA": NaN,
        "Total Unusual Items": NaN,
        "Total Unusual Items Excluding Goodwill": NaN,
        "Net Income From Continuing Operation Net Minority Interest": NaN,
        "Reconciled Depreciation": NaN,
        "Reconciled Cost Of Revenue": NaN,
        "EBITDA": NaN,
        "EBIT": NaN,
        "Net Interest Income": NaN,
        "Interest Expense": NaN,
        "Normalized Income": NaN,
        "Net Income From Continuing And Discontinued Operation": NaN,
        "Total Expenses": NaN,
        "Total Operating Income As Reported": NaN,
        "Diluted Average Shares": NaN,
        "Basic Average Shares": NaN,
        "Diluted EPS": NaN,
        "Basic EPS": NaN,
        "Diluted NI Availto Com Stockholders": NaN,
        "Net Income Common Stockholders": NaN,
        "Preferred Stock Dividends": NaN,
        "Net Income": NaN,
        "Minority Interests": NaN,
        "Net Income Including Noncontrolling Interests": NaN,
        "Net Income Continuous Operations": NaN,
        "Tax Provision": NaN,
        "Pretax Income": NaN,
        "Other Income Expense": NaN,
        "Other Non Operating Income Expenses": NaN,
        "Special Income Charges": NaN,
        "Impairment Of Capital Assets": 0.0,
        "Restructuring And Mergern Acquisition": NaN,
        "Net Non Operating Interest Income Expense": NaN,
        "Interest Expense Non Operating": NaN,
        "Operating Income": NaN,
        "Operating Expense": NaN,
        "Research And Development": NaN,
        "Selling General And Administration": NaN,
        "Gross Profit": NaN,
        "Cost Of Revenue": NaN,
        "Total Revenue": NaN,
        "Operating Revenue": NaN
    },
    "2023-12-31": {
        "Tax Effect Of Unusual Items": NaN,
        "Tax Rate For Calcs": NaN,
        "Normalized EBITDA": NaN,
        "Total Unusual Items": NaN,
        "Total Unusual Items Excluding Goodwill": NaN,
        "Net Income From Continuing Operation Net Minority Interest": NaN,
        "Reconciled Depreciation": NaN,
        "Reconciled Cost Of Revenue": NaN,
        "EBITDA": NaN,
        "EBIT": NaN,
        "Net Interest Income": NaN,
        "Interest Expense": NaN,
        "Normalized Income": NaN,
        "Net Income From Continuing And Discontinued Operation": NaN,
        "Total Expenses": NaN,
        "Total Operating Income As Reported": NaN,
        "Diluted Average Shares": NaN,
        "Basic Average Shares": NaN,
        "Diluted EPS": NaN,
        "Basic EPS": NaN,
        "Diluted NI Availto Com Stockholders": NaN,
        "Net Income Common Stockholders": NaN,
        "Preferred Stock Dividends": NaN,
        "Net Income": NaN,
        "Minority Interests": NaN,
        "Net Income Including Noncontrolling Interests": NaN,
        "Net Income Continuous Operations": NaN,
        "Tax Provision": NaN,
        "Pretax Income": NaN,
        "Other Income Expense": NaN,
        "Other Non Operating Income Expenses": NaN,
        "Special Income Charges": NaN,
        "Impairment Of Capital Assets": 0.0,
        "Restructuring And Mergern Acquisition": NaN,
        "Net Non Operating Interest Income Expense": NaN,
        "Interest Expense Non Operating": NaN,
        "Operating Income": NaN,
        "Operating Expense": NaN,
        "Research And Development": NaN,
        "Selling General And Administration": NaN,
        "Gross Profit": NaN,
        "Cost Of Revenue": NaN,
        "Total Revenue": NaN,
        "Operating Revenue": NaN
    },
    "2024-03-31": {
        "Tax Effect Of Unusual Items": 0.0,
        "Tax Rate For Calcs": 0.21,
        "Normalized EBITDA": -2316000.0,
        "Total Unusual Items": 0.0,
        "Total Unusual Items Excluding Goodwill": 0.0,
        "Net Income From Continuing Operation Net Minority Interest": -8095000.0,
        "Reconciled Depreciation": 2753000.0,
        "Reconciled Cost Of Revenue": 72967000.0,
        "EBITDA": -2316000.0,
        "EBIT": -5069000.0,
        "Net Interest Income": -2918000.0,
        "Interest Expense": 2918000.0,
        "Normalized Income": -8095000.0,
        "Net Income From Continuing And Discontinued Operation": -8095000.0,
        "Total Expenses": 91369000.0,
        "Total Operating Income As Reported": -3577000.0,
        "Diluted Average Shares": 65572286.0,
        "Basic Average Shares": 65572286.0,
        "Diluted EPS": -0.17,
        "Basic EPS": -0.17,
        "Diluted NI Availto Com Stockholders": -11138000.0,
        "Net Income Common Stockholders": -11138000.0,
        "Preferred Stock Dividends": 3043000.0,
        "Net Income": -8095000.0,
        "Minority Interests": 1000.0,
        "Net Income Including Noncontrolling Interests": -8096000.0,
        "Net Income Continuous Operations": -8096000.0,
        "Tax Provision": 109000.0,
        "Pretax Income": -7987000.0,
        "Other Income Expense": -1492000.0,
        "Other Non Operating Income Expenses": -1492000.0,
        "Special Income Charges": 0.0,
        "Impairment Of Capital Assets": NaN,
        "Restructuring And Mergern Acquisition": 0.0,
        "Net Non Operating Interest Income Expense": -2918000.0,
        "Interest Expense Non Operating": 2918000.0,
        "Operating Income": -3577000.0,
        "Operating Expense": 18402000.0,
        "Research And Development": 1040000.0,
        "Selling General And Administration": 17362000.0,
        "Gross Profit": 14825000.0,
        "Cost Of Revenue": 72967000.0,
        "Total Revenue": 87792000.0,
        "Operating Revenue": 87792000.0
    },
    "2024-06-30": {
        "Tax Effect Of Unusual Items": -58380.0,
        "Tax Rate For Calcs": 0.21,
        "Normalized EBITDA": -11860000.0,
        "Total Unusual Items": -278000.0,
        "Total Unusual Items Excluding Goodwill": -278000.0,
        "Net Income From Continuing Operation Net Minority Interest": -18092000.0,
        "Reconciled Depreciation": 2925000.0,
        "Reconciled Cost Of Revenue": 65127000.0,
        "EBITDA": -12138000.0,
        "EBIT": -15063000.0,
        "Net Interest Income": -3009000.0,
        "Interest Expense": 3009000.0,
        "Normalized Income": -17872380.0,
        "Net Income From Continuing And Discontinued Operation": -18092000.0,
        "Total Expenses": 84963000.0,
        "Total Operating Income As Reported": -7130000.0,
        "Diluted Average Shares": 65701704.0,
        "Basic Average Shares": 65701704.0,
        "Diluted EPS": -0.42,
        "Basic EPS": -0.42,
        "Diluted NI Availto Com Stockholders": -27791000.0,
        "Net Income Common Stockholders": -27791000.0,
        "Preferred Stock Dividends": 9699000.0,
        "Net Income": -18092000.0,
        "Minority Interests": -5000.0,
        "Net Income Including Noncontrolling Interests": -18087000.0,
        "Net Income Continuous Operations": -18087000.0,
        "Tax Provision": 15000.0,
        "Pretax Income": -18072000.0,
        "Other Income Expense": -8211000.0,
        "Other Non Operating Income Expenses": -7933000.0,
        "Special Income Charges": -278000.0,
        "Impairment Of Capital Assets": NaN,
        "Restructuring And Mergern Acquisition": 278000.0,
        "Net Non Operating Interest Income Expense": -3009000.0,
        "Interest Expense Non Operating": 3009000.0,
        "Operating Income": -6852000.0,
        "Operating Expense": 19836000.0,
        "Research And Development": 1748000.0,
        "Selling General And Administration": 18088000.0,
        "Gross Profit": 12984000.0,
        "Cost Of Revenue": 65127000.0,
        "Total Revenue": 78111000.0,
        "Operating Revenue": 78111000.0
    },
    "2024-09-30": {
        "Tax Effect Of Unusual Items": -112662.0,
        "Tax Rate For Calcs": 0.022,
        "Normalized EBITDA": -9840000.0,
        "Total Unusual Items": -5121000.0,
        "Total Unusual Items Excluding Goodwill": -5121000.0,
        "Net Income From Continuing Operation Net Minority Interest": -20959000.0,
        "Reconciled Depreciation": 2860000.0,
        "Reconciled Cost Of Revenue": 56615000.0,
        "EBITDA": -14961000.0,
        "EBIT": -17821000.0,
        "Net Interest Income": -3610000.0,
        "Interest Expense": 3610000.0,
        "Normalized Income": -15950662.0,
        "Net Income From Continuing And Discontinued Operation": -20959000.0,
        "Total Expenses": 76029000.0,
        "Total Operating Income As Reported": -12512000.0,
        "Diluted Average Shares": 66529288.0,
        "Basic Average Shares": 66529288.0,
        "Diluted EPS": -0.37,
        "Basic EPS": -0.37,
        "Diluted NI Availto Com Stockholders": -24342000.0,
        "Net Income Common Stockholders": -24342000.0,
        "Preferred Stock Dividends": 3383000.0,
        "Net Income": -20959000.0,
        "Minority Interests": 0.0,
        "Net Income Including Noncontrolling Interests": -20959000.0,
        "Net Income Continuous Operations": -20959000.0,
        "Tax Provision": -472000.0,
        "Pretax Income": -21431000.0,
        "Other Income Expense": -10430000.0,
        "Other Non Operating Income Expenses": -5309000.0,
        "Special Income Charges": -5121000.0,
        "Impairment Of Capital Assets": NaN,
        "Restructuring And Mergern Acquisition": 5121000.0,
        "Net Non Operating Interest Income Expense": -3610000.0,
        "Interest Expense Non Operating": 3610000.0,
        "Operating Income": -7391000.0,
        "Operating Expense": 19414000.0,
        "Research And Development": 1893000.0,
        "Selling General And Administration": 17521000.0,
        "Gross Profit": 12023000.0,
        "Cost Of Revenue": 56615000.0,
        "Total Revenue": 68638000.0,
        "Operating Revenue": 68638000.0
    },
    "2024-12-31": {
        "Tax Effect Of Unusual Items": -90593.686902,
        "Tax Rate For Calcs": 0.024288,
        "Normalized EBITDA": -58011000.0,
        "Total Unusual Items": -3730000.0,
        "Total Unusual Items Excluding Goodwill": -3730000.0,
        "Net Income From Continuing Operation Net Minority Interest": -67169000.0,
        "Reconciled Depreciation": 3154000.0,
        "Reconciled Cost Of Revenue": 64937000.0,
        "EBITDA": -61741000.0,
        "EBIT": -64895000.0,
        "Net Interest Income": -3946000.0,
        "Interest Expense": 3946000.0,
        "Normalized Income": -63529593.686902,
        "Net Income From Continuing And Discontinued Operation": -67169000.0,
        "Total Expenses": 84811000.0,
        "Total Operating Income As Reported": 65419000.0,
        "Diluted Average Shares": 66770275.0,
        "Basic Average Shares": 66770275.0,
        "Diluted EPS": -1.38,
        "Basic EPS": -1.38,
        "Diluted NI Availto Com Stockholders": -92096000.0,
        "Net Income Common Stockholders": -92096000.0,
        "Preferred Stock Dividends": 24927000.0,
        "Net Income": -67169000.0,
        "Minority Interests": 0.0,
        "Net Income Including Noncontrolling Interests": -67169000.0,
        "Net Income Continuous Operations": -67169000.0,
        "Tax Provision": -1672000.0,
        "Pretax Income": -68841000.0,
        "Other Income Expense": -49644000.0,
        "Other Non Operating Income Expenses": -45914000.0,
        "Special Income Charges": -3730000.0,
        "Impairment Of Capital Assets": NaN,
        "Restructuring And Mergern Acquisition": 3730000.0,
        "Net Non Operating Interest Income Expense": -3946000.0,
        "Interest Expense Non Operating": 3946000.0,
        "Operating Income": -15251000.0,
        "Operating Expense": 19874000.0,
        "Research And Development": 1447000.0,
        "Selling General And Administration": 18427000.0,
        "Gross Profit": 4623000.0,
        "Cost Of Revenue": 64937000.0,
        "Total Revenue": 69560000.0,
        "Operating Revenue": 69560000.0
    },
    "2025-03-31": {
        "Tax Effect Of Unusual Items": -220342.0,
        "Tax Rate For Calcs": 0.058,
        "Normalized EBITDA": 7309000.0,
        "Total Unusual Items": -3799000.0,
        "Total Unusual Items Excluding Goodwill": -3799000.0,
        "Net Income From Continuing Operation Net Minority Interest": -2948000.0,
        "Reconciled Depreciation": 3046000.0,
        "Reconciled Cost Of Revenue": 52354000.0,
        "EBITDA": 3510000.0,
        "EBIT": 464000.0,
        "Net Interest Income": -3594000.0,
        "Interest Expense": 3594000.0,
        "Normalized Income": 630658.0,
        "Net Income From Continuing And Discontinued Operation": -2948000.0,
        "Total Expenses": 71913000.0,
        "Total Operating Income As Reported": -14317000.0,
        "Diluted Average Shares": 71192148.0,
        "Basic Average Shares": 71192148.0,
        "Diluted EPS": -0.09,
        "Basic EPS": -0.09,
        "Diluted NI Availto Com Stockholders": -6479000.0,
        "Net Income Common Stockholders": -6479000.0,
        "Preferred Stock Dividends": 3531000.0,
        "Net Income": -2948000.0,
        "Minority Interests": 0.0,
        "Net Income Including Noncontrolling Interests": -2948000.0,
        "Net Income Continuous Operations": -2948000.0,
        "Tax Provision": -182000.0,
        "Pretax Income": -3130000.0,
        "Other Income Expense": 10982000.0,
        "Other Non Operating Income Expenses": 14781000.0,
        "Special Income Charges": -3799000.0,
        "Impairment Of Capital Assets": NaN,
        "Restructuring And Mergern Acquisition": 3799000.0,
        "Net Non Operating Interest Income Expense": -3594000.0,
        "Interest Expense Non Operating": 3594000.0,
        "Operating Income": -10518000.0,
        "Operating Expense": 19559000.0,
        "Research And Development": 813000.0,
        "Selling General And Administration": 18746000.0,
        "Gross Profit": 9041000.0,
        "Cost Of Revenue": 52354000.0,
        "Total Revenue": 61395000.0,
        "Operating Revenue": 61395000.0
    },
    "2025-06-30": {
        "Tax Effect Of Unusual Items": -4187496.600634,
        "Tax Rate For Calcs": 0.251607,
        "Normalized EBITDA": -84125000.0,
        "Total Unusual Items": -16643000.0,
        "Total Unusual Items Excluding Goodwill": -16643000.0,
        "Net Income From Continuing Operation Net Minority Interest": -96979000.0,
        "Reconciled Depreciation": 5060000.0,
        "Reconciled Cost Of Revenue": 80824000.0,
        "EBITDA": -100768000.0,
        "EBIT": -105828000.0,
        "Net Interest Income": -23755000.0,
        "Interest Expense": 23755000.0,
        "Normalized Income": -84523496.600634,
        "Net Income From Continuing And Discontinued Operation": -96979000.0,
        "Total Expenses": 137008000.0,
        "Total Operating Income As Reported": -91891000.0,
        "Diluted Average Shares": 89554940.0,
        "Basic Average Shares": 89554940.0,
        "Diluted EPS": -1.41,
        "Basic EPS": -1.41,
        "Diluted NI Availto Com Stockholders": -126718000.0,
        "Net Income Common Stockholders": -126718000.0,
        "Preferred Stock Dividends": 29739000.0,
        "Net Income": -96979000.0,
        "Minority Interests": 0.0,
        "Net Income Including Noncontrolling Interests": -96979000.0,
        "Net Income Continuous Operations": -96979000.0,
        "Tax Provision": -32604000.0,
        "Pretax Income": -129583000.0,
        "Other Income Expense": -30580000.0,
        "Other Non Operating Income Expenses": -13937000.0,
        "Special Income Charges": -16643000.0,
        "Impairment Of Capital Assets": NaN,
        "Restructuring And Mergern Acquisition": 16643000.0,
        "Net Non Operating Interest Income Expense": -23755000.0,
        "Interest Expense Non Operating": 23755000.0,
        "Operating Income": -75248000.0,
        "Operating Expense": 56184000.0,
        "Research And Development": 1720000.0,
        "Selling General And Administration": 54464000.0,
        "Gross Profit": -19064000.0,
        "Cost Of Revenue": 80824000.0,
        "Total Revenue": 61760000.0,
        "Operating Revenue": 61760000.0
    }
}