{
    "2023-03-31": {
        "Tax Effect Of Unusual Items": NaN,
        "Tax Rate For Calcs": NaN,
        "Normalized EBITDA": NaN,
        "Net Income From Continuing Operation Net Minority Interest": NaN,
        "Reconciled Depreciation": NaN,
        "Reconciled Cost Of Revenue": NaN,
        "EBITDA": NaN,
        "EBIT": NaN,
        "Net Interest Income": NaN,
        "Interest Income": NaN,
        "Normalized Income": NaN,
        "Net Income From Continuing And Discontinued Operation": NaN,
        "Total Expenses": NaN,
        "Total Operating Income As Reported": NaN,
        "Diluted Average Shares": 44053402.0,
        "Basic Average Shares": 44053402.0,
        "Diluted EPS": -0.07,
        "Basic EPS": -0.07,
        "Diluted NI Availto Com Stockholders": NaN,
        "Net Income Common Stockholders": NaN,
        "Net Income": NaN,
        "Net Income Including Noncontrolling Interests": NaN,
        "Net Income Continuous Operations": NaN,
        "Tax Provision": NaN,
        "Pretax Income": NaN,
        "Net Non Operating Interest Income Expense": NaN,
        "Interest Income Non Operating": NaN,
        "Operating Income": NaN,
        "Operating Expense": NaN,
        "Research And Development": NaN,
        "Selling General And Administration": NaN,
        "Selling And Marketing Expense": NaN,
        "General And Administrative Expense": NaN,
        "Other Gand A": NaN,
        "Gross Profit": NaN,
        "Cost Of Revenue": NaN,
        "Total Revenue": NaN,
        "Operating Revenue": NaN
    },
    "2022-12-31": {
        "Tax Effect Of Unusual Items": 0.0,
        "Tax Rate For Calcs": 0.21,
        "Normalized EBITDA": -2230000.0,
        "Net Income From Continuing Operation Net Minority Interest": -4124000.0,
        "Reconciled Depreciation": 2878000.0,
        "Reconciled Cost Of Revenue": 13917000.0,
        "EBITDA": -2230000.0,
        "EBIT": -5108000.0,
        "Net Interest Income": 650000.0,
        "Interest Income": 857000.0,
        "Normalized Income": -4124000.0,
        "Net Income From Continuing And Discontinued Operation": -4124000.0,
        "Total Expenses": 79191000.0,
        "Total Operating Income As Reported": -5108000.0,
        "Diluted Average Shares": 44586590.0,
        "Basic Average Shares": 44586590.0,
        "Diluted EPS": -0.09,
        "Basic EPS": -0.09,
        "Diluted NI Availto Com Stockholders": -4124000.0,
        "Net Income Common Stockholders": -4124000.0,
        "Net Income": -4124000.0,
        "Net Income Including Noncontrolling Interests": -4124000.0,
        "Net Income Continuous Operations": -4124000.0,
        "Tax Provision": 1034000.0,
        "Pretax Income": -3090000.0,
        "Net Non Operating Interest Income Expense": 650000.0,
        "Interest Income Non Operating": 857000.0,
        "Operating Income": -5108000.0,
        "Operating Expense": 65274000.0,
        "Research And Development": 22486000.0,
        "Selling General And Administration": 42788000.0,
        "Selling And Marketing Expense": 32544000.0,
        "General And Administrative Expense": 10244000.0,
        "Other Gand A": 10244000.0,
        "Gross Profit": 60166000.0,
        "Cost Of Revenue": 13917000.0,
        "Total Revenue": 74083000.0,
        "Operating Revenue": 74083000.0
    },
    "2022-09-30": {
        "Tax Effect Of Unusual Items": 0.0,
        "Tax Rate For Calcs": 0.4,
        "Normalized EBITDA": -297000.0,
        "Net Income From Continuing Operation Net Minority Interest": -2964000.0,
        "Reconciled Depreciation": 3097000.0,
        "Reconciled Cost Of Revenue": 13138000.0,
        "EBITDA": -297000.0,
        "EBIT": -3394000.0,
        "Net Interest Income": 1350000.0,
        "Interest Income": 1350000.0,
        "Normalized Income": -2964000.0,
        "Net Income From Continuing And Discontinued Operation": -2964000.0,
        "Total Expenses": 73915000.0,
        "Total Operating Income As Reported": -3394000.0,
        "Diluted Average Shares": 44623247.0,
        "Basic Average Shares": 44623247.0,
        "Diluted EPS": -0.07,
        "Basic EPS": -0.07,
        "Diluted NI Availto Com Stockholders": -2964000.0,
        "Net Income Common Stockholders": -2964000.0,
        "Net Income": -2964000.0,
        "Net Income Including Noncontrolling Interests": -2964000.0,
        "Net Income Continuous Operations": -2964000.0,
        "Tax Provision": 920000.0,
        "Pretax Income": -2044000.0,
        "Net Non Operating Interest Income Expense": 1350000.0,
        "Total Other Finance Cost": NaN,
        "Interest Income Non Operating": 1350000.0,
        "Operating Income": -3394000.0,
        "Operating Expense": 60777000.0,
        "Research And Development": 22083000.0,
        "Selling General And Administration": 38694000.0,
        "Selling And Marketing Expense": 31416000.0,
        "General And Administrative Expense": 7278000.0,
        "Other Gand A": 7278000.0,
        "Gross Profit": 57383000.0,
        "Cost Of Revenue": 13138000.0,
        "Total Revenue": 70521000.0,
        "Operating Revenue": 70521000.0
    },
    "2022-06-30": {
        "Tax Effect Of Unusual Items": 0.0,
        "Tax Rate For Calcs": 0.309075,
        "Normalized EBITDA": 4805000.0,
        "Net Income From Continuing Operation Net Minority Interest": 3152000.0,
        "Reconciled Depreciation": 3229000.0,
        "Reconciled Cost Of Revenue": 13888000.0,
        "EBITDA": 4805000.0,
        "EBIT": 1576000.0,
        "Net Interest Income": 2986000.0,
        "Interest Income": 2986000.0,
        "Normalized Income": 3152000.0,
        "Net Income From Continuing And Discontinued Operation": 3152000.0,
        "Total Expenses": 73538000.0,
        "Total Operating Income As Reported": 1576000.0,
        "Diluted Average Shares": 45835440.0,
        "Basic Average Shares": 44914427.0,
        "Diluted EPS": 0.07,
        "Basic EPS": 0.07,
        "Diluted NI Availto Com Stockholders": 3152000.0,
        "Net Income Common Stockholders": 3152000.0,
        "Net Income": 3152000.0,
        "Net Income Including Noncontrolling Interests": 3152000.0,
        "Net Income Continuous Operations": 3152000.0,
        "Tax Provision": 1410000.0,
        "Pretax Income": 4562000.0,
        "Net Non Operating Interest Income Expense": 2986000.0,
        "Total Other Finance Cost": NaN,
        "Interest Income Non Operating": 2986000.0,
        "Operating Income": 1576000.0,
        "Operating Expense": 59650000.0,
        "Research And Development": 21623000.0,
        "Selling General And Administration": 38027000.0,
        "Selling And Marketing Expense": 32290000.0,
        "General And Administrative Expense": 5737000.0,
        "Other Gand A": 5737000.0,
        "Gross Profit": 61226000.0,
        "Cost Of Revenue": 13888000.0,
        "Total Revenue": 75114000.0,
        "Operating Revenue": 75114000.0
    },
    "2023-06-30": {
        "Tax Effect Of Unusual Items": NaN,
        "Tax Rate For Calcs": NaN,
        "Normalized EBITDA": NaN,
        "Net Income From Continuing Operation Net Minority Interest": NaN,
        "Reconciled Depreciation": NaN,
        "Reconciled Cost Of Revenue": NaN,
        "EBITDA": NaN,
        "EBIT": NaN,
        "Net Interest Income": NaN,
        "Interest Income": 3419000.0,
        "Normalized Income": NaN,
        "Net Income From Continuing And Discontinued Operation": NaN,
        "Total Expenses": NaN,
        "Total Operating Income As Reported": NaN,
        "Diluted Average Shares": NaN,
        "Basic Average Shares": NaN,
        "Diluted EPS": NaN,
        "Basic EPS": NaN,
        "Diluted NI Availto Com Stockholders": NaN,
        "Net Income Common Stockholders": NaN,
        "Net Income": NaN,
        "Net Income Including Noncontrolling Interests": NaN,
        "Net Income Continuous Operations": NaN,
        "Tax Provision": NaN,
        "Pretax Income": NaN,
        "Net Non Operating Interest Income Expense": NaN,
        "Total Other Finance Cost": NaN,
        "Interest Income Non Operating": 3419000.0,
        "Operating Income": NaN,
        "Operating Expense": NaN,
        "Research And Development": NaN,
        "Selling General And Administration": NaN,
        "Selling And Marketing Expense": NaN,
        "General And Administrative Expense": NaN,
        "Other Gand A": NaN,
        "Gross Profit": NaN,
        "Cost Of Revenue": NaN,
        "Total Revenue": NaN,
        "Operating Revenue": NaN
    },
    "2022-03-31": {
        "Diluted EPS": 0.08,
        "Total Revenue": 74,
        "Gross Profit": 61,
        "Operating Income": 4,
        "EBIT": 6,
        "Net Income": 4
    },
    "2021-12-31": {
        "Diluted EPS": -0.12,
        "Total Revenue": 77,
        "Gross Profit": 63,
        "Operating Income": 5,
        "EBIT": 7,
        "Net Income": -6
    },
    "2021-09-30": {
        "Diluted EPS": 0.1,
        "Total Revenue": 73,
        "Gross Profit": 60,
        "Operating Income": 6,
        "EBIT": 8,
        "Net Income": 5
    },
    "2021-06-30": {
        "Diluted EPS": 0.1,
        "Total Revenue": 70,
        "Gross Profit": 57,
        "Operating Income": 5,
        "EBIT": 7,
        "Net Income": 5
    },
    "2021-03-31": {
        "Diluted EPS": 0.08,
        "Total Revenue": 67,
        "Gross Profit": 55,
        "Operating Income": 3,
        "EBIT": 5,
        "Net Income": 4
    },
    "2020-12-31": {
        "Diluted EPS": 0.06,
        "Total Revenue": 69,
        "Gross Profit": 57,
        "Operating Income": 4,
        "EBIT": 7,
        "Net Income": 3
    },
    "2020-09-30": {
        "Diluted EPS": 0.08,
        "Total Revenue": 63,
        "Gross Profit": 51,
        "Operating Income": 2,
        "EBIT": 5,
        "Net Income": 4
    },
    "2020-06-30": {
        "Diluted EPS": 0.01,
        "Total Revenue": 58,
        "Gross Profit": 48,
        "Operating Income": 0,
        "EBIT": 2,
        "Net Income": 1
    },
    "2020-03-31": {
        "Diluted EPS": 0.05,
        "Total Revenue": 60,
        "Gross Profit": 49,
        "Operating Income": 1,
        "EBIT": 3,
        "Net Income": 3
    },
    "2019-12-31": {
        "Diluted EPS": 0.15,
        "Total Revenue": 67,
        "Gross Profit": 55,
        "Operating Income": 6,
        "EBIT": 9,
        "Net Income": 7
    },
    "2019-09-30": {
        "Diluted EPS": 0.15,
        "Total Revenue": 63,
        "Gross Profit": 51,
        "Operating Income": 5,
        "EBIT": 8,
        "Net Income": 7
    },
    "2019-06-30": {
        "Diluted EPS": 0.08,
        "Total Revenue": 60,
        "Gross Profit": 50,
        "Operating Income": 3,
        "EBIT": 5,
        "Net Income": 4
    },
    "2019-03-31": {
        "Diluted EPS": 0.09,
        "Total Revenue": 61,
        "Gross Profit": 50,
        "Operating Income": 4,
        "EBIT": 6,
        "Net Income": 4
    },
    "2018-12-31": {
        "Diluted EPS": 0.17,
        "Total Revenue": 64,
        "Gross Profit": 53,
        "Operating Income": 6,
        "EBIT": 9,
        "Net Income": 8
    },
    "2018-09-30": {
        "Diluted EPS": 0.06,
        "Total Revenue": 59,
        "Gross Profit": 48,
        "Operating Income": 3,
        "EBIT": 5,
        "Net Income": 3
    },
    "2018-06-30": {
        "Diluted EPS": 0.04,
        "Total Revenue": 57,
        "Gross Profit": 47,
        "Operating Income": 1,
        "EBIT": 3,
        "Net Income": 2
    },
    "2018-03-31": {
        "Diluted EPS": -0.02,
        "Total Revenue": 55,
        "Gross Profit": 45,
        "Operating Income": -2,
        "EBIT": 0,
        "Net Income": -1
    },
    "2017-12-31": {
        "Diluted EPS": 0.04,
        "Total Revenue": 58,
        "Gross Profit": 47,
        "Operating Income": 6,
        "EBIT": 8,
        "Net Income": 2
    },
    "2017-09-30": {
        "Diluted EPS": -0.03,
        "Total Revenue": 53,
        "Gross Profit": 43,
        "Operating Income": -3,
        "EBIT": 0,
        "Net Income": -1
    },
    "2017-06-30": {
        "Diluted EPS": -0.09,
        "Total Revenue": 51,
        "Gross Profit": 41,
        "Operating Income": -4,
        "EBIT": -1,
        "Net Income": -4
    },
    "2017-03-31": {
        "Diluted EPS": -0.09,
        "Total Revenue": 49,
        "Gross Profit": 40,
        "Operating Income": -5,
        "EBIT": -2,
        "Net Income": -4
    },
    "2016-12-31": {
        "Diluted EPS": -0.05,
        "Total Revenue": 52,
        "Gross Profit": 42,
        "Operating Income": -2,
        "Net Income": -2
    },
    "2016-09-30": {
        "Diluted EPS": -0.06,
        "Total Revenue": 47,
        "Gross Profit": 38,
        "Operating Income": -4,
        "EBIT": -1,
        "Net Income": -2
    },
    "2016-06-30": {
        "Diluted EPS": -0.03,
        "Total Revenue": 50,
        "Gross Profit": 41,
        "Operating Income": -2,
        "EBIT": 1,
        "Net Income": -1
    },
    "2016-03-31": {
        "Diluted EPS": -0.06,
        "Total Revenue": 48,
        "Gross Profit": 40,
        "Operating Income": -4,
        "EBIT": -2,
        "Net Income": -3
    },
    "2015-12-31": {
        "Diluted EPS": 0.09,
        "Total Revenue": 55,
        "Gross Profit": 45,
        "Operating Income": 3,
        "EBIT": 6,
        "Net Income": 4
    },
    "2015-09-30": {
        "Diluted EPS": 0.01,
        "Total Revenue": 48,
        "Gross Profit": 40,
        "Operating Income": 0,
        "EBIT": 2,
        "Net Income": 1
    },
    "2015-06-30": {
        "Diluted EPS": 0.15,
        "Total Revenue": 56,
        "Gross Profit": 46,
        "Operating Income": 8,
        "EBIT": 10,
        "Net Income": 7
    },
    "2015-03-31": {
        "Diluted EPS": 0.14,
        "Total Revenue": 57,
        "Gross Profit": 47,
        "Operating Income": 7,
        "EBIT": 10,
        "Net Income": 6
    },
    "2014-12-31": {
        "Diluted EPS": 0.19,
        "Total Revenue": 61,
        "Gross Profit": 50,
        "Operating Income": 10,
        "EBIT": 10,
        "Net Income": 9
    },
    "2014-09-30": {
        "Diluted EPS": 0.17,
        "Total Revenue": 57,
        "Gross Profit": 47,
        "Operating Income": 8,
        "EBIT": 8,
        "Net Income": 8
    },
    "2014-06-30": {
        "Diluted EPS": 0.08,
        "Total Revenue": 53,
        "Gross Profit": 43,
        "Operating Income": 4,
        "EBIT": 4,
        "Net Income": 4
    },
    "2014-03-31": {
        "Diluted EPS": 0.09,
        "Total Revenue": 51,
        "Gross Profit": 42,
        "Operating Income": 4,
        "EBIT": 4,
        "Net Income": 4
    },
    "2013-12-31": {
        "Diluted EPS": 0.12,
        "Total Revenue": 53,
        "Gross Profit": 43,
        "Operating Income": 6,
        "EBIT": 6,
        "Net Income": 6
    },
    "2013-09-30": {
        "Diluted EPS": 0.06,
        "Total Revenue": 48,
        "Gross Profit": 39,
        "Operating Income": 3,
        "EBIT": 3,
        "Net Income": 3
    },
    "2013-06-30": {
        "Diluted EPS": 0.11,
        "Total Revenue": 47,
        "Gross Profit": 38,
        "Operating Income": 4,
        "EBIT": 4,
        "Net Income": 5
    },
    "2013-03-31": {
        "Diluted EPS": 0.1,
        "Total Revenue": 45,
        "Gross Profit": 37,
        "Operating Income": 4,
        "EBIT": 4,
        "Net Income": 4
    },
    "2012-12-31": {
        "Diluted EPS": 0.2,
        "Total Revenue": 50,
        "Gross Profit": 40,
        "Operating Income": 9,
        "EBIT": 9,
        "Net Income": 9
    },
    "2012-09-30": {
        "Diluted EPS": 0.18,
        "Total Revenue": 48,
        "Gross Profit": 39,
        "Operating Income": 8,
        "EBIT": 8,
        "Net Income": 8
    },
    "2012-06-30": {
        "Diluted EPS": 0.16,
        "Total Revenue": 47,
        "Gross Profit": 38,
        "Operating Income": 8,
        "EBIT": 8,
        "Net Income": 8
    },
    "2012-03-31": {
        "Diluted EPS": 0.15,
        "Total Revenue": 45,
        "Gross Profit": 36,
        "Operating Income": 6,
        "EBIT": 6,
        "Net Income": 7
    },
    "2011-12-31": {
        "Diluted EPS": 0.15,
        "Total Revenue": 45,
        "Gross Profit": 36,
        "Operating Income": 6,
        "EBIT": 6,
        "Net Income": 7
    },
    "2011-09-30": {
        "Diluted EPS": 0.12,
        "Total Revenue": 42,
        "Gross Profit": 34,
        "Operating Income": 5,
        "EBIT": 5,
        "Net Income": 5
    },
    "2011-06-30": {
        "Diluted EPS": 0.11,
        "Total Revenue": 41,
        "Gross Profit": 33,
        "Operating Income": 4,
        "EBIT": 4,
        "Net Income": 5
    },
    "2011-03-31": {
        "Diluted EPS": 0.1,
        "Total Revenue": 39,
        "Gross Profit": 31,
        "Operating Income": 3,
        "EBIT": 3,
        "Net Income": 4
    },
    "2010-12-31": {
        "Diluted EPS": 0.09,
        "Total Revenue": 39,
        "Gross Profit": 31,
        "Operating Income": 3,
        "EBIT": 3,
        "Net Income": 4
    },
    "2010-09-30": {
        "Diluted EPS": 0.09,
        "Total Revenue": 37,
        "Gross Profit": 29,
        "Operating Income": 3,
        "EBIT": 3,
        "Net Income": 4
    },
    "2010-06-30": {
        "Diluted EPS": 0.04,
        "Total Revenue": 35,
        "Gross Profit": 28,
        "Operating Income": 2,
        "EBIT": 2,
        "Net Income": 1
    },
    "2010-03-31": {
        "Diluted EPS": 0.02,
        "Total Revenue": 33,
        "Gross Profit": 26,
        "Operating Income": 1,
        "EBIT": 1,
        "Net Income": 1
    },
    "2009-12-31": {
        "Diluted EPS": 0.05,
        "Total Revenue": 32,
        "Gross Profit": 25,
        "Operating Income": 1,
        "EBIT": 1,
        "Net Income": 2
    },
    "2009-09-30": {
        "Diluted EPS": 0.01,
        "Total Revenue": 29,
        "Gross Profit": 23,
        "Operating Income": 0,
        "EBIT": 0,
        "Net Income": 0
    },
    "2009-06-30": {
        "Diluted EPS": -0.05,
        "Total Revenue": 27,
        "Gross Profit": 21,
        "Operating Income": -2,
        "EBIT": -2,
        "Net Income": -2
    },
    "2009-03-31": {
        "Diluted EPS": -0.16,
        "Total Revenue": 20,
        "Gross Profit": 16,
        "Operating Income": -6,
        "EBIT": -6,
        "Net Income": -6
    },
    "2023-09-30": {
        "Tax Effect Of Unusual Items": NaN,
        "Tax Rate For Calcs": NaN,
        "Normalized EBITDA": NaN,
        "Net Income From Continuing Operation Net Minority Interest": NaN,
        "Reconciled Depreciation": NaN,
        "Reconciled Cost Of Revenue": NaN,
        "EBITDA": NaN,
        "EBIT": NaN,
        "Net Interest Income": NaN,
        "Interest Income": 3778000.0,
        "Normalized Income": NaN,
        "Net Income From Continuing And Discontinued Operation": NaN,
        "Total Expenses": NaN,
        "Total Operating Income As Reported": NaN,
        "Diluted Average Shares": NaN,
        "Basic Average Shares": NaN,
        "Diluted EPS": NaN,
        "Basic EPS": NaN,
        "Diluted NI Availto Com Stockholders": NaN,
        "Net Income Common Stockholders": NaN,
        "Net Income": NaN,
        "Net Income Including Noncontrolling Interests": NaN,
        "Net Income Continuous Operations": NaN,
        "Tax Provision": NaN,
        "Pretax Income": NaN,
        "Net Non Operating Interest Income Expense": NaN,
        "Total Other Finance Cost": -3778000.0,
        "Interest Income Non Operating": 3778000.0,
        "Operating Income": NaN,
        "Operating Expense": NaN,
        "Research And Development": NaN,
        "Selling General And Administration": NaN,
        "Selling And Marketing Expense": NaN,
        "General And Administrative Expense": NaN,
        "Other Gand A": NaN,
        "Gross Profit": NaN,
        "Cost Of Revenue": NaN,
        "Total Revenue": NaN,
        "Operating Revenue": NaN
    },
    "2023-12-31": {
        "Tax Effect Of Unusual Items": NaN,
        "Tax Rate For Calcs": NaN,
        "Normalized EBITDA": NaN,
        "Net Income From Continuing Operation Net Minority Interest": NaN,
        "Reconciled Depreciation": NaN,
        "Reconciled Cost Of Revenue": NaN,
        "EBITDA": NaN,
        "EBIT": NaN,
        "Net Interest Income": NaN,
        "Interest Income": 3476000.0,
        "Normalized Income": NaN,
        "Net Income From Continuing And Discontinued Operation": NaN,
        "Total Expenses": NaN,
        "Total Operating Income As Reported": NaN,
        "Diluted Average Shares": NaN,
        "Basic Average Shares": NaN,
        "Diluted EPS": NaN,
        "Basic EPS": NaN,
        "Diluted NI Availto Com Stockholders": NaN,
        "Net Income Common Stockholders": NaN,
        "Net Income": NaN,
        "Net Income Including Noncontrolling Interests": NaN,
        "Net Income Continuous Operations": NaN,
        "Tax Provision": NaN,
        "Pretax Income": NaN,
        "Net Non Operating Interest Income Expense": NaN,
        "Total Other Finance Cost": NaN,
        "Interest Income Non Operating": 3476000.0,
        "Operating Income": NaN,
        "Operating Expense": NaN,
        "Research And Development": NaN,
        "Selling General And Administration": NaN,
        "Selling And Marketing Expense": NaN,
        "General And Administrative Expense": NaN,
        "Other Gand A": NaN,
        "Gross Profit": NaN,
        "Cost Of Revenue": NaN,
        "Total Revenue": NaN,
        "Operating Revenue": NaN
    },
    "2024-03-31": {
        "Tax Effect Of Unusual Items": 0.0,
        "Tax Rate For Calcs": 0.21,
        "Normalized EBITDA": -720000.0,
        "Net Income From Continuing Operation Net Minority Interest": -1222000.0,
        "Reconciled Depreciation": 2943000.0,
        "Reconciled Cost Of Revenue": 12812000.0,
        "EBITDA": -720000.0,
        "EBIT": -3663000.0,
        "Net Interest Income": 3608000.0,
        "Interest Income": 3608000.0,
        "Normalized Income": -1222000.0,
        "Net Income From Continuing And Discontinued Operation": -1222000.0,
        "Total Expenses": 68748000.0,
        "Total Operating Income As Reported": -3663000.0,
        "Diluted Average Shares": 41750203.0,
        "Basic Average Shares": 41750203.0,
        "Diluted EPS": -0.03,
        "Basic EPS": -0.03,
        "Diluted NI Availto Com Stockholders": -1222000.0,
        "Net Income Common Stockholders": -1222000.0,
        "Net Income": -1222000.0,
        "Net Income Including Noncontrolling Interests": -1222000.0,
        "Net Income Continuous Operations": -1222000.0,
        "Tax Provision": 1167000.0,
        "Pretax Income": -55000.0,
        "Net Non Operating Interest Income Expense": 3608000.0,
        "Total Other Finance Cost": NaN,
        "Interest Income Non Operating": 3608000.0,
        "Operating Income": -3663000.0,
        "Operating Expense": 55936000.0,
        "Research And Development": 18896000.0,
        "Selling General And Administration": 37040000.0,
        "Selling And Marketing Expense": 29701000.0,
        "General And Administrative Expense": 7339000.0,
        "Other Gand A": 7339000.0,
        "Gross Profit": 52273000.0,
        "Cost Of Revenue": 12812000.0,
        "Total Revenue": 65085000.0,
        "Operating Revenue": 65085000.0
    },
    "2024-06-30": {
        "Tax Effect Of Unusual Items": 0.0,
        "Tax Rate For Calcs": 0.21,
        "Normalized EBITDA": 1819000.0,
        "Net Income From Continuing Operation Net Minority Interest": 1664000.0,
        "Reconciled Depreciation": 3028000.0,
        "Reconciled Cost Of Revenue": 13056000.0,
        "EBITDA": 1819000.0,
        "EBIT": -1209000.0,
        "Net Interest Income": 4417000.0,
        "Interest Income": 4417000.0,
        "Normalized Income": 1664000.0,
        "Net Income From Continuing And Discontinued Operation": 1664000.0,
        "Total Expenses": 68485000.0,
        "Total Operating Income As Reported": -1209000.0,
        "Diluted Average Shares": 43148129.0,
        "Basic Average Shares": 41857259.0,
        "Diluted EPS": 0.04,
        "Basic EPS": 0.04,
        "Diluted NI Availto Com Stockholders": 1664000.0,
        "Net Income Common Stockholders": 1664000.0,
        "Net Income": 1664000.0,
        "Net Income Including Noncontrolling Interests": 1664000.0,
        "Net Income Continuous Operations": 1664000.0,
        "Tax Provision": 1544000.0,
        "Pretax Income": 3208000.0,
        "Net Non Operating Interest Income Expense": 4417000.0,
        "Total Other Finance Cost": NaN,
        "Interest Income Non Operating": 4417000.0,
        "Operating Income": -1209000.0,
        "Operating Expense": 55429000.0,
        "Research And Development": 18701000.0,
        "Selling General And Administration": 36728000.0,
        "Selling And Marketing Expense": 29744000.0,
        "General And Administrative Expense": 6984000.0,
        "Other Gand A": 6984000.0,
        "Gross Profit": 54220000.0,
        "Cost Of Revenue": 13056000.0,
        "Total Revenue": 67276000.0,
        "Operating Revenue": 67276000.0
    },
    "2024-09-30": {
        "Tax Effect Of Unusual Items": 0.0,
        "Tax Rate For Calcs": 0.364977,
        "Normalized EBITDA": 2941000.0,
        "Net Income From Continuing Operation Net Minority Interest": 3144000.0,
        "Reconciled Depreciation": 2947000.0,
        "Reconciled Cost Of Revenue": 13392000.0,
        "EBITDA": 2941000.0,
        "EBIT": -6000.0,
        "Net Interest Income": 4957000.0,
        "Interest Income": NaN,
        "Normalized Income": 3144000.0,
        "Net Income From Continuing And Discontinued Operation": 3144000.0,
        "Total Expenses": 69494000.0,
        "Total Operating Income As Reported": -6000.0,
        "Diluted Average Shares": 43573161.0,
        "Basic Average Shares": 41956001.0,
        "Diluted EPS": 0.07,
        "Basic EPS": 0.07,
        "Diluted NI Availto Com Stockholders": 3144000.0,
        "Net Income Common Stockholders": 3144000.0,
        "Net Income": 3144000.0,
        "Net Income Including Noncontrolling Interests": 3144000.0,
        "Net Income Continuous Operations": 3144000.0,
        "Tax Provision": 1807000.0,
        "Pretax Income": 4951000.0,
        "Net Non Operating Interest Income Expense": 4957000.0,
        "Total Other Finance Cost": -4957000.0,
        "Interest Income Non Operating": NaN,
        "Operating Income": -6000.0,
        "Operating Expense": 56102000.0,
        "Research And Development": 18654000.0,
        "Selling General And Administration": 37448000.0,
        "Selling And Marketing Expense": 30500000.0,
        "General And Administrative Expense": 6948000.0,
        "Other Gand A": 6948000.0,
        "Gross Profit": 56096000.0,
        "Cost Of Revenue": 13392000.0,
        "Total Revenue": 69488000.0,
        "Operating Revenue": 69488000.0
    },
    "2024-12-31": {
        "Tax Effect Of Unusual Items": 0.0,
        "Tax Rate For Calcs": 0.21,
        "Normalized EBITDA": 3909000.0,
        "Net Income From Continuing Operation Net Minority Interest": 2452000.0,
        "Reconciled Depreciation": 2918000.0,
        "Reconciled Cost Of Revenue": 13992000.0,
        "EBITDA": 3909000.0,
        "EBIT": 991000.0,
        "Net Interest Income": 4807000.0,
        "Interest Income": NaN,
        "Normalized Income": 2452000.0,
        "Net Income From Continuing And Discontinued Operation": 2452000.0,
        "Total Expenses": 72040000.0,
        "Total Operating Income As Reported": 991000.0,
        "Diluted Average Shares": 43725803.0,
        "Basic Average Shares": 42238469.0,
        "Diluted EPS": 0.06,
        "Basic EPS": 0.06,
        "Diluted NI Availto Com Stockholders": 2452000.0,
        "Net Income Common Stockholders": 2452000.0,
        "Net Income": 2452000.0,
        "Net Income Including Noncontrolling Interests": 2452000.0,
        "Net Income Continuous Operations": 2452000.0,
        "Tax Provision": 2109000.0,
        "Pretax Income": 4561000.0,
        "Net Non Operating Interest Income Expense": 4807000.0,
        "Total Other Finance Cost": 13218000.0,
        "Interest Income Non Operating": NaN,
        "Operating Income": 991000.0,
        "Operating Expense": 58048000.0,
        "Research And Development": 18472000.0,
        "Selling General And Administration": 39576000.0,
        "Selling And Marketing Expense": 32505000.0,
        "General And Administrative Expense": 7071000.0,
        "Other Gand A": 7071000.0,
        "Gross Profit": 59039000.0,
        "Cost Of Revenue": 13992000.0,
        "Total Revenue": 73031000.0,
        "Operating Revenue": 73031000.0
    },
    "2025-03-31": {
        "Tax Effect Of Unusual Items": 0.0,
        "Tax Rate For Calcs": 0.325885,
        "Normalized EBITDA": 4721000.0,
        "Net Income From Continuing Operation Net Minority Interest": 4344000.0,
        "Reconciled Depreciation": 3152000.0,
        "Reconciled Cost Of Revenue": 13990000.0,
        "EBITDA": 4721000.0,
        "EBIT": 1569000.0,
        "Net Interest Income": 4875000.0,
        "Interest Income": 4875000.0,
        "Normalized Income": 4344000.0,
        "Net Income From Continuing And Discontinued Operation": 4344000.0,
        "Total Expenses": 70510000.0,
        "Total Operating Income As Reported": 1569000.0,
        "Diluted Average Shares": 44192474.0,
        "Basic Average Shares": 42663787.0,
        "Diluted EPS": 0.1,
        "Basic EPS": 0.1,
        "Diluted NI Availto Com Stockholders": 4344000.0,
        "Net Income Common Stockholders": 4344000.0,
        "Net Income": 4344000.0,
        "Net Income Including Noncontrolling Interests": 4344000.0,
        "Net Income Continuous Operations": 4344000.0,
        "Tax Provision": 2100000.0,
        "Pretax Income": 6444000.0,
        "Net Non Operating Interest Income Expense": 4875000.0,
        "Total Other Finance Cost": NaN,
        "Interest Income Non Operating": 4875000.0,
        "Operating Income": 1569000.0,
        "Operating Expense": 56520000.0,
        "Research And Development": 18776000.0,
        "Selling General And Administration": 37744000.0,
        "Selling And Marketing Expense": 31281000.0,
        "General And Administrative Expense": 6463000.0,
        "Other Gand A": 6463000.0,
        "Gross Profit": 58089000.0,
        "Cost Of Revenue": 13990000.0,
        "Total Revenue": 72079000.0,
        "Operating Revenue": 72079000.0
    }
}