{
    "2023-06-30": {
        "Tax Effect Of Unusual Items": NaN,
        "Tax Rate For Calcs": NaN,
        "Normalized EBITDA": NaN,
        "Total Unusual Items": NaN,
        "Total Unusual Items Excluding Goodwill": NaN,
        "Net Income From Continuing Operation Net Minority Interest": NaN,
        "Reconciled Depreciation": NaN,
        "Reconciled Cost Of Revenue": NaN,
        "EBITDA": NaN,
        "EBIT": NaN,
        "Net Interest Income": NaN,
        "Interest Expense": NaN,
        "Interest Income": NaN,
        "Normalized Income": NaN,
        "Net Income From Continuing And Discontinued Operation": NaN,
        "Total Expenses": NaN,
        "Total Operating Income As Reported": NaN,
        "Diluted Average Shares": NaN,
        "Basic Average Shares": NaN,
        "Diluted EPS": NaN,
        "Basic EPS": NaN,
        "Diluted NI Availto Com Stockholders": NaN,
        "Net Income Common Stockholders": NaN,
        "Net Income": NaN,
        "Minority Interests": NaN,
        "Net Income Including Noncontrolling Interests": NaN,
        "Net Income Continuous Operations": NaN,
        "Tax Provision": NaN,
        "Pretax Income": NaN,
        "Other Income Expense": NaN,
        "Special Income Charges": NaN,
        "Gain On Sale Of Ppe": NaN,
        "Write Off": 11000000.0,
        "Impairment Of Capital Assets": NaN,
        "Earnings From Equity Interest": NaN,
        "Gain On Sale Of Security": NaN,
        "Net Non Operating Interest Income Expense": NaN,
        "Total Other Finance Cost": -784000000.0,
        "Interest Expense Non Operating": NaN,
        "Interest Income Non Operating": NaN,
        "Operating Income": NaN,
        "Operating Expense": NaN,
        "Other Operating Expenses": NaN,
        "Research And Development": NaN,
        "Selling General And Administration": NaN,
        "Gross Profit": NaN,
        "Cost Of Revenue": NaN,
        "Total Revenue": NaN,
        "Operating Revenue": NaN
    },
    "2023-03-31": {
        "Tax Effect Of Unusual Items": NaN,
        "Tax Rate For Calcs": NaN,
        "Normalized EBITDA": NaN,
        "Total Unusual Items": NaN,
        "Total Unusual Items Excluding Goodwill": NaN,
        "Net Income From Continuing Operation Net Minority Interest": NaN,
        "Reconciled Depreciation": NaN,
        "Reconciled Cost Of Revenue": NaN,
        "EBITDA": NaN,
        "EBIT": NaN,
        "Net Interest Income": NaN,
        "Interest Expense": 354000000.0,
        "Interest Income": 474000000.0,
        "Normalized Income": NaN,
        "Net Income From Continuing And Discontinued Operation": NaN,
        "Total Expenses": NaN,
        "Total Operating Income As Reported": NaN,
        "Diluted Average Shares": NaN,
        "Basic Average Shares": NaN,
        "Diluted EPS": NaN,
        "Basic EPS": NaN,
        "Diluted NI Availto Com Stockholders": NaN,
        "Net Income Common Stockholders": NaN,
        "Net Income": NaN,
        "Net Income Including Noncontrolling Interests": NaN,
        "Net Income Continuous Operations": NaN,
        "Tax Provision": NaN,
        "Pretax Income": NaN,
        "Other Income Expense": NaN,
        "Special Income Charges": NaN,
        "Gain On Sale Of Ppe": NaN,
        "Write Off": NaN,
        "Impairment Of Capital Assets": 540000000.0,
        "Earnings From Equity Interest": NaN,
        "Gain On Sale Of Security": 679000000.0,
        "Net Non Operating Interest Income Expense": NaN,
        "Total Other Finance Cost": NaN,
        "Interest Expense Non Operating": 354000000.0,
        "Interest Income Non Operating": 474000000.0,
        "Operating Income": NaN,
        "Operating Expense": NaN,
        "Other Operating Expenses": NaN,
        "Research And Development": NaN,
        "Selling General And Administration": NaN,
        "Gross Profit": NaN,
        "Cost Of Revenue": NaN,
        "Total Revenue": NaN,
        "Operating Revenue": NaN
    },
    "2022-12-31": {
        "Tax Effect Of Unusual Items": -268284000.0,
        "Tax Rate For Calcs": 0.237,
        "Normalized EBITDA": 21167000000.0,
        "Total Unusual Items": -1132000000.0,
        "Total Unusual Items Excluding Goodwill": -1132000000.0,
        "Net Income From Continuing Operation Net Minority Interest": 12471000000.0,
        "Reconciled Depreciation": 3271000000.0,
        "Reconciled Cost Of Revenue": 27607000000.0,
        "EBITDA": 20035000000.0,
        "EBIT": 16764000000.0,
        "Net Interest Income": -145000000.0,
        "Interest Expense": 418000000.0,
        "Interest Income": 273000000.0,
        "Normalized Income": 13334716000.0,
        "Net Income From Continuing And Discontinued Operation": 12471000000.0,
        "Total Expenses": 50137000000.0,
        "Total Operating Income As Reported": 16425000000.0,
        "Diluted Average Shares": NaN,
        "Basic Average Shares": NaN,
        "Diluted EPS": NaN,
        "Basic EPS": NaN,
        "Diluted NI Availto Com Stockholders": 12471000000.0,
        "Net Income Common Stockholders": 12471000000.0,
        "Net Income": 12471000000.0,
        "Net Income Including Noncontrolling Interests": 12471000000.0,
        "Net Income Continuous Operations": 12471000000.0,
        "Tax Provision": 3875000000.0,
        "Pretax Income": 16346000000.0,
        "Other Income Expense": -1072000000.0,
        "Special Income Charges": -1138000000.0,
        "Gain On Sale Of Ppe": -1004000000.0,
        "Impairment Of Capital Assets": 134000000.0,
        "Earnings From Equity Interest": 60000000.0,
        "Gain On Sale Of Security": 6000000.0,
        "Net Non Operating Interest Income Expense": -145000000.0,
        "Total Other Finance Cost": NaN,
        "Interest Expense Non Operating": 418000000.0,
        "Interest Income Non Operating": 273000000.0,
        "Operating Income": 17563000000.0,
        "Operating Expense": 22530000000.0,
        "Other Operating Expenses": -272000000.0,
        "Research And Development": 4821000000.0,
        "Selling General And Administration": 17981000000.0,
        "Gross Profit": 40093000000.0,
        "Cost Of Revenue": 27607000000.0,
        "Total Revenue": 67700000000.0,
        "Operating Revenue": 67700000000.0
    },
    "2022-09-30": {
        "Tax Effect Of Unusual Items": -54744646.514804,
        "Tax Rate For Calcs": 0.309292,
        "Normalized EBITDA": 19723000000.0,
        "Total Unusual Items": -177000000.0,
        "Total Unusual Items Excluding Goodwill": -177000000.0,
        "Net Income From Continuing Operation Net Minority Interest": 11128000000.0,
        "Reconciled Depreciation": 3126000000.0,
        "Reconciled Cost Of Revenue": 25810000000.0,
        "EBITDA": 19546000000.0,
        "EBIT": 16420000000.0,
        "Net Interest Income": -93000000.0,
        "Interest Expense": 309000000.0,
        "Interest Income": 216000000.0,
        "Normalized Income": 11250255353.485195,
        "Net Income From Continuing And Discontinued Operation": 11128000000.0,
        "Total Expenses": 46816000000.0,
        "Total Operating Income As Reported": 16127000000.0,
        "Diluted Average Shares": 166362685.0,
        "Basic Average Shares": 165103858.0,
        "Diluted EPS": 66.89,
        "Basic EPS": 67.4,
        "Diluted NI Availto Com Stockholders": 11128000000.0,
        "Net Income Common Stockholders": 11128000000.0,
        "Net Income": 11128000000.0,
        "Net Income Including Noncontrolling Interests": 11128000000.0,
        "Net Income Continuous Operations": 11128000000.0,
        "Tax Provision": 4983000000.0,
        "Pretax Income": 16111000000.0,
        "Other Income Expense": -37000000.0,
        "Other Non Operating Income Expenses": NaN,
        "Special Income Charges": -114000000.0,
        "Gain On Sale Of Ppe": -89000000.0,
        "Impairment Of Capital Assets": 25000000.0,
        "Earnings From Equity Interest": 140000000.0,
        "Gain On Sale Of Security": -63000000.0,
        "Net Non Operating Interest Income Expense": -93000000.0,
        "Total Other Finance Cost": NaN,
        "Interest Expense Non Operating": 309000000.0,
        "Interest Income Non Operating": 216000000.0,
        "Operating Income": 16241000000.0,
        "Operating Expense": 21006000000.0,
        "Other Operating Expenses": -423000000.0,
        "Depreciation Amortization Depletion Income Statement": NaN,
        "Depreciation And Amortization In Income Statement": NaN,
        "Research And Development": 4869000000.0,
        "Selling General And Administration": 16560000000.0,
        "Selling And Marketing Expense": NaN,
        "General And Administrative Expense": NaN,
        "Salaries And Wages": NaN,
        "Gross Profit": 37247000000.0,
        "Cost Of Revenue": 25810000000.0,
        "Total Revenue": 63057000000.0,
        "Operating Revenue": 63057000000.0
    },
    "2022-06-30": {
        "Tax Effect Of Unusual Items": 474070283.179802,
        "Tax Rate For Calcs": 0.189628,
        "Normalized EBITDA": 15552000000.0,
        "Total Unusual Items": 2500000000.0,
        "Total Unusual Items Excluding Goodwill": 2500000000.0,
        "Net Income From Continuing Operation Net Minority Interest": 11876000000.0,
        "Reconciled Depreciation": 3050000000.0,
        "Reconciled Cost Of Revenue": 26148000000.0,
        "EBITDA": 18052000000.0,
        "EBIT": 15002000000.0,
        "Net Interest Income": -130000000.0,
        "Interest Expense": 347000000.0,
        "Interest Income": 217000000.0,
        "Normalized Income": 9850070283.179802,
        "Net Income From Continuing And Discontinued Operation": 11876000000.0,
        "Total Expenses": 39963000000.0,
        "Total Operating Income As Reported": 12212000000.0,
        "Diluted Average Shares": 166330532.0,
        "Basic Average Shares": 165958636.0,
        "Diluted EPS": 71.4,
        "Basic EPS": 71.56,
        "Diluted NI Availto Com Stockholders": 11876000000.0,
        "Net Income Common Stockholders": 11876000000.0,
        "Net Income": 11876000000.0,
        "Net Income Including Noncontrolling Interests": 11876000000.0,
        "Net Income Continuous Operations": 11876000000.0,
        "Tax Provision": 2779000000.0,
        "Pretax Income": 14655000000.0,
        "Other Income Expense": 2594000000.0,
        "Other Non Operating Income Expenses": NaN,
        "Special Income Charges": 21000000.0,
        "Gain On Sale Of Ppe": 21000000.0,
        "Impairment Of Capital Assets": 0.0,
        "Earnings From Equity Interest": 94000000.0,
        "Gain On Sale Of Security": 2479000000.0,
        "Net Non Operating Interest Income Expense": -130000000.0,
        "Total Other Finance Cost": -2349000000.0,
        "Interest Expense Non Operating": 347000000.0,
        "Interest Income Non Operating": 217000000.0,
        "Operating Income": 12191000000.0,
        "Operating Expense": 13815000000.0,
        "Other Operating Expenses": -6003000000.0,
        "Depreciation Amortization Depletion Income Statement": NaN,
        "Depreciation And Amortization In Income Statement": NaN,
        "Research And Development": 4325000000.0,
        "Selling General And Administration": 15493000000.0,
        "Selling And Marketing Expense": NaN,
        "General And Administrative Expense": NaN,
        "Salaries And Wages": NaN,
        "Gross Profit": 26006000000.0,
        "Cost Of Revenue": 26148000000.0,
        "Total Revenue": 52154000000.0,
        "Operating Revenue": 52154000000.0
    },
    "2022-03-31": {
        "Diluted EPS": 0.03,
        "Total Revenue": 671,
        "Gross Profit": 355,
        "Operating Income": 11,
        "EBIT": 48,
        "Net Income": 5
    },
    "2021-12-31": {
        "Diluted EPS": 0.57,
        "Total Revenue": 715,
        "Gross Profit": 385,
        "Operating Income": 125,
        "EBIT": 164,
        "Net Income": 95
    },
    "2021-09-30": {
        "Diluted EPS": 0.81,
        "Total Revenue": 778,
        "Gross Profit": 416,
        "Operating Income": 164,
        "EBIT": 204,
        "Net Income": 134
    },
    "2021-06-30": {
        "Diluted EPS": 0.46,
        "Total Revenue": 662,
        "Gross Profit": 346,
        "Operating Income": 90,
        "EBIT": 129,
        "Net Income": 77
    },
    "2021-03-31": {
        "Diluted EPS": 0.43,
        "Total Revenue": 673,
        "Gross Profit": 361,
        "Operating Income": 106,
        "EBIT": 149,
        "Net Income": 53
    },
    "2020-12-31": {
        "Diluted EPS": 0.02,
        "Total Revenue": 675,
        "Gross Profit": 363,
        "Operating Income": 112,
        "EBIT": 157,
        "Net Income": 3
    },
    "2020-09-30": {
        "Diluted EPS": 0.62,
        "Total Revenue": 661,
        "Gross Profit": 357,
        "Operating Income": 123,
        "EBIT": 168,
        "Net Income": 103
    },
    "2020-06-30": {
        "Diluted EPS": 0.46,
        "Total Revenue": 585,
        "Gross Profit": 328,
        "Operating Income": 108,
        "EBIT": 150,
        "Net Income": 77
    },
    "2020-03-31": {
        "Diluted EPS": 0.53,
        "Total Revenue": 458,
        "Gross Profit": 232,
        "Operating Income": 112,
        "EBIT": 144,
        "Net Income": 88
    },
    "2019-12-31": {
        "Diluted EPS": -0.49,
        "Total Revenue": 618,
        "Gross Profit": 334,
        "Operating Income": 103,
        "EBIT": 145,
        "Net Income": -80
    },
    "2019-09-30": {
        "Diluted EPS": 0.94,
        "Total Revenue": 682,
        "Gross Profit": 392,
        "Operating Income": 104,
        "EBIT": 150,
        "Net Income": 155
    },
    "2019-06-30": {
        "Diluted EPS": 0.58,
        "Total Revenue": 558,
        "Gross Profit": 288,
        "Operating Income": 116,
        "EBIT": 161,
        "Net Income": 96
    },
    "2019-03-31": {
        "Diluted EPS": 0.4,
        "Total Revenue": 604,
        "Gross Profit": 318,
        "Operating Income": 82,
        "EBIT": 127,
        "Net Income": 66
    },
    "2018-12-31": {
        "Diluted EPS": 0.41,
        "Total Revenue": 535,
        "Gross Profit": 288,
        "Operating Income": 80,
        "EBIT": 129,
        "Net Income": 67
    },
    "2018-09-30": {
        "Diluted EPS": 0.43,
        "Total Revenue": 543,
        "Gross Profit": 299,
        "Operating Income": 72,
        "EBIT": 110,
        "Net Income": 72
    },
    "2018-06-30": {
        "Diluted EPS": 0.4,
        "Total Revenue": 543,
        "Gross Profit": 302,
        "Operating Income": 68,
        "EBIT": 112,
        "Net Income": 67
    },
    "2018-03-31": {
        "Diluted EPS": 0.27,
        "Total Revenue": 525,
        "Gross Profit": 281,
        "Operating Income": 40,
        "EBIT": 84,
        "Net Income": 46
    },
    "2017-12-31": {
        "Diluted EPS": 0.31,
        "Total Revenue": 590,
        "Gross Profit": 332,
        "Operating Income": 78,
        "EBIT": 126,
        "Net Income": 52
    },
    "2017-09-30": {
        "Diluted EPS": 0.27,
        "Total Revenue": 553,
        "Gross Profit": 295,
        "Operating Income": 59,
        "EBIT": 104,
        "Net Income": 44
    },
    "2017-06-30": {
        "Diluted EPS": 0.06,
        "Total Revenue": 513,
        "Gross Profit": 264,
        "Operating Income": 6,
        "EBIT": 49,
        "Net Income": 9
    },
    "2017-03-31": {
        "Diluted EPS": 0.32,
        "Total Revenue": 608,
        "Gross Profit": 315,
        "Operating Income": 55,
        "EBIT": 105,
        "Net Income": 54
    },
    "2016-12-31": {
        "Diluted EPS": 0.42,
        "Total Revenue": 546,
        "Gross Profit": 322,
        "Operating Income": 85,
        "EBIT": 126,
        "Net Income": 69
    },
    "2016-09-30": {
        "Diluted EPS": 0.27,
        "Total Revenue": 538,
        "Gross Profit": 301,
        "Operating Income": 51,
        "EBIT": 94,
        "Net Income": 44
    },
    "2016-06-30": {
        "Diluted EPS": 0.11,
        "Total Revenue": 479,
        "Gross Profit": 269,
        "Operating Income": 17,
        "EBIT": 57,
        "Net Income": 19
    },
    "2016-03-31": {
        "Diluted EPS": 0.03,
        "Total Revenue": 527,
        "Gross Profit": 297,
        "Operating Income": 68,
        "EBIT": 113,
        "Net Income": 5
    },
    "2015-12-31": {
        "Diluted EPS": 0.52,
        "Total Revenue": 603,
        "Gross Profit": 359,
        "Operating Income": 115,
        "EBIT": 153,
        "Net Income": 88
    },
    "2015-09-30": {
        "Diluted EPS": 0.65,
        "Total Revenue": 614,
        "Gross Profit": 377,
        "Operating Income": 143,
        "EBIT": 179,
        "Net Income": 111
    },
    "2015-06-30": {
        "Diluted EPS": 0.58,
        "Total Revenue": 591,
        "Gross Profit": 361,
        "Operating Income": 121,
        "EBIT": 157,
        "Net Income": 98
    },
    "2015-03-31": {
        "Diluted EPS": 0.49,
        "Total Revenue": 621,
        "Gross Profit": 353,
        "Operating Income": 132,
        "EBIT": 169,
        "Net Income": 83
    },
    "2014-12-31": {
        "Diluted EPS": 0.53,
        "Total Revenue": 610,
        "Gross Profit": 355,
        "Operating Income": 115,
        "EBIT": 146,
        "Net Income": 91
    },
    "2014-09-30": {
        "Diluted EPS": 0.54,
        "Total Revenue": 579,
        "Gross Profit": 333,
        "Operating Income": 89,
        "EBIT": 120,
        "Net Income": 93
    },
    "2014-06-30": {
        "Diluted EPS": 0.54,
        "Total Revenue": 586,
        "Gross Profit": 347,
        "Operating Income": 104,
        "EBIT": 135,
        "Net Income": 92
    },
    "2014-03-31": {
        "Diluted EPS": 0.47,
        "Total Revenue": 580,
        "Gross Profit": 317,
        "Operating Income": 88,
        "EBIT": 123,
        "Net Income": 80
    },
    "2013-12-31": {
        "Diluted EPS": 0.59,
        "Total Revenue": 571,
        "Gross Profit": 346,
        "Operating Income": 129,
        "EBIT": 159,
        "Net Income": 100
    },
    "2013-09-30": {
        "Diluted EPS": 0.65,
        "Total Revenue": 537,
        "Gross Profit": 312,
        "Operating Income": 118,
        "EBIT": 144,
        "Net Income": 110
    },
    "2013-06-30": {
        "Diluted EPS": 0.4,
        "Total Revenue": 478,
        "Gross Profit": 252,
        "Operating Income": 63,
        "EBIT": 90,
        "Net Income": 61
    },
    "2013-03-31": {
        "Diluted EPS": 0.6,
        "Total Revenue": 613,
        "Gross Profit": 312,
        "Operating Income": 100,
        "EBIT": 127,
        "Net Income": 105
    },
    "2012-12-31": {
        "Diluted EPS": 0.4,
        "Total Revenue": 522,
        "Gross Profit": 271,
        "Operating Income": 75,
        "EBIT": 99,
        "Net Income": 69
    },
    "2012-09-30": {
        "Diluted EPS": 0.5,
        "Total Revenue": 544,
        "Gross Profit": 289,
        "Operating Income": 113,
        "EBIT": 141,
        "Net Income": 77
    },
    "2012-06-30": {
        "Diluted EPS": 0.4,
        "Total Revenue": 457,
        "Gross Profit": 243,
        "Operating Income": 70,
        "EBIT": 93,
        "Net Income": 60
    },
    "2012-03-31": {
        "Diluted EPS": 0.4,
        "Total Revenue": 522,
        "Gross Profit": 311,
        "Operating Income": 163,
        "EBIT": 193,
        "Net Income": 68
    },
    "2011-12-31": {
        "Diluted EPS": 0.6,
        "Total Revenue": 522,
        "Gross Profit": 312,
        "Operating Income": 142,
        "EBIT": 163,
        "Net Income": 97
    },
    "2011-09-30": {
        "Diluted EPS": 0.4,
        "Total Revenue": 462,
        "Gross Profit": 233,
        "Operating Income": 43,
        "EBIT": 66,
        "Net Income": 63
    },
    "2011-06-30": {
        "Diluted EPS": 0.35,
        "Total Revenue": 444,
        "Gross Profit": 241,
        "Operating Income": 66,
        "EBIT": 94,
        "Net Income": 59
    },
    "2011-03-31": {
        "Diluted EPS": 0.4,
        "Total Revenue": 453,
        "Gross Profit": 230,
        "Operating Income": 39,
        "EBIT": 63,
        "Net Income": 75
    },
    "2010-12-31": {
        "Diluted EPS": 0.4,
        "Total Revenue": 424,
        "Gross Profit": 233,
        "Operating Income": 62,
        "EBIT": 87,
        "Net Income": 61
    },
    "2010-09-30": {
        "Diluted EPS": 0.4,
        "Total Revenue": 420,
        "Gross Profit": 233,
        "Operating Income": 87,
        "EBIT": 110,
        "Net Income": 64
    },
    "2010-06-30": {
        "Diluted EPS": 0.3,
        "Total Revenue": 363,
        "Gross Profit": 192,
        "Operating Income": 53,
        "EBIT": 74,
        "Net Income": 45
    },
    "2010-03-31": {
        "Diluted EPS": 0.2,
        "Total Revenue": 365,
        "Gross Profit": 160,
        "Operating Income": -17,
        "EBIT": 8,
        "Net Income": 37
    },
    "2009-12-31": {
        "Diluted EPS": -0.7,
        "Total Revenue": 373,
        "Gross Profit": 191,
        "Operating Income": 55,
        "EBIT": 79,
        "Net Income": -112
    },
    "2009-09-30": {
        "Diluted EPS": 0.3,
        "Total Revenue": 382,
        "Gross Profit": 182,
        "Operating Income": 54,
        "EBIT": 74,
        "Net Income": 45
    },
    "2009-06-30": {
        "Diluted EPS": 0.3,
        "Total Revenue": 381,
        "Gross Profit": 213,
        "Operating Income": 69,
        "EBIT": 93,
        "Net Income": 51
    },
    "2009-03-31": {
        "Diluted EPS": -1.1,
        "Total Revenue": 390,
        "Gross Profit": 269,
        "Operating Income": 188,
        "EBIT": 204,
        "Net Income": -192
    },
    "2023-09-30": {
        "Tax Effect Of Unusual Items": NaN,
        "Tax Rate For Calcs": NaN,
        "Normalized EBITDA": NaN,
        "Total Unusual Items": NaN,
        "Total Unusual Items Excluding Goodwill": NaN,
        "Net Income From Continuing Operation Net Minority Interest": NaN,
        "Reconciled Depreciation": NaN,
        "Reconciled Cost Of Revenue": NaN,
        "EBITDA": NaN,
        "EBIT": NaN,
        "Net Interest Income": NaN,
        "Interest Expense": NaN,
        "Interest Income": NaN,
        "Normalized Income": NaN,
        "Net Income From Continuing And Discontinued Operation": NaN,
        "Total Expenses": NaN,
        "Total Operating Income As Reported": NaN,
        "Diluted Average Shares": NaN,
        "Basic Average Shares": NaN,
        "Diluted EPS": NaN,
        "Basic EPS": NaN,
        "Diluted NI Availto Com Stockholders": NaN,
        "Net Income Common Stockholders": NaN,
        "Net Income": NaN,
        "Minority Interests": 0.0,
        "Net Income Including Noncontrolling Interests": NaN,
        "Net Income Continuous Operations": NaN,
        "Tax Provision": NaN,
        "Pretax Income": NaN,
        "Other Income Expense": NaN,
        "Special Income Charges": NaN,
        "Gain On Sale Of Ppe": NaN,
        "Write Off": 55000000.0,
        "Impairment Of Capital Assets": NaN,
        "Earnings From Equity Interest": NaN,
        "Gain On Sale Of Security": NaN,
        "Net Non Operating Interest Income Expense": NaN,
        "Total Other Finance Cost": NaN,
        "Interest Expense Non Operating": NaN,
        "Interest Income Non Operating": NaN,
        "Operating Income": NaN,
        "Operating Expense": NaN,
        "Other Operating Expenses": NaN,
        "Research And Development": NaN,
        "Selling General And Administration": NaN,
        "Gross Profit": NaN,
        "Cost Of Revenue": NaN,
        "Total Revenue": NaN,
        "Operating Revenue": NaN
    },
    "2023-12-31": {
        "Tax Effect Of Unusual Items": NaN,
        "Tax Rate For Calcs": NaN,
        "Normalized EBITDA": NaN,
        "Total Unusual Items": NaN,
        "Total Unusual Items Excluding Goodwill": NaN,
        "Net Income From Continuing Operation Net Minority Interest": NaN,
        "Reconciled Depreciation": NaN,
        "Reconciled Cost Of Revenue": NaN,
        "EBITDA": NaN,
        "EBIT": NaN,
        "Net Interest Income": NaN,
        "Interest Expense": NaN,
        "Interest Income": NaN,
        "Normalized Income": NaN,
        "Net Income From Continuing And Discontinued Operation": NaN,
        "Total Expenses": NaN,
        "Total Operating Income As Reported": NaN,
        "Diluted Average Shares": NaN,
        "Basic Average Shares": NaN,
        "Diluted EPS": NaN,
        "Basic EPS": NaN,
        "Diluted NI Availto Com Stockholders": NaN,
        "Net Income Common Stockholders": NaN,
        "Net Income": NaN,
        "Minority Interests": 0.0,
        "Net Income Including Noncontrolling Interests": NaN,
        "Net Income Continuous Operations": NaN,
        "Tax Provision": NaN,
        "Pretax Income": NaN,
        "Other Income Expense": NaN,
        "Other Non Operating Income Expenses": NaN,
        "Special Income Charges": NaN,
        "Gain On Sale Of Ppe": NaN,
        "Write Off": 110000000.0,
        "Impairment Of Capital Assets": NaN,
        "Earnings From Equity Interest": NaN,
        "Gain On Sale Of Security": NaN,
        "Net Non Operating Interest Income Expense": NaN,
        "Total Other Finance Cost": NaN,
        "Interest Expense Non Operating": NaN,
        "Interest Income Non Operating": NaN,
        "Operating Income": NaN,
        "Operating Expense": NaN,
        "Other Operating Expenses": NaN,
        "Depreciation Amortization Depletion Income Statement": NaN,
        "Depreciation And Amortization In Income Statement": NaN,
        "Amortization": NaN,
        "Amortization Of Intangibles Income Statement": NaN,
        "Depreciation Income Statement": NaN,
        "Research And Development": NaN,
        "Selling General And Administration": NaN,
        "General And Administrative Expense": NaN,
        "Other Gand A": NaN,
        "Salaries And Wages": NaN,
        "Gross Profit": NaN,
        "Cost Of Revenue": NaN,
        "Total Revenue": NaN,
        "Operating Revenue": NaN
    },
    "2024-03-31": {
        "Tax Effect Of Unusual Items": NaN,
        "Tax Rate For Calcs": NaN,
        "Normalized EBITDA": NaN,
        "Total Unusual Items": NaN,
        "Total Unusual Items Excluding Goodwill": NaN,
        "Net Income From Continuing Operation Net Minority Interest": NaN,
        "Reconciled Depreciation": NaN,
        "Reconciled Cost Of Revenue": NaN,
        "EBITDA": NaN,
        "EBIT": NaN,
        "Net Interest Income": NaN,
        "Interest Expense": NaN,
        "Interest Income": NaN,
        "Normalized Income": NaN,
        "Net Income From Continuing And Discontinued Operation": NaN,
        "Total Expenses": NaN,
        "Total Operating Income As Reported": NaN,
        "Diluted Average Shares": NaN,
        "Basic Average Shares": NaN,
        "Diluted EPS": NaN,
        "Basic EPS": NaN,
        "Diluted NI Availto Com Stockholders": NaN,
        "Net Income Common Stockholders": NaN,
        "Net Income": NaN,
        "Minority Interests": NaN,
        "Net Income Including Noncontrolling Interests": NaN,
        "Net Income Continuous Operations": NaN,
        "Tax Provision": NaN,
        "Pretax Income": NaN,
        "Other Income Expense": NaN,
        "Other Non Operating Income Expenses": NaN,
        "Special Income Charges": NaN,
        "Gain On Sale Of Ppe": NaN,
        "Write Off": -173000000.0,
        "Impairment Of Capital Assets": NaN,
        "Earnings From Equity Interest": NaN,
        "Gain On Sale Of Security": NaN,
        "Net Non Operating Interest Income Expense": NaN,
        "Total Other Finance Cost": NaN,
        "Interest Expense Non Operating": NaN,
        "Interest Income Non Operating": NaN,
        "Operating Income": NaN,
        "Operating Expense": NaN,
        "Other Operating Expenses": NaN,
        "Depreciation Amortization Depletion Income Statement": NaN,
        "Depreciation And Amortization In Income Statement": NaN,
        "Amortization": NaN,
        "Amortization Of Intangibles Income Statement": NaN,
        "Depreciation Income Statement": NaN,
        "Research And Development": NaN,
        "Selling General And Administration": NaN,
        "General And Administrative Expense": NaN,
        "Other Gand A": NaN,
        "Salaries And Wages": NaN,
        "Gross Profit": NaN,
        "Cost Of Revenue": NaN,
        "Total Revenue": NaN,
        "Operating Revenue": NaN
    },
    "2024-06-30": {
        "Tax Effect Of Unusual Items": 183131500.0,
        "Tax Rate For Calcs": 0.2605,
        "Normalized EBITDA": 22526000000.0,
        "Total Unusual Items": 703000000.0,
        "Total Unusual Items Excluding Goodwill": 703000000.0,
        "Net Income From Continuing Operation Net Minority Interest": 13920000000.0,
        "Reconciled Depreciation": 3810000000.0,
        "Reconciled Cost Of Revenue": 28377000000.0,
        "EBITDA": 23229000000.0,
        "EBIT": 19419000000.0,
        "Net Interest Income": 146000000.0,
        "Interest Expense": 598000000.0,
        "Interest Income": 744000000.0,
        "Normalized Income": 13400131500.0,
        "Net Income From Continuing And Discontinued Operation": 13920000000.0,
        "Total Expenses": 59185000000.0,
        "Total Operating Income As Reported": 17925000000.0,
        "Diluted Average Shares": 834032355.0,
        "Basic Average Shares": 832535885.0,
        "Diluted EPS": 16.69,
        "Basic EPS": 16.72,
        "Diluted NI Availto Com Stockholders": 13920000000.0,
        "Net Income Common Stockholders": 13920000000.0,
        "Net Income": 13920000000.0,
        "Minority Interests": NaN,
        "Net Income Including Noncontrolling Interests": 13920000000.0,
        "Net Income Continuous Operations": 13920000000.0,
        "Tax Provision": 4901000000.0,
        "Pretax Income": 18821000000.0,
        "Other Income Expense": 1133000000.0,
        "Other Non Operating Income Expenses": 371000000.0,
        "Special Income Charges": 12000000.0,
        "Gain On Sale Of Ppe": 17000000.0,
        "Write Off": 5000000.0,
        "Impairment Of Capital Assets": 5000000.0,
        "Earnings From Equity Interest": 59000000.0,
        "Gain On Sale Of Security": 691000000.0,
        "Net Non Operating Interest Income Expense": 146000000.0,
        "Total Other Finance Cost": -837000000.0,
        "Interest Expense Non Operating": 598000000.0,
        "Interest Income Non Operating": 744000000.0,
        "Operating Income": 17542000000.0,
        "Operating Expense": 28802000000.0,
        "Other Operating Expenses": -82000000.0,
        "Depreciation Amortization Depletion Income Statement": 1804000000.0,
        "Depreciation And Amortization In Income Statement": 1804000000.0,
        "Amortization": 1291000000.0,
        "Amortization Of Intangibles Income Statement": 1291000000.0,
        "Depreciation Income Statement": 513000000.0,
        "Research And Development": 6193000000.0,
        "Selling General And Administration": 20887000000.0,
        "General And Administrative Expense": 20887000000.0,
        "Other Gand A": 12273000000.0,
        "Salaries And Wages": 8614000000.0,
        "Gross Profit": 46344000000.0,
        "Cost Of Revenue": 30383000000.0,
        "Total Revenue": 76727000000.0,
        "Operating Revenue": 76727000000.0
    },
    "2024-09-30": {
        "Tax Effect Of Unusual Items": -277291594.928784,
        "Tax Rate For Calcs": 0.300099,
        "Normalized EBITDA": 24823000000.0,
        "Total Unusual Items": -924000000.0,
        "Total Unusual Items Excluding Goodwill": -924000000.0,
        "Net Income From Continuing Operation Net Minority Interest": 13415000000.0,
        "Reconciled Depreciation": 3975000000.0,
        "Reconciled Cost Of Revenue": 32393000000.0,
        "EBITDA": 23899000000.0,
        "EBIT": 19924000000.0,
        "Net Interest Income": 1555000000.0,
        "Interest Expense": 757000000.0,
        "Interest Income": 2312000000.0,
        "Normalized Income": 14061708405.071217,
        "Net Income From Continuing And Discontinued Operation": 13415000000.0,
        "Total Expenses": 61687000000.0,
        "Total Operating Income As Reported": 17551000000.0,
        "Diluted Average Shares": 833046160.0,
        "Basic Average Shares": 833046160.0,
        "Diluted EPS": 3.01,
        "Basic EPS": 3.014,
        "Diluted NI Availto Com Stockholders": 13415000000.0,
        "Net Income Common Stockholders": 13415000000.0,
        "Net Income": 13415000000.0,
        "Minority Interests": -862000000.0,
        "Net Income Including Noncontrolling Interests": 13415000000.0,
        "Net Income Continuous Operations": 13415000000.0,
        "Tax Provision": 5752000000.0,
        "Pretax Income": 19167000000.0,
        "Other Income Expense": -863000000.0,
        "Other Non Operating Income Expenses": NaN,
        "Special Income Charges": -924000000.0,
        "Gain On Sale Of Ppe": 430000000.0,
        "Write Off": NaN,
        "Impairment Of Capital Assets": 924000000.0,
        "Earnings From Equity Interest": 61000000.0,
        "Gain On Sale Of Security": 1647000000.0,
        "Net Non Operating Interest Income Expense": 1555000000.0,
        "Total Other Finance Cost": NaN,
        "Interest Expense Non Operating": 757000000.0,
        "Interest Income Non Operating": 2312000000.0,
        "Operating Income": 18475000000.0,
        "Operating Expense": 29294000000.0,
        "Other Operating Expenses": -984000000.0,
        "Depreciation Amortization Depletion Income Statement": NaN,
        "Depreciation And Amortization In Income Statement": NaN,
        "Amortization": NaN,
        "Amortization Of Intangibles Income Statement": NaN,
        "Depreciation Income Statement": NaN,
        "Research And Development": 7271000000.0,
        "Selling General And Administration": 23007000000.0,
        "General And Administrative Expense": NaN,
        "Other Gand A": NaN,
        "Salaries And Wages": NaN,
        "Gross Profit": 47769000000.0,
        "Cost Of Revenue": 32393000000.0,
        "Total Revenue": 80162000000.0,
        "Operating Revenue": 80162000000.0
    },
    "2024-12-31": {
        "Tax Effect Of Unusual Items": 26606000.0,
        "Tax Rate For Calcs": 0.251,
        "Normalized EBITDA": 24173000000.0,
        "Total Unusual Items": 106000000.0,
        "Total Unusual Items Excluding Goodwill": 106000000.0,
        "Net Income From Continuing Operation Net Minority Interest": 14133000000.0,
        "Reconciled Depreciation": 4719000000.0,
        "Reconciled Cost Of Revenue": 34534000000.0,
        "EBITDA": 24279000000.0,
        "EBIT": 19560000000.0,
        "Net Interest Income": -114000000.0,
        "Interest Expense": 818000000.0,
        "Interest Income": 704000000.0,
        "Normalized Income": 14053606000.0,
        "Net Income From Continuing And Discontinued Operation": 14133000000.0,
        "Total Expenses": 64878000000.0,
        "Total Operating Income As Reported": 18720000000.0,
        "Diluted Average Shares": 834297521.0,
        "Basic Average Shares": 833313679.0,
        "Diluted EPS": 16.94,
        "Basic EPS": 16.96,
        "Diluted NI Availto Com Stockholders": 14133000000.0,
        "Net Income Common Stockholders": 14133000000.0,
        "Net Income": 14133000000.0,
        "Minority Interests": 95000000.0,
        "Net Income Including Noncontrolling Interests": 14038000000.0,
        "Net Income Continuous Operations": 14038000000.0,
        "Tax Provision": 4704000000.0,
        "Pretax Income": 18742000000.0,
        "Other Income Expense": 148000000.0,
        "Other Non Operating Income Expenses": NaN,
        "Special Income Charges": 12000000.0,
        "Gain On Sale Of Ppe": 8000000.0,
        "Write Off": NaN,
        "Impairment Of Capital Assets": -4000000.0,
        "Earnings From Equity Interest": 42000000.0,
        "Gain On Sale Of Security": 94000000.0,
        "Net Non Operating Interest Income Expense": -114000000.0,
        "Total Other Finance Cost": NaN,
        "Interest Expense Non Operating": 818000000.0,
        "Interest Income Non Operating": 704000000.0,
        "Operating Income": 18708000000.0,
        "Operating Expense": 30344000000.0,
        "Other Operating Expenses": -431000000.0,
        "Depreciation Amortization Depletion Income Statement": NaN,
        "Depreciation And Amortization In Income Statement": NaN,
        "Amortization": NaN,
        "Amortization Of Intangibles Income Statement": NaN,
        "Depreciation Income Statement": NaN,
        "Research And Development": 6658000000.0,
        "Selling General And Administration": 24117000000.0,
        "General And Administrative Expense": NaN,
        "Other Gand A": NaN,
        "Salaries And Wages": NaN,
        "Gross Profit": 49052000000.0,
        "Cost Of Revenue": 34534000000.0,
        "Total Revenue": 83586000000.0,
        "Operating Revenue": 83586000000.0
    },
    "2025-03-31": {
        "Tax Effect Of Unusual Items": 572016854.492869,
        "Tax Rate For Calcs": 0.208537,
        "Normalized EBITDA": 22521000000.0,
        "Total Unusual Items": 2743000000.0,
        "Total Unusual Items Excluding Goodwill": 2743000000.0,
        "Net Income From Continuing Operation Net Minority Interest": 15938000000.0,
        "Reconciled Depreciation": 4554000000.0,
        "Reconciled Cost Of Revenue": 37797000000.0,
        "EBITDA": 25264000000.0,
        "EBIT": 20710000000.0,
        "Net Interest Income": -92000000.0,
        "Interest Expense": 656000000.0,
        "Interest Income": 564000000.0,
        "Normalized Income": 13767016854.492868,
        "Net Income From Continuing And Discontinued Operation": 15938000000.0,
        "Total Expenses": 67712000000.0,
        "Total Operating Income As Reported": 17647000000.0,
        "Diluted Average Shares": 834188482.0,
        "Basic Average Shares": 833315900.0,
        "Diluted EPS": 19.1,
        "Basic EPS": 19.12,
        "Diluted NI Availto Com Stockholders": 15938000000.0,
        "Net Income Common Stockholders": 15938000000.0,
        "Net Income": 15938000000.0,
        "Minority Interests": 66000000.0,
        "Net Income Including Noncontrolling Interests": 15872000000.0,
        "Net Income Continuous Operations": 15872000000.0,
        "Tax Provision": 4182000000.0,
        "Pretax Income": 20054000000.0,
        "Other Income Expense": 2798000000.0,
        "Other Non Operating Income Expenses": NaN,
        "Special Income Charges": 299000000.0,
        "Gain On Sale Of Ppe": 1067000000.0,
        "Write Off": NaN,
        "Impairment Of Capital Assets": 768000000.0,
        "Earnings From Equity Interest": 55000000.0,
        "Gain On Sale Of Security": 2444000000.0,
        "Net Non Operating Interest Income Expense": -92000000.0,
        "Total Other Finance Cost": NaN,
        "Interest Expense Non Operating": 656000000.0,
        "Interest Income Non Operating": 564000000.0,
        "Operating Income": 17348000000.0,
        "Operating Expense": 29915000000.0,
        "Other Operating Expenses": -1398000000.0,
        "Depreciation Amortization Depletion Income Statement": NaN,
        "Depreciation And Amortization In Income Statement": NaN,
        "Amortization": NaN,
        "Amortization Of Intangibles Income Statement": NaN,
        "Depreciation Income Statement": NaN,
        "Research And Development": 7258000000.0,
        "Selling General And Administration": 24055000000.0,
        "General And Administrative Expense": NaN,
        "Other Gand A": NaN,
        "Salaries And Wages": NaN,
        "Gross Profit": 47263000000.0,
        "Cost Of Revenue": 37797000000.0,
        "Total Revenue": 85060000000.0,
        "Operating Revenue": 85060000000.0
    },
    "2025-06-30": {
        "Tax Effect Of Unusual Items": 320196800.0,
        "Tax Rate For Calcs": 0.2599,
        "Normalized EBITDA": 23410000000.0,
        "Total Unusual Items": 1232000000.0,
        "Total Unusual Items Excluding Goodwill": 1232000000.0,
        "Net Income From Continuing Operation Net Minority Interest": 14178000000.0,
        "Reconciled Depreciation": 4765000000.0,
        "Reconciled Cost Of Revenue": 34526000000.0,
        "EBITDA": 24642000000.0,
        "EBIT": 19877000000.0,
        "Net Interest Income": 298000000.0,
        "Interest Expense": 830000000.0,
        "Interest Income": 1128000000.0,
        "Normalized Income": 13266196800.0,
        "Net Income From Continuing And Discontinued Operation": 14178000000.0,
        "Total Expenses": 68610000000.0,
        "Total Operating Income As Reported": 17475000000.0,
        "Diluted Average Shares": 833019976.0,
        "Basic Average Shares": 832042254.0,
        "Diluted EPS": 17.02,
        "Basic EPS": 17.04,
        "Diluted NI Availto Com Stockholders": 14178000000.0,
        "Net Income Common Stockholders": 14178000000.0,
        "Net Income": 14178000000.0,
        "Minority Interests": 82000000.0,
        "Net Income Including Noncontrolling Interests": 14096000000.0,
        "Net Income Continuous Operations": 14096000000.0,
        "Tax Provision": 4951000000.0,
        "Pretax Income": 19047000000.0,
        "Other Income Expense": 1907000000.0,
        "Other Non Operating Income Expenses": 673000000.0,
        "Special Income Charges": -40000000.0,
        "Gain On Sale Of Ppe": -40000000.0,
        "Write Off": NaN,
        "Impairment Of Capital Assets": 0.0,
        "Earnings From Equity Interest": 2000000.0,
        "Gain On Sale Of Security": 1272000000.0,
        "Net Non Operating Interest Income Expense": 298000000.0,
        "Total Other Finance Cost": NaN,
        "Interest Expense Non Operating": 830000000.0,
        "Interest Income Non Operating": 1128000000.0,
        "Operating Income": 16842000000.0,
        "Operating Expense": 31785000000.0,
        "Other Operating Expenses": -106000000.0,
        "Depreciation Amortization Depletion Income Statement": 2466000000.0,
        "Depreciation And Amortization In Income Statement": 2466000000.0,
        "Amortization": 1858000000.0,
        "Amortization Of Intangibles Income Statement": 1858000000.0,
        "Depreciation Income Statement": 608000000.0,
        "Research And Development": 6244000000.0,
        "Selling General And Administration": 23181000000.0,
        "General And Administrative Expense": 23181000000.0,
        "Other Gand A": 13650000000.0,
        "Salaries And Wages": 9531000000.0,
        "Gross Profit": 48627000000.0,
        "Cost Of Revenue": 36825000000.0,
        "Total Revenue": 85452000000.0,
        "Operating Revenue": 85452000000.0
    }
}