{
    "2023-03-31": {
        "Tax Effect Of Unusual Items": NaN,
        "Tax Rate For Calcs": NaN,
        "Normalized EBITDA": NaN,
        "Total Unusual Items": NaN,
        "Total Unusual Items Excluding Goodwill": NaN,
        "Net Income From Continuing Operation Net Minority Interest": NaN,
        "Reconciled Depreciation": NaN,
        "Reconciled Cost Of Revenue": NaN,
        "EBITDA": NaN,
        "EBIT": NaN,
        "Net Interest Income": NaN,
        "Interest Expense": NaN,
        "Interest Income": NaN,
        "Normalized Income": NaN,
        "Net Income From Continuing And Discontinued Operation": NaN,
        "Total Expenses": NaN,
        "Total Operating Income As Reported": NaN,
        "Diluted Average Shares": NaN,
        "Basic Average Shares": NaN,
        "Diluted EPS": NaN,
        "Basic EPS": NaN,
        "Diluted NI Availto Com Stockholders": NaN,
        "Net Income Common Stockholders": NaN,
        "Net Income": NaN,
        "Net Income Including Noncontrolling Interests": NaN,
        "Net Income Continuous Operations": NaN,
        "Tax Provision": NaN,
        "Pretax Income": NaN,
        "Other Income Expense": NaN,
        "Other Non Operating Income Expenses": NaN,
        "Special Income Charges": NaN,
        "Other Special Charges": NaN,
        "Restructuring And Mergern Acquisition": 56100000.0,
        "Gain On Sale Of Security": NaN,
        "Net Non Operating Interest Income Expense": NaN,
        "Interest Expense Non Operating": NaN,
        "Interest Income Non Operating": NaN,
        "Operating Income": NaN,
        "Operating Expense": NaN,
        "Other Operating Expenses": NaN,
        "Research And Development": NaN,
        "Selling General And Administration": NaN,
        "Gross Profit": NaN,
        "Cost Of Revenue": NaN,
        "Total Revenue": NaN,
        "Operating Revenue": NaN
    },
    "2022-12-31": {
        "Tax Effect Of Unusual Items": NaN,
        "Tax Rate For Calcs": NaN,
        "Normalized EBITDA": NaN,
        "Total Unusual Items": NaN,
        "Total Unusual Items Excluding Goodwill": NaN,
        "Net Income From Continuing Operation Net Minority Interest": NaN,
        "Reconciled Depreciation": NaN,
        "Reconciled Cost Of Revenue": NaN,
        "EBITDA": NaN,
        "EBIT": NaN,
        "Net Interest Income": NaN,
        "Interest Expense": NaN,
        "Interest Income": NaN,
        "Normalized Income": NaN,
        "Net Income From Continuing And Discontinued Operation": NaN,
        "Total Expenses": NaN,
        "Total Operating Income As Reported": NaN,
        "Diluted Average Shares": NaN,
        "Basic Average Shares": NaN,
        "Diluted EPS": NaN,
        "Basic EPS": NaN,
        "Diluted NI Availto Com Stockholders": NaN,
        "Net Income Common Stockholders": NaN,
        "Net Income": NaN,
        "Net Income Including Noncontrolling Interests": NaN,
        "Net Income Continuous Operations": NaN,
        "Tax Provision": NaN,
        "Pretax Income": NaN,
        "Other Income Expense": NaN,
        "Other Non Operating Income Expenses": NaN,
        "Special Income Charges": NaN,
        "Other Special Charges": 30000000.0,
        "Restructuring And Mergern Acquisition": NaN,
        "Gain On Sale Of Security": NaN,
        "Net Non Operating Interest Income Expense": NaN,
        "Interest Expense Non Operating": NaN,
        "Interest Income Non Operating": NaN,
        "Operating Income": NaN,
        "Operating Expense": NaN,
        "Other Operating Expenses": NaN,
        "Research And Development": NaN,
        "Selling General And Administration": NaN,
        "Gross Profit": NaN,
        "Cost Of Revenue": NaN,
        "Total Revenue": NaN,
        "Operating Revenue": NaN
    },
    "2022-09-30": {
        "Tax Effect Of Unusual Items": 0.0,
        "Tax Rate For Calcs": 0.129,
        "Normalized EBITDA": 1617700000.0,
        "Total Unusual Items": 0.0,
        "Total Unusual Items Excluding Goodwill": 0.0,
        "Net Income From Continuing Operation Net Minority Interest": 1315700000.0,
        "Reconciled Depreciation": 92600000.0,
        "Reconciled Cost Of Revenue": 317800000.0,
        "EBITDA": 1617700000.0,
        "EBIT": 1525100000.0,
        "Net Interest Income": -15300000.0,
        "Interest Expense": 15300000.0,
        "Interest Income": NaN,
        "Normalized Income": 1315700000.0,
        "Net Income From Continuing And Discontinued Operation": 1315700000.0,
        "Total Expenses": 1712500000.0,
        "Total Operating Income As Reported": 1223700000.0,
        "Diluted Average Shares": 112800000.0,
        "Basic Average Shares": 106900000.0,
        "Diluted EPS": 11.66,
        "Basic EPS": 12.31,
        "Diluted NI Availto Com Stockholders": 1315700000.0,
        "Net Income Common Stockholders": 1315700000.0,
        "Net Income": 1315700000.0,
        "Net Income Including Noncontrolling Interests": 1315700000.0,
        "Net Income Continuous Operations": 1315700000.0,
        "Tax Provision": 194100000.0,
        "Pretax Income": 1509800000.0,
        "Other Income Expense": 301400000.0,
        "Other Non Operating Income Expenses": 301400000.0,
        "Special Income Charges": 0.0,
        "Other Special Charges": NaN,
        "Gain On Sale Of Security": NaN,
        "Net Non Operating Interest Income Expense": -15300000.0,
        "Interest Expense Non Operating": 15300000.0,
        "Interest Income Non Operating": NaN,
        "Operating Income": 1223700000.0,
        "Operating Expense": 1394700000.0,
        "Other Operating Expenses": -45700000.0,
        "Research And Development": 911300000.0,
        "Selling General And Administration": 529100000.0,
        "Gross Profit": 2618400000.0,
        "Cost Of Revenue": 317800000.0,
        "Total Revenue": 2936200000.0,
        "Operating Revenue": 2852000000.0
    },
    "2022-06-30": {
        "Tax Effect Of Unusual Items": -22655000.0,
        "Tax Rate For Calcs": 0.115,
        "Normalized EBITDA": 1173300000.0,
        "Total Unusual Items": -197000000.0,
        "Total Unusual Items Excluding Goodwill": -197000000.0,
        "Net Income From Continuing Operation Net Minority Interest": 852100000.0,
        "Reconciled Depreciation": 74400000.0,
        "Reconciled Cost Of Revenue": 297100000.0,
        "EBITDA": 976300000.0,
        "EBIT": 976300000.0,
        "Net Interest Income": -13100000.0,
        "Interest Expense": 13100000.0,
        "Normalized Income": 1026445000.0,
        "Net Income From Continuing And Discontinued Operation": 852100000.0,
        "Total Expenses": 1550300000.0,
        "Total Operating Income As Reported": 1109900000.0,
        "Diluted Average Shares": 114000002.0,
        "Basic Average Shares": 107900002.0,
        "Diluted EPS": 7.47,
        "Basic EPS": 7.9,
        "Diluted NI Availto Com Stockholders": 852100000.0,
        "Net Income Common Stockholders": 852100000.0,
        "Net Income": 852100000.0,
        "Net Income Including Noncontrolling Interests": 852100000.0,
        "Net Income Continuous Operations": 852100000.0,
        "Tax Provision": 111100000.0,
        "Pretax Income": 963200000.0,
        "Other Income Expense": -330600000.0,
        "Other Non Operating Income Expenses": -133600000.0,
        "Special Income Charges": -197000000.0,
        "Other Special Charges": 197000000.0,
        "Net Non Operating Interest Income Expense": -13100000.0,
        "Interest Expense Non Operating": 13100000.0,
        "Operating Income": 1306900000.0,
        "Operating Expense": 1253200000.0,
        "Other Operating Expenses": -17400000.0,
        "Research And Development": 794300000.0,
        "Selling General And Administration": 476300000.0,
        "Gross Profit": 2560100000.0,
        "Cost Of Revenue": 297100000.0,
        "Total Revenue": 2857200000.0,
        "Operating Revenue": 2798000000.0
    },
    "2023-06-30": {
        "Tax Effect Of Unusual Items": NaN,
        "Tax Rate For Calcs": NaN,
        "Normalized EBITDA": NaN,
        "Total Unusual Items": NaN,
        "Total Unusual Items Excluding Goodwill": NaN,
        "Net Income From Continuing Operation Net Minority Interest": NaN,
        "Reconciled Depreciation": NaN,
        "Reconciled Cost Of Revenue": NaN,
        "EBITDA": NaN,
        "EBIT": NaN,
        "Net Interest Income": NaN,
        "Interest Expense": NaN,
        "Interest Income": NaN,
        "Normalized Income": NaN,
        "Net Income From Continuing And Discontinued Operation": NaN,
        "Total Expenses": NaN,
        "Total Operating Income As Reported": NaN,
        "Diluted Average Shares": NaN,
        "Basic Average Shares": NaN,
        "Diluted EPS": NaN,
        "Basic EPS": NaN,
        "Diluted NI Availto Com Stockholders": NaN,
        "Net Income Common Stockholders": NaN,
        "Net Income": NaN,
        "Net Income Including Noncontrolling Interests": NaN,
        "Net Income Continuous Operations": NaN,
        "Tax Provision": NaN,
        "Pretax Income": NaN,
        "Other Income Expense": NaN,
        "Other Non Operating Income Expenses": NaN,
        "Special Income Charges": NaN,
        "Other Special Charges": NaN,
        "Restructuring And Mergern Acquisition": 0.0,
        "Gain On Sale Of Security": NaN,
        "Net Non Operating Interest Income Expense": NaN,
        "Interest Expense Non Operating": NaN,
        "Interest Income Non Operating": NaN,
        "Operating Income": NaN,
        "Operating Expense": NaN,
        "Other Operating Expenses": NaN,
        "Research And Development": NaN,
        "Selling General And Administration": NaN,
        "Gross Profit": NaN,
        "Cost Of Revenue": NaN,
        "Total Revenue": NaN,
        "Operating Revenue": NaN
    },
    "2022-03-31": {
        "Diluted EPS": 8.61,
        "Total Revenue": NaN,
        "Gross Profit": NaN,
        "Operating Income": NaN,
        "EBIT": NaN,
        "Net Income": 974
    },
    "2021-12-31": {
        "Diluted EPS": 19.58,
        "Total Revenue": NaN,
        "Gross Profit": NaN,
        "Operating Income": NaN,
        "EBIT": NaN,
        "Net Income": NaN
    },
    "2021-09-30": {
        "Diluted EPS": 14.33,
        "Total Revenue": NaN,
        "Gross Profit": NaN,
        "Operating Income": NaN,
        "EBIT": NaN,
        "Net Income": NaN
    },
    "2021-06-30": {
        "Diluted EPS": 27.97,
        "Total Revenue": NaN,
        "Gross Profit": NaN,
        "Operating Income": NaN,
        "EBIT": NaN,
        "Net Income": NaN
    },
    "2021-03-31": {
        "Diluted EPS": 10.09,
        "Total Revenue": NaN,
        "Gross Profit": NaN,
        "Operating Income": NaN,
        "EBIT": NaN,
        "Net Income": NaN
    },
    "2020-12-31": {
        "Diluted EPS": 10.09,
        "Total Revenue": NaN,
        "Gross Profit": NaN,
        "Operating Income": NaN,
        "EBIT": NaN,
        "Net Income": NaN
    },
    "2020-09-30": {
        "Diluted EPS": 7.39,
        "Total Revenue": NaN,
        "Gross Profit": NaN,
        "Operating Income": NaN,
        "EBIT": NaN,
        "Net Income": 842
    },
    "2020-06-30": {
        "Diluted EPS": 7.61,
        "Total Revenue": NaN,
        "Gross Profit": NaN,
        "Operating Income": 656,
        "EBIT": 715,
        "Net Income": 897
    },
    "2020-03-31": {
        "Diluted EPS": 5.43,
        "Total Revenue": NaN,
        "Gross Profit": NaN,
        "Operating Income": 700,
        "EBIT": 756,
        "Net Income": 625
    },
    "2019-12-31": {
        "Diluted EPS": 6.93,
        "Total Revenue": NaN,
        "Gross Profit": NaN,
        "Operating Income": 676,
        "EBIT": 730,
        "Net Income": 792
    },
    "2019-09-30": {
        "Diluted EPS": 5.86,
        "Total Revenue": NaN,
        "Gross Profit": NaN,
        "Operating Income": 739,
        "EBIT": 791,
        "Net Income": 670
    },
    "2019-06-30": {
        "Diluted EPS": 1.68,
        "Total Revenue": NaN,
        "Gross Profit": NaN,
        "Operating Income": 316,
        "EBIT": 368,
        "Net Income": 193
    },
    "2019-03-31": {
        "Diluted EPS": 3.99,
        "Total Revenue": NaN,
        "Gross Profit": NaN,
        "Operating Income": 480,
        "EBIT": 531,
        "Net Income": 461
    },
    "2018-12-31": {
        "Diluted EPS": 7.14,
        "Total Revenue": 363,
        "Gross Profit": 262,
        "Operating Income": 718,
        "EBIT": 761,
        "Net Income": 820
    },
    "2018-09-30": {
        "Diluted EPS": 5.17,
        "Total Revenue": NaN,
        "Gross Profit": NaN,
        "Operating Income": 627,
        "EBIT": 662,
        "Net Income": 595
    },
    "2018-06-30": {
        "Diluted EPS": 4.82,
        "Total Revenue": NaN,
        "Gross Profit": NaN,
        "Operating Income": 622,
        "EBIT": 656,
        "Net Income": 551
    },
    "2018-03-31": {
        "Diluted EPS": 4.16,
        "Total Revenue": NaN,
        "Gross Profit": NaN,
        "Operating Income": 567,
        "EBIT": 604,
        "Net Income": 478
    },
    "2017-12-31": {
        "Diluted EPS": 1.52,
        "Total Revenue": NaN,
        "Gross Profit": NaN,
        "Operating Income": 539,
        "EBIT": 573,
        "Net Income": 174
    },
    "2017-09-30": {
        "Diluted EPS": 3.32,
        "Total Revenue": NaN,
        "Gross Profit": NaN,
        "Operating Income": 560,
        "EBIT": 598,
        "Net Income": 388
    },
    "2017-06-30": {
        "Diluted EPS": 3.34,
        "Total Revenue": NaN,
        "Gross Profit": NaN,
        "Operating Income": 550,
        "EBIT": 585,
        "Net Income": 388
    },
    "2017-03-31": {
        "Diluted EPS": 2.16,
        "Total Revenue": NaN,
        "Gross Profit": NaN,
        "Operating Income": 431,
        "EBIT": 469,
        "Net Income": 249
    },
    "2016-12-31": {
        "Diluted EPS": 2.15,
        "Total Revenue": NaN,
        "Gross Profit": NaN,
        "Operating Income": 347,
        "EBIT": 376,
        "Net Income": 253
    },
    "2016-09-30": {
        "Diluted EPS": 2.27,
        "Total Revenue": NaN,
        "Gross Profit": NaN,
        "Operating Income": 363,
        "EBIT": 391,
        "Net Income": 265
    },
    "2016-06-30": {
        "Diluted EPS": 1.69,
        "Total Revenue": NaN,
        "Gross Profit": NaN,
        "Operating Income": 292,
        "EBIT": 317,
        "Net Income": 196
    },
    "2016-03-31": {
        "Diluted EPS": 1.59,
        "Total Revenue": NaN,
        "Gross Profit": NaN,
        "Operating Income": 329,
        "EBIT": 352,
        "Net Income": 181
    },
    "2015-12-31": {
        "Diluted EPS": 1.35,
        "Total Revenue": NaN,
        "Gross Profit": 987,
        "Operating Income": 231,
        "EBIT": 254,
        "Net Income": 155
    },
    "2015-09-30": {
        "Diluted EPS": 1.82,
        "Total Revenue": NaN,
        "Gross Profit": NaN,
        "Operating Income": 392,
        "EBIT": 413,
        "Net Income": 210
    },
    "2015-06-30": {
        "Diluted EPS": 1.69,
        "Total Revenue": 999,
        "Gross Profit": 910,
        "Operating Income": 345,
        "EBIT": 360,
        "Net Income": 195
    },
    "2015-03-31": {
        "Diluted EPS": 0.66,
        "Total Revenue": 870,
        "Gross Profit": 786,
        "Operating Income": 284,
        "EBIT": 300,
        "Net Income": 76
    },
    "2014-12-31": {
        "Diluted EPS": 0.79,
        "Total Revenue": 802,
        "Gross Profit": 743,
        "Operating Income": 216,
        "EBIT": 230,
        "Net Income": 90
    },
    "2014-09-30": {
        "Diluted EPS": 0.73,
        "Total Revenue": 726,
        "Gross Profit": 670,
        "Operating Income": 188,
        "EBIT": 202,
        "Net Income": 83
    },
    "2014-06-30": {
        "Diluted EPS": 0.85,
        "Total Revenue": 666,
        "Gross Profit": 619,
        "Operating Income": 228,
        "EBIT": 241,
        "Net Income": 96
    },
    "2014-03-31": {
        "Diluted EPS": 0.61,
        "Total Revenue": 626,
        "Gross Profit": 582,
        "Operating Income": 192,
        "EBIT": 203,
        "Net Income": 68
    },
    "2013-12-31": {
        "Diluted EPS": 0.78,
        "Total Revenue": 610,
        "Gross Profit": 562,
        "Operating Income": 195,
        "EBIT": 206,
        "Net Income": 86
    },
    "2013-09-30": {
        "Diluted EPS": 1.25,
        "Total Revenue": 597,
        "Gross Profit": 558,
        "Operating Income": 237,
        "EBIT": 248,
        "Net Income": 141
    },
    "2013-06-30": {
        "Diluted EPS": 0.79,
        "Total Revenue": 458,
        "Gross Profit": 418,
        "Operating Income": 158,
        "EBIT": 168,
        "Net Income": 87
    },
    "2013-03-31": {
        "Diluted EPS": 0.9,
        "Total Revenue": 440,
        "Gross Profit": 411,
        "Operating Income": 153,
        "EBIT": 162,
        "Net Income": 99
    },
    "2012-12-31": {
        "Diluted EPS": 4.22,
        "Total Revenue": 415,
        "Gross Profit": 384,
        "Operating Income": 146,
        "EBIT": 155,
        "Net Income": 470
    },
    "2012-09-30": {
        "Diluted EPS": 1.72,
        "Total Revenue": 428,
        "Gross Profit": 408,
        "Operating Income": 202,
        "EBIT": 212,
        "Net Income": 191
    },
    "2012-06-30": {
        "Diluted EPS": 0.7,
        "Total Revenue": 304,
        "Gross Profit": 283,
        "Operating Income": 87,
        "EBIT": 97,
        "Net Income": 77
    },
    "2012-03-31": {
        "Diluted EPS": 0.11,
        "Total Revenue": 232,
        "Gross Profit": 219,
        "Operating Income": 22,
        "EBIT": 31,
        "Net Income": 12
    },
    "2011-12-31": {
        "Diluted EPS": -0.59,
        "Total Revenue": 123,
        "Gross Profit": 120,
        "Operating Income": -45,
        "EBIT": -37,
        "Net Income": -53
    },
    "2011-09-30": {
        "Diluted EPS": -0.68,
        "Total Revenue": 103,
        "Gross Profit": 102,
        "Operating Income": -58,
        "EBIT": -50,
        "Net Income": -62
    },
    "2011-06-30": {
        "Diluted EPS": -0.69,
        "Total Revenue": 108,
        "Gross Profit": 107,
        "Operating Income": -60,
        "EBIT": -52,
        "Net Income": -63
    },
    "2011-03-31": {
        "Diluted EPS": -0.49,
        "Total Revenue": 112,
        "Gross Profit": 112,
        "Operating Income": -41,
        "EBIT": -34,
        "Net Income": -43
    },
    "2010-12-31": {
        "Diluted EPS": -0.16,
        "Total Revenue": 134,
        "Gross Profit": 133,
        "Operating Income": -13,
        "EBIT": -7,
        "Net Income": -15
    },
    "2010-09-30": {
        "Diluted EPS": -0.41,
        "Total Revenue": 106,
        "Gross Profit": 106,
        "Operating Income": -32,
        "EBIT": -27,
        "Net Income": -34
    },
    "2010-06-30": {
        "Diluted EPS": -0.31,
        "Total Revenue": 116,
        "Gross Profit": 115,
        "Operating Income": -24,
        "EBIT": -19,
        "Net Income": -25
    },
    "2010-03-31": {
        "Diluted EPS": -0.38,
        "Total Revenue": 104,
        "Gross Profit": 103,
        "Operating Income": -29,
        "EBIT": -25,
        "Net Income": -31
    },
    "2009-12-31": {
        "Diluted EPS": -0.46,
        "Total Revenue": 97,
        "Gross Profit": 96,
        "Operating Income": -39,
        "EBIT": -34,
        "Net Income": -36
    },
    "2009-09-30": {
        "Diluted EPS": -0.01,
        "Total Revenue": 117,
        "Gross Profit": 117,
        "Operating Income": -1,
        "EBIT": 2,
        "Net Income": -1
    },
    "2009-06-30": {
        "Diluted EPS": -0.19,
        "Total Revenue": 90,
        "Gross Profit": 90,
        "Operating Income": -16,
        "EBIT": -13,
        "Net Income": -15
    },
    "2009-03-31": {
        "Diluted EPS": -0.19,
        "Total Revenue": 75,
        "Gross Profit": 75,
        "Operating Income": -17,
        "EBIT": -14,
        "Net Income": -15
    },
    "2023-09-30": {
        "Tax Effect Of Unusual Items": NaN,
        "Tax Rate For Calcs": NaN,
        "Normalized EBITDA": NaN,
        "Total Unusual Items": NaN,
        "Total Unusual Items Excluding Goodwill": NaN,
        "Net Income From Continuing Operation Net Minority Interest": NaN,
        "Reconciled Depreciation": NaN,
        "Reconciled Cost Of Revenue": NaN,
        "EBITDA": NaN,
        "EBIT": NaN,
        "Net Interest Income": NaN,
        "Interest Expense": NaN,
        "Interest Income": NaN,
        "Normalized Income": NaN,
        "Net Income From Continuing And Discontinued Operation": NaN,
        "Total Expenses": NaN,
        "Total Operating Income As Reported": NaN,
        "Diluted Average Shares": NaN,
        "Basic Average Shares": NaN,
        "Diluted EPS": NaN,
        "Basic EPS": NaN,
        "Diluted NI Availto Com Stockholders": NaN,
        "Net Income Common Stockholders": NaN,
        "Net Income": NaN,
        "Net Income Including Noncontrolling Interests": NaN,
        "Net Income Continuous Operations": NaN,
        "Tax Provision": NaN,
        "Pretax Income": NaN,
        "Other Income Expense": NaN,
        "Other Non Operating Income Expenses": NaN,
        "Special Income Charges": NaN,
        "Other Special Charges": NaN,
        "Restructuring And Mergern Acquisition": 100000000.0,
        "Gain On Sale Of Security": NaN,
        "Net Non Operating Interest Income Expense": NaN,
        "Interest Expense Non Operating": NaN,
        "Interest Income Non Operating": NaN,
        "Operating Income": NaN,
        "Operating Expense": NaN,
        "Other Operating Expenses": NaN,
        "Research And Development": NaN,
        "Selling General And Administration": NaN,
        "Gross Profit": NaN,
        "Cost Of Revenue": NaN,
        "Total Revenue": NaN,
        "Operating Revenue": NaN
    },
    "2023-12-31": {
        "Tax Effect Of Unusual Items": NaN,
        "Tax Rate For Calcs": NaN,
        "Normalized EBITDA": NaN,
        "Total Unusual Items": NaN,
        "Total Unusual Items Excluding Goodwill": NaN,
        "Net Income From Continuing Operation Net Minority Interest": NaN,
        "Reconciled Depreciation": NaN,
        "Reconciled Cost Of Revenue": NaN,
        "EBITDA": NaN,
        "EBIT": NaN,
        "Net Interest Income": NaN,
        "Interest Expense": NaN,
        "Interest Income": NaN,
        "Normalized Income": NaN,
        "Net Income From Continuing And Discontinued Operation": NaN,
        "Total Expenses": NaN,
        "Total Operating Income As Reported": NaN,
        "Diluted Average Shares": NaN,
        "Basic Average Shares": NaN,
        "Diluted EPS": NaN,
        "Basic EPS": NaN,
        "Diluted NI Availto Com Stockholders": NaN,
        "Net Income Common Stockholders": NaN,
        "Net Income": NaN,
        "Net Income Including Noncontrolling Interests": NaN,
        "Net Income Continuous Operations": NaN,
        "Tax Provision": NaN,
        "Pretax Income": NaN,
        "Other Income Expense": NaN,
        "Other Non Operating Income Expenses": NaN,
        "Special Income Charges": -30000000.0,
        "Other Special Charges": 30000000.0,
        "Restructuring And Mergern Acquisition": 30000000.0,
        "Gain On Sale Of Security": NaN,
        "Net Non Operating Interest Income Expense": NaN,
        "Interest Expense Non Operating": NaN,
        "Interest Income Non Operating": NaN,
        "Operating Income": NaN,
        "Operating Expense": NaN,
        "Other Operating Expenses": -500000.0,
        "Research And Development": NaN,
        "Selling General And Administration": NaN,
        "Gross Profit": NaN,
        "Cost Of Revenue": NaN,
        "Total Revenue": NaN,
        "Operating Revenue": NaN
    },
    "2024-03-31": {
        "Tax Effect Of Unusual Items": NaN,
        "Tax Rate For Calcs": NaN,
        "Normalized EBITDA": NaN,
        "Total Unusual Items": NaN,
        "Total Unusual Items Excluding Goodwill": NaN,
        "Net Income From Continuing Operation Net Minority Interest": NaN,
        "Reconciled Depreciation": NaN,
        "Reconciled Cost Of Revenue": NaN,
        "EBITDA": NaN,
        "EBIT": NaN,
        "Net Interest Income": NaN,
        "Interest Expense": NaN,
        "Interest Income": NaN,
        "Normalized Income": NaN,
        "Net Income From Continuing And Discontinued Operation": NaN,
        "Total Expenses": NaN,
        "Total Operating Income As Reported": NaN,
        "Diluted Average Shares": NaN,
        "Basic Average Shares": NaN,
        "Diluted EPS": NaN,
        "Basic EPS": NaN,
        "Diluted NI Availto Com Stockholders": NaN,
        "Net Income Common Stockholders": NaN,
        "Net Income": NaN,
        "Net Income Including Noncontrolling Interests": NaN,
        "Net Income Continuous Operations": NaN,
        "Tax Provision": NaN,
        "Pretax Income": NaN,
        "Other Income Expense": NaN,
        "Other Non Operating Income Expenses": NaN,
        "Special Income Charges": -7100000.0,
        "Other Special Charges": 7100000.0,
        "Restructuring And Mergern Acquisition": 7100000.0,
        "Gain On Sale Of Security": NaN,
        "Net Non Operating Interest Income Expense": NaN,
        "Interest Expense Non Operating": NaN,
        "Interest Income Non Operating": NaN,
        "Operating Income": NaN,
        "Operating Expense": NaN,
        "Other Operating Expenses": 15300000.0,
        "Research And Development": NaN,
        "Selling General And Administration": NaN,
        "Gross Profit": NaN,
        "Cost Of Revenue": NaN,
        "Total Revenue": NaN,
        "Operating Revenue": NaN
    },
    "2024-06-30": {
        "Tax Effect Of Unusual Items": NaN,
        "Tax Rate For Calcs": NaN,
        "Normalized EBITDA": NaN,
        "Total Unusual Items": NaN,
        "Total Unusual Items Excluding Goodwill": NaN,
        "Net Income From Continuing Operation Net Minority Interest": NaN,
        "Reconciled Depreciation": NaN,
        "Reconciled Cost Of Revenue": NaN,
        "EBITDA": NaN,
        "EBIT": NaN,
        "Net Interest Income": NaN,
        "Interest Expense": NaN,
        "Interest Income": NaN,
        "Normalized Income": NaN,
        "Net Income From Continuing And Discontinued Operation": NaN,
        "Total Expenses": NaN,
        "Total Operating Income As Reported": NaN,
        "Diluted Average Shares": NaN,
        "Basic Average Shares": NaN,
        "Diluted EPS": NaN,
        "Basic EPS": NaN,
        "Diluted NI Availto Com Stockholders": NaN,
        "Net Income Common Stockholders": NaN,
        "Net Income": NaN,
        "Net Income Including Noncontrolling Interests": NaN,
        "Net Income Continuous Operations": NaN,
        "Tax Provision": NaN,
        "Pretax Income": NaN,
        "Other Income Expense": NaN,
        "Other Non Operating Income Expenses": NaN,
        "Special Income Charges": -23900000.0,
        "Other Special Charges": 23900000.0,
        "Restructuring And Mergern Acquisition": NaN,
        "Gain On Sale Of Security": NaN,
        "Net Non Operating Interest Income Expense": NaN,
        "Interest Expense Non Operating": NaN,
        "Interest Income Non Operating": NaN,
        "Operating Income": NaN,
        "Operating Expense": NaN,
        "Other Operating Expenses": 14600000.0,
        "Research And Development": NaN,
        "Selling General And Administration": NaN,
        "Gross Profit": NaN,
        "Cost Of Revenue": NaN,
        "Total Revenue": NaN,
        "Operating Revenue": NaN
    },
    "2024-09-30": {
        "Tax Effect Of Unusual Items": 13719000.0,
        "Tax Rate For Calcs": 0.102,
        "Normalized EBITDA": 1494000000.0,
        "Total Unusual Items": 134500000.0,
        "Total Unusual Items Excluding Goodwill": 134500000.0,
        "Net Income From Continuing Operation Net Minority Interest": 1340600000.0,
        "Reconciled Depreciation": 121700000.0,
        "Reconciled Cost Of Revenue": 491100000.0,
        "EBITDA": 1628500000.0,
        "EBIT": 1506800000.0,
        "Net Interest Income": 173600000.0,
        "Interest Expense": 13800000.0,
        "Interest Income": 187400000.0,
        "Normalized Income": 1219819000.0,
        "Net Income From Continuing And Discontinued Operation": 1340600000.0,
        "Total Expenses": 2541200000.0,
        "Total Operating Income As Reported": 1179500000.0,
        "Diluted Average Shares": 116200000.0,
        "Basic Average Shares": 108100000.0,
        "Diluted EPS": 11.54,
        "Basic EPS": 12.4,
        "Diluted NI Availto Com Stockholders": 1340600000.0,
        "Net Income Common Stockholders": 1340600000.0,
        "Net Income": 1340600000.0,
        "Net Income Including Noncontrolling Interests": 1340600000.0,
        "Net Income Continuous Operations": 1340600000.0,
        "Tax Provision": 152400000.0,
        "Pretax Income": 1493000000.0,
        "Other Income Expense": 139900000.0,
        "Other Non Operating Income Expenses": 5400000.0,
        "Special Income Charges": -56200000.0,
        "Other Special Charges": 56200000.0,
        "Restructuring And Mergern Acquisition": NaN,
        "Gain On Sale Of Security": 134500000.0,
        "Net Non Operating Interest Income Expense": 173600000.0,
        "Interest Expense Non Operating": 13800000.0,
        "Interest Income Non Operating": 187400000.0,
        "Operating Income": 1179500000.0,
        "Operating Expense": 2050100000.0,
        "Other Operating Expenses": 8000000.0,
        "Research And Development": 1327700000.0,
        "Selling General And Administration": 714400000.0,
        "Gross Profit": 3229600000.0,
        "Cost Of Revenue": 491100000.0,
        "Total Revenue": 3720700000.0,
        "Operating Revenue": 3606500000.0
    },
    "2024-12-31": {
        "Tax Effect Of Unusual Items": -9006826.009811,
        "Tax Rate For Calcs": 0.042167,
        "Normalized EBITDA": 1308600000.0,
        "Total Unusual Items": -213600000.0,
        "Total Unusual Items Excluding Goodwill": -213600000.0,
        "Net Income From Continuing Operation Net Minority Interest": 917700000.0,
        "Reconciled Depreciation": 126400000.0,
        "Reconciled Cost Of Revenue": 565400000.0,
        "EBITDA": 1095000000.0,
        "EBIT": 968600000.0,
        "Net Interest Income": 172600000.0,
        "Interest Expense": 10500000.0,
        "Interest Income": 183100000.0,
        "Normalized Income": 1122293173.990189,
        "Net Income From Continuing And Discontinued Operation": 917700000.0,
        "Total Expenses": 2799000000.0,
        "Total Operating Income As Reported": 990200000.0,
        "Diluted Average Shares": 113800000.0,
        "Basic Average Shares": 107600000.0,
        "Diluted EPS": 8.06,
        "Basic EPS": 8.53,
        "Diluted NI Availto Com Stockholders": 917700000.0,
        "Net Income Common Stockholders": 917700000.0,
        "Net Income": 917700000.0,
        "Net Income Including Noncontrolling Interests": 917700000.0,
        "Net Income Continuous Operations": 917700000.0,
        "Tax Provision": 40400000.0,
        "Pretax Income": 958100000.0,
        "Other Income Expense": -204700000.0,
        "Other Non Operating Income Expenses": 8900000.0,
        "Special Income Charges": -13800000.0,
        "Other Special Charges": 13800000.0,
        "Restructuring And Mergern Acquisition": NaN,
        "Gain On Sale Of Security": -213600000.0,
        "Net Non Operating Interest Income Expense": 172600000.0,
        "Interest Expense Non Operating": 10500000.0,
        "Interest Income Non Operating": 183100000.0,
        "Operating Income": 990200000.0,
        "Operating Expense": 2233600000.0,
        "Other Operating Expenses": 15500000.0,
        "Research And Development": 1425900000.0,
        "Selling General And Administration": 792200000.0,
        "Gross Profit": 3223800000.0,
        "Cost Of Revenue": 565400000.0,
        "Total Revenue": 3789200000.0,
        "Operating Revenue": 3609800000.0
    },
    "2025-03-31": {
        "Tax Effect Of Unusual Items": 14808200.0,
        "Tax Rate For Calcs": 0.106,
        "Normalized EBITDA": 900900000.0,
        "Total Unusual Items": 139700000.0,
        "Total Unusual Items Excluding Goodwill": 139700000.0,
        "Net Income From Continuing Operation Net Minority Interest": 808700000.0,
        "Reconciled Depreciation": 126900000.0,
        "Reconciled Cost Of Revenue": 464300000.0,
        "EBITDA": 1040600000.0,
        "EBIT": 913700000.0,
        "Net Interest Income": 164800000.0,
        "Interest Expense": 8700000.0,
        "Interest Income": 173500000.0,
        "Normalized Income": 683808200.0,
        "Net Income From Continuing And Discontinued Operation": 808700000.0,
        "Total Expenses": 2437000000.0,
        "Total Operating Income As Reported": 591700000.0,
        "Diluted Average Shares": 111200000.0,
        "Basic Average Shares": 106700000.0,
        "Diluted EPS": 7.27,
        "Basic EPS": 7.58,
        "Diluted NI Availto Com Stockholders": 808700000.0,
        "Net Income Common Stockholders": 808700000.0,
        "Net Income": 808700000.0,
        "Net Income Including Noncontrolling Interests": 808700000.0,
        "Net Income Continuous Operations": 808700000.0,
        "Tax Provision": 96300000.0,
        "Pretax Income": 905000000.0,
        "Other Income Expense": 148500000.0,
        "Other Non Operating Income Expenses": 8800000.0,
        "Special Income Charges": NaN,
        "Other Special Charges": NaN,
        "Restructuring And Mergern Acquisition": NaN,
        "Gain On Sale Of Security": 139700000.0,
        "Net Non Operating Interest Income Expense": 164800000.0,
        "Interest Expense Non Operating": 8700000.0,
        "Interest Income Non Operating": 173500000.0,
        "Operating Income": 591700000.0,
        "Operating Expense": 1972700000.0,
        "Other Operating Expenses": NaN,
        "Research And Development": 1339700000.0,
        "Selling General And Administration": 633000000.0,
        "Gross Profit": 2564400000.0,
        "Cost Of Revenue": 464300000.0,
        "Total Revenue": 3028700000.0,
        "Operating Revenue": 2946800000.0
    },
    "2025-06-30": {
        "Tax Effect Of Unusual Items": 20905761.506552,
        "Tax Rate For Calcs": 0.08369,
        "Normalized EBITDA": 1407600000.0,
        "Total Unusual Items": 249800000.0,
        "Total Unusual Items Excluding Goodwill": 249800000.0,
        "Net Income From Continuing Operation Net Minority Interest": 1391600000.0,
        "Reconciled Depreciation": 135100000.0,
        "Reconciled Cost Of Revenue": 530200000.0,
        "EBITDA": 1657400000.0,
        "EBIT": 1522300000.0,
        "Net Interest Income": 171200000.0,
        "Interest Expense": 3600000.0,
        "Interest Income": 174800000.0,
        "Normalized Income": 1162705761.506552,
        "Net Income From Continuing And Discontinued Operation": 1391600000.0,
        "Total Expenses": 2596100000.0,
        "Total Operating Income As Reported": 1079500000.0,
        "Diluted Average Shares": 108600000.0,
        "Basic Average Shares": 105100000.0,
        "Diluted EPS": 12.81,
        "Basic EPS": 13.24,
        "Diluted NI Availto Com Stockholders": 1391600000.0,
        "Net Income Common Stockholders": 1391600000.0,
        "Net Income": 1391600000.0,
        "Net Income Including Noncontrolling Interests": 1391600000.0,
        "Net Income Continuous Operations": 1391600000.0,
        "Tax Provision": 127100000.0,
        "Pretax Income": 1518700000.0,
        "Other Income Expense": 268000000.0,
        "Other Non Operating Income Expenses": 18200000.0,
        "Special Income Charges": NaN,
        "Other Special Charges": NaN,
        "Restructuring And Mergern Acquisition": NaN,
        "Gain On Sale Of Security": 249800000.0,
        "Net Non Operating Interest Income Expense": 171200000.0,
        "Interest Expense Non Operating": 3600000.0,
        "Interest Income Non Operating": 174800000.0,
        "Operating Income": 1079500000.0,
        "Operating Expense": 2065900000.0,
        "Other Operating Expenses": NaN,
        "Research And Development": 1431700000.0,
        "Selling General And Administration": 634200000.0,
        "Gross Profit": 3145400000.0,
        "Cost Of Revenue": 530200000.0,
        "Total Revenue": 3675600000.0,
        "Operating Revenue": 3491700000.0
    },
    "2025-09-30": {
        "Tax Effect Of Unusual Items": 85071200.0,
        "Tax Rate For Calcs": 0.172,
        "Normalized EBITDA": 1424700000.0,
        "Total Unusual Items": 494600000.0,
        "Total Unusual Items Excluding Goodwill": 494600000.0,
        "Net Income From Continuing Operation Net Minority Interest": 1460000000.0,
        "Reconciled Depreciation": 136700000.0,
        "Reconciled Cost Of Revenue": 521600000.0,
        "EBITDA": 1919300000.0,
        "EBIT": 1782600000.0,
        "Net Interest Income": 155800000.0,
        "Interest Expense": 19300000.0,
        "Interest Income": 175100000.0,
        "Normalized Income": 1050471200.0,
        "Net Income From Continuing And Discontinued Operation": 1460000000.0,
        "Total Expenses": 2644400000.0,
        "Total Operating Income As Reported": 1026800000.0,
        "Diluted Average Shares": 107200000.0,
        "Basic Average Shares": 103600000.0,
        "Diluted EPS": 13.62,
        "Basic EPS": 14.09,
        "Diluted NI Availto Com Stockholders": 1460000000.0,
        "Net Income Common Stockholders": 1460000000.0,
        "Net Income": 1460000000.0,
        "Net Income Including Noncontrolling Interests": 1460000000.0,
        "Net Income Continuous Operations": 1460000000.0,
        "Tax Provision": 303300000.0,
        "Pretax Income": 1763300000.0,
        "Other Income Expense": 497600000.0,
        "Other Non Operating Income Expenses": 3000000.0,
        "Special Income Charges": -83100000.0,
        "Other Special Charges": 83100000.0,
        "Restructuring And Mergern Acquisition": NaN,
        "Gain On Sale Of Security": 577700000.0,
        "Net Non Operating Interest Income Expense": 155800000.0,
        "Interest Expense Non Operating": 19300000.0,
        "Interest Income Non Operating": 175100000.0,
        "Operating Income": 1109900000.0,
        "Operating Expense": 2122800000.0,
        "Other Operating Expenses": -10000000.0,
        "Research And Development": 1475000000.0,
        "Selling General And Administration": 657800000.0,
        "Gross Profit": 3232700000.0,
        "Cost Of Revenue": 521600000.0,
        "Total Revenue": 3754300000.0,
        "Operating Revenue": 3556100000.0
    }
}