{
    "2023-05-31": {
        "Tax Effect Of Unusual Items": NaN,
        "Tax Rate For Calcs": NaN,
        "Normalized EBITDA": NaN,
        "Total Unusual Items": NaN,
        "Total Unusual Items Excluding Goodwill": NaN,
        "Net Income From Continuing Operation Net Minority Interest": NaN,
        "Reconciled Depreciation": NaN,
        "Reconciled Cost Of Revenue": NaN,
        "EBITDA": NaN,
        "EBIT": NaN,
        "Net Interest Income": 116000.0,
        "Interest Income": 116000.0,
        "Normalized Income": NaN,
        "Net Income From Continuing And Discontinued Operation": NaN,
        "Total Expenses": NaN,
        "Total Operating Income As Reported": NaN,
        "Diluted Average Shares": 14651000.0,
        "Basic Average Shares": 14144000.0,
        "Diluted EPS": 0.27,
        "Basic EPS": 0.29,
        "Diluted NI Availto Com Stockholders": NaN,
        "Net Income Common Stockholders": NaN,
        "Net Income": NaN,
        "Net Income Including Noncontrolling Interests": NaN,
        "Net Income Continuous Operations": NaN,
        "Tax Provision": NaN,
        "Pretax Income": NaN,
        "Other Income Expense": NaN,
        "Other Non Operating Income Expenses": NaN,
        "Special Income Charges": NaN,
        "Gain On Sale Of Ppe": NaN,
        "Gain On Sale Of Security": NaN,
        "Net Non Operating Interest Income Expense": 116000.0,
        "Interest Income Non Operating": 116000.0,
        "Operating Income": NaN,
        "Operating Expense": NaN,
        "Selling General And Administration": NaN,
        "Gross Profit": NaN,
        "Cost Of Revenue": NaN,
        "Total Revenue": NaN,
        "Operating Revenue": NaN
    },
    "2023-02-28": {
        "Tax Effect Of Unusual Items": NaN,
        "Tax Rate For Calcs": NaN,
        "Normalized EBITDA": NaN,
        "Total Unusual Items": NaN,
        "Total Unusual Items Excluding Goodwill": NaN,
        "Net Income From Continuing Operation Net Minority Interest": NaN,
        "Reconciled Depreciation": NaN,
        "Reconciled Cost Of Revenue": NaN,
        "EBITDA": NaN,
        "EBIT": NaN,
        "Net Interest Income": 76000.0,
        "Interest Income": 76000.0,
        "Normalized Income": NaN,
        "Net Income From Continuing And Discontinued Operation": NaN,
        "Total Expenses": NaN,
        "Total Operating Income As Reported": NaN,
        "Diluted Average Shares": 14718000.0,
        "Basic Average Shares": 14099000.0,
        "Diluted EPS": 0.44,
        "Basic EPS": 0.46,
        "Diluted NI Availto Com Stockholders": NaN,
        "Net Income Common Stockholders": NaN,
        "Net Income": NaN,
        "Net Income Including Noncontrolling Interests": NaN,
        "Net Income Continuous Operations": NaN,
        "Tax Provision": NaN,
        "Pretax Income": NaN,
        "Other Income Expense": NaN,
        "Other Non Operating Income Expenses": NaN,
        "Special Income Charges": -13000.0,
        "Gain On Sale Of Ppe": -13000.0,
        "Gain On Sale Of Security": NaN,
        "Net Non Operating Interest Income Expense": 76000.0,
        "Interest Income Non Operating": 76000.0,
        "Operating Income": NaN,
        "Operating Expense": NaN,
        "Selling General And Administration": NaN,
        "Gross Profit": NaN,
        "Cost Of Revenue": NaN,
        "Total Revenue": NaN,
        "Operating Revenue": NaN
    },
    "2022-11-30": {
        "Tax Effect Of Unusual Items": NaN,
        "Tax Rate For Calcs": NaN,
        "Normalized EBITDA": NaN,
        "Total Unusual Items": NaN,
        "Total Unusual Items Excluding Goodwill": NaN,
        "Net Income From Continuing Operation Net Minority Interest": NaN,
        "Reconciled Depreciation": NaN,
        "Reconciled Cost Of Revenue": NaN,
        "EBITDA": NaN,
        "EBIT": NaN,
        "Net Interest Income": NaN,
        "Interest Income": NaN,
        "Normalized Income": NaN,
        "Net Income From Continuing And Discontinued Operation": NaN,
        "Total Expenses": NaN,
        "Total Operating Income As Reported": NaN,
        "Diluted Average Shares": NaN,
        "Basic Average Shares": NaN,
        "Diluted EPS": NaN,
        "Basic EPS": NaN,
        "Diluted NI Availto Com Stockholders": NaN,
        "Net Income Common Stockholders": NaN,
        "Net Income": NaN,
        "Net Income Including Noncontrolling Interests": NaN,
        "Net Income Continuous Operations": NaN,
        "Tax Provision": NaN,
        "Pretax Income": NaN,
        "Other Income Expense": NaN,
        "Other Non Operating Income Expenses": NaN,
        "Special Income Charges": 25000.0,
        "Gain On Sale Of Ppe": 25000.0,
        "Gain On Sale Of Security": NaN,
        "Net Non Operating Interest Income Expense": NaN,
        "Interest Income Non Operating": NaN,
        "Operating Income": NaN,
        "Operating Expense": NaN,
        "Selling General And Administration": NaN,
        "Gross Profit": NaN,
        "Cost Of Revenue": NaN,
        "Total Revenue": NaN,
        "Operating Revenue": NaN
    },
    "2022-08-31": {
        "Tax Effect Of Unusual Items": -93500.0,
        "Tax Rate For Calcs": 0.25,
        "Normalized EBITDA": 10036000.0,
        "Total Unusual Items": -374000.0,
        "Total Unusual Items Excluding Goodwill": -374000.0,
        "Net Income From Continuing Operation Net Minority Interest": 6324000.0,
        "Reconciled Depreciation": 883000.0,
        "Reconciled Cost Of Revenue": 44530000.0,
        "EBITDA": 9662000.0,
        "EBIT": 8779000.0,
        "Net Interest Income": 25000.0,
        "Interest Income": 25000.0,
        "Normalized Income": 6604500.0,
        "Net Income From Continuing And Discontinued Operation": 6324000.0,
        "Total Expenses": 58778000.0,
        "Total Operating Income As Reported": 8779000.0,
        "Diluted Average Shares": 14384000.0,
        "Basic Average Shares": 13768000.0,
        "Diluted EPS": 0.47,
        "Basic EPS": 0.47,
        "Diluted NI Availto Com Stockholders": 6324000.0,
        "Net Income Common Stockholders": 6324000.0,
        "Net Income": 6324000.0,
        "Net Income Including Noncontrolling Interests": 6324000.0,
        "Net Income Continuous Operations": 6324000.0,
        "Tax Provision": 2108000.0,
        "Pretax Income": 8432000.0,
        "Other Income Expense": -372000.0,
        "Other Non Operating Income Expenses": 2000.0,
        "Special Income Charges": NaN,
        "Gain On Sale Of Ppe": NaN,
        "Gain On Sale Of Security": -374000.0,
        "Net Non Operating Interest Income Expense": 25000.0,
        "Interest Income Non Operating": 25000.0,
        "Operating Income": 8779000.0,
        "Operating Expense": 14248000.0,
        "Selling General And Administration": 14248000.0,
        "Gross Profit": 23027000.0,
        "Cost Of Revenue": 44530000.0,
        "Total Revenue": 67557000.0,
        "Operating Revenue": 67557000.0
    },
    "2022-05-31": {
        "Tax Effect Of Unusual Items": -117200.0,
        "Tax Rate For Calcs": 0.4,
        "Normalized EBITDA": 5297000.0,
        "Total Unusual Items": -293000.0,
        "Total Unusual Items Excluding Goodwill": -293000.0,
        "Net Income From Continuing Operation Net Minority Interest": 8283000.0,
        "Reconciled Depreciation": 863000.0,
        "Reconciled Cost Of Revenue": 41452000.0,
        "EBIT": 5004000.0,
        "Net Interest Income": 44000.0,
        "Interest Income": 44000.0,
        "Normalized Income": 8458800.0,
        "Net Income From Continuing And Discontinued Operation": 8283000.0,
        "Total Expenses": 56625000.0,
        "Total Operating Income As Reported": 4986000.0,
        "Diluted Average Shares": 14160000.0,
        "Basic Average Shares": 13672000.0,
        "Diluted EPS": 0.59,
        "Basic EPS": 0.62,
        "Diluted NI Availto Com Stockholders": 8283000.0,
        "Net Income Common Stockholders": 8283000.0,
        "Net Income": 8283000.0,
        "Net Income Including Noncontrolling Interests": 8283000.0,
        "Net Income Continuous Operations": 8283000.0,
        "Tax Provision": -3494000.0,
        "Pretax Income": 4789000.0,
        "Other Income Expense": -259000.0,
        "Other Non Operating Income Expenses": 34000.0,
        "Special Income Charges": -18000.0,
        "Gain On Sale Of Ppe": -18000.0,
        "Gain On Sale Of Security": -275000.0,
        "Net Non Operating Interest Income Expense": 44000.0,
        "Interest Income Non Operating": 44000.0,
        "Operating Income": 5004000.0,
        "Operating Expense": 15173000.0,
        "Selling General And Administration": 15173000.0,
        "Gross Profit": 20177000.0,
        "Cost Of Revenue": 41452000.0,
        "Total Revenue": 61629000.0,
        "Operating Revenue": 61629000.0
    },
    "2022-02-28": {
        "Diluted EPS": 0.21,
        "Total Revenue": 55,
        "Gross Profit": 18,
        "Operating Income": 4,
        "EBIT": 4,
        "Net Income": 3
    },
    "2021-11-30": {
        "Diluted EPS": 0.3,
        "Total Revenue": 54,
        "Gross Profit": 18,
        "Operating Income": 5,
        "EBIT": 5,
        "Net Income": 4
    },
    "2021-08-31": {
        "Diluted EPS": 0.19,
        "Total Revenue": 54,
        "Gross Profit": 16,
        "Operating Income": 3,
        "EBIT": 4,
        "Net Income": 3
    },
    "2021-05-31": {
        "Diluted EPS": 0.14,
        "Total Revenue": 50,
        "Gross Profit": 16,
        "Operating Income": 2,
        "EBIT": 3,
        "Net Income": 2
    },
    "2021-02-28": {
        "Diluted EPS": 0.02,
        "Total Revenue": 45,
        "Gross Profit": 16,
        "Operating Income": 0,
        "EBIT": 1,
        "Net Income": 0
    },
    "2020-11-30": {
        "Diluted EPS": 0.05,
        "Total Revenue": 42,
        "Gross Profit": 14,
        "Operating Income": 1,
        "EBIT": 2,
        "Net Income": 1
    },
    "2020-08-31": {
        "Diluted EPS": -0.09,
        "Total Revenue": 39,
        "Gross Profit": 12,
        "Operating Income": -1,
        "EBIT": 0,
        "Net Income": -1
    },
    "2020-05-31": {
        "Diluted EPS": -0.09,
        "Total Revenue": 37,
        "Gross Profit": 11,
        "Operating Income": -1,
        "EBIT": 0,
        "Net Income": -1
    },
    "2020-02-29": {
        "Diluted EPS": -0.01,
        "Total Revenue": 38,
        "Gross Profit": 13,
        "Operating Income": 0,
        "EBIT": 1,
        "Net Income": 0
    },
    "2019-11-30": {
        "Diluted EPS": -0.05,
        "Total Revenue": 40,
        "Gross Profit": 13,
        "Operating Income": 0,
        "EBIT": 0,
        "Net Income": -1
    },
    "2019-08-31": {
        "Diluted EPS": 0.01,
        "Total Revenue": 41,
        "Gross Profit": 13,
        "Operating Income": 0,
        "EBIT": 1,
        "Net Income": 0
    },
    "2019-05-31": {
        "Diluted EPS": -0.49,
        "Total Revenue": 42,
        "Gross Profit": 13,
        "Operating Income": -6,
        "EBIT": 1,
        "Net Income": -6
    },
    "2019-02-28": {
        "Diluted EPS": -0.08,
        "Total Revenue": 39,
        "Gross Profit": 12,
        "Operating Income": -1,
        "EBIT": 0,
        "Net Income": -1
    },
    "2018-11-30": {
        "Diluted EPS": -0.02,
        "Total Revenue": 41,
        "Gross Profit": 13,
        "Operating Income": 0,
        "EBIT": 0,
        "Net Income": 0
    },
    "2018-08-31": {
        "Diluted EPS": 0.03,
        "Total Revenue": 44,
        "Gross Profit": 14,
        "Operating Income": 1,
        "EBIT": 2,
        "Net Income": 0
    },
    "2018-05-31": {
        "Diluted EPS": 0.14,
        "Total Revenue": 45,
        "Gross Profit": 15,
        "Operating Income": 2,
        "EBIT": 3,
        "Net Income": 2
    },
    "2018-02-28": {
        "Diluted EPS": 0.04,
        "Total Revenue": 42,
        "Gross Profit": 14,
        "Operating Income": 1,
        "EBIT": 2,
        "Net Income": 1
    },
    "2017-11-30": {
        "Diluted EPS": 0.13,
        "Total Revenue": 39,
        "Gross Profit": 13,
        "Operating Income": 1,
        "EBIT": 2,
        "Net Income": 2
    },
    "2017-08-31": {
        "Diluted EPS": -0.01,
        "Total Revenue": 37,
        "Gross Profit": 12,
        "Operating Income": 0,
        "EBIT": 1,
        "Net Income": 0
    },
    "2017-05-31": {
        "Diluted EPS": 0.0,
        "Total Revenue": 37,
        "Gross Profit": 12,
        "Operating Income": 0,
        "EBIT": 1,
        "Net Income": 0
    },
    "2017-02-28": {
        "Diluted EPS": -0.11,
        "Total Revenue": 32,
        "Gross Profit": 11,
        "Operating Income": -1,
        "EBIT": -1,
        "Net Income": -1
    },
    "2016-11-30": {
        "Diluted EPS": -0.2,
        "Total Revenue": 34,
        "Gross Profit": 11,
        "Operating Income": -2,
        "EBIT": -2,
        "Net Income": -3
    },
    "2016-08-31": {
        "Diluted EPS": -0.23,
        "Total Revenue": 33,
        "Gross Profit": 10,
        "Operating Income": -2,
        "EBIT": -1,
        "Net Income": -3
    },
    "2016-05-31": {
        "Diluted EPS": -0.01,
        "Total Revenue": 40,
        "Gross Profit": 13,
        "Operating Income": 0,
        "EBIT": 0,
        "Net Income": 0
    },
    "2016-02-29": {
        "Diluted EPS": -0.23,
        "Total Revenue": 31,
        "Gross Profit": 10,
        "Operating Income": -3,
        "EBIT": -2,
        "Net Income": -3
    },
    "2015-11-30": {
        "Diluted EPS": -0.18,
        "Total Revenue": 34,
        "Gross Profit": 10,
        "Operating Income": -3,
        "EBIT": -2,
        "Net Income": -2
    },
    "2015-08-31": {
        "Diluted EPS": -0.1,
        "Total Revenue": 37,
        "Gross Profit": 11,
        "Operating Income": -1,
        "EBIT": -1,
        "Net Income": -1
    },
    "2015-05-31": {
        "Diluted EPS": -0.18,
        "Total Revenue": 35,
        "Gross Profit": 10,
        "Operating Income": -3,
        "EBIT": -2,
        "Net Income": -2
    },
    "2015-02-28": {
        "Diluted EPS": -0.14,
        "Total Revenue": 33,
        "Gross Profit": 10,
        "Operating Income": -3,
        "EBIT": -2,
        "Net Income": -2
    },
    "2014-11-30": {
        "Diluted EPS": -0.07,
        "Total Revenue": 34,
        "Gross Profit": 10,
        "Operating Income": -2,
        "EBIT": -2,
        "Net Income": -1
    },
    "2014-08-31": {
        "Diluted EPS": -0.01,
        "Total Revenue": 35,
        "Gross Profit": 11,
        "Operating Income": -1,
        "EBIT": 0,
        "Net Income": 0
    },
    "2014-05-31": {
        "Diluted EPS": -0.15,
        "Total Revenue": 35,
        "Gross Profit": 10,
        "Operating Income": -4,
        "EBIT": -2,
        "Net Income": -2
    },
    "2014-02-28": {
        "Diluted EPS": -0.04,
        "Total Revenue": 33,
        "Gross Profit": 10,
        "Operating Income": -1,
        "EBIT": -1,
        "Net Income": -1
    },
    "2013-11-30": {
        "Diluted EPS": 0.03,
        "Total Revenue": 35,
        "Gross Profit": 11,
        "Operating Income": 1,
        "EBIT": 1,
        "Net Income": 1
    },
    "2013-08-31": {
        "Diluted EPS": 0.12,
        "Total Revenue": 34,
        "Gross Profit": 10,
        "Operating Income": 0,
        "EBIT": 0,
        "Net Income": 2
    },
    "2013-05-31": {
        "Diluted EPS": -0.01,
        "Total Revenue": 35,
        "Gross Profit": 10,
        "Operating Income": -2,
        "EBIT": -1,
        "Net Income": 0
    },
    "2013-02-28": {
        "Diluted EPS": 0.02,
        "Total Revenue": 34,
        "Gross Profit": 10,
        "Operating Income": 1,
        "EBIT": 1,
        "Net Income": 0
    },
    "2012-11-30": {
        "Diluted EPS": 0.02,
        "Total Revenue": 37,
        "Gross Profit": 11,
        "Operating Income": 1,
        "EBIT": 1,
        "Net Income": 0
    },
    "2012-08-31": {
        "Diluted EPS": 0.03,
        "Total Revenue": 36,
        "Gross Profit": 11,
        "Operating Income": 1,
        "EBIT": 1,
        "Net Income": 1
    },
    "2012-05-31": {
        "Diluted EPS": 0.14,
        "Total Revenue": 39,
        "Gross Profit": 11,
        "Operating Income": 1,
        "EBIT": 1,
        "Net Income": 3
    },
    "2012-02-29": {
        "Diluted EPS": 0.07,
        "Total Revenue": 38,
        "Gross Profit": 11,
        "Operating Income": 2,
        "EBIT": 2,
        "Net Income": 1
    },
    "2011-11-30": {
        "Diluted EPS": 0.04,
        "Total Revenue": 39,
        "Gross Profit": 12,
        "Operating Income": 2,
        "EBIT": 2,
        "Net Income": 1
    },
    "2011-08-31": {
        "Diluted EPS": 0.18,
        "Total Revenue": 42,
        "Gross Profit": 13,
        "Operating Income": 2,
        "EBIT": 2,
        "Net Income": 4
    },
    "2011-05-31": {
        "Diluted EPS": 3.01,
        "Total Revenue": 41,
        "Gross Profit": 11,
        "Operating Income": 1,
        "EBIT": 1,
        "Net Income": 64
    },
    "2011-02-28": {
        "Diluted EPS": 0.38,
        "Total Revenue": 40,
        "Gross Profit": 12,
        "Operating Income": 1,
        "EBIT": 1,
        "Net Income": 8
    },
    "2010-11-30": {
        "Diluted EPS": 0.35,
        "Total Revenue": 41,
        "Gross Profit": 12,
        "Operating Income": 1,
        "EBIT": 1,
        "Net Income": 7
    },
    "2010-08-31": {
        "Diluted EPS": 0.4,
        "Total Revenue": 38,
        "Gross Profit": 11,
        "Operating Income": 1,
        "EBIT": 2,
        "Net Income": 8
    },
    "2010-05-31": {
        "Diluted EPS": 0.37,
        "Total Revenue": 39,
        "Gross Profit": 11,
        "Operating Income": -1,
        "EBIT": 0,
        "Net Income": 7
    },
    "2010-02-28": {
        "Diluted EPS": 0.25,
        "Total Revenue": 33,
        "Gross Profit": 10,
        "Operating Income": 0,
        "EBIT": 1,
        "Net Income": 4
    },
    "2009-11-30": {
        "Diluted EPS": 0.15,
        "Total Revenue": 33,
        "Gross Profit": 11,
        "Operating Income": 0,
        "EBIT": 1,
        "Net Income": 3
    },
    "2009-08-31": {
        "Diluted EPS": 0.09,
        "Total Revenue": 109,
        "Gross Profit": 26,
        "Operating Income": 4,
        "EBIT": 5,
        "Net Income": 2
    },
    "2009-05-31": {
        "Diluted EPS": -0.59,
        "Total Revenue": 115,
        "Gross Profit": 20,
        "Operating Income": -8,
        "EBIT": -5,
        "Net Income": -10
    },
    "2009-02-28": {
        "Diluted EPS": -0.64,
        "Total Revenue": 110,
        "Gross Profit": 24,
        "Operating Income": -10,
        "EBIT": -9,
        "Net Income": -11
    },
    "2023-08-31": {
        "Tax Effect Of Unusual Items": NaN,
        "Tax Rate For Calcs": NaN,
        "Normalized EBITDA": NaN,
        "Total Unusual Items": NaN,
        "Total Unusual Items Excluding Goodwill": NaN,
        "Net Income From Continuing Operation Net Minority Interest": NaN,
        "Reconciled Depreciation": NaN,
        "Reconciled Cost Of Revenue": NaN,
        "EBITDA": NaN,
        "EBIT": NaN,
        "Net Interest Income": 71000.0,
        "Interest Income": 71000.0,
        "Normalized Income": NaN,
        "Net Income From Continuing And Discontinued Operation": NaN,
        "Total Expenses": NaN,
        "Total Operating Income As Reported": NaN,
        "Diluted Average Shares": 14591000.0,
        "Basic Average Shares": 14223000.0,
        "Diluted EPS": 0.09,
        "Basic EPS": 0.09,
        "Diluted NI Availto Com Stockholders": NaN,
        "Net Income Common Stockholders": NaN,
        "Net Income": NaN,
        "Net Income Including Noncontrolling Interests": NaN,
        "Net Income Continuous Operations": NaN,
        "Tax Provision": NaN,
        "Pretax Income": NaN,
        "Other Income Expense": NaN,
        "Other Non Operating Income Expenses": NaN,
        "Special Income Charges": NaN,
        "Gain On Sale Of Ppe": NaN,
        "Gain On Sale Of Security": NaN,
        "Net Non Operating Interest Income Expense": 71000.0,
        "Interest Income Non Operating": 71000.0,
        "Operating Income": NaN,
        "Operating Expense": NaN,
        "Selling General And Administration": NaN,
        "Gross Profit": NaN,
        "Cost Of Revenue": NaN,
        "Total Revenue": NaN,
        "Operating Revenue": NaN
    },
    "2023-11-30": {
        "Tax Effect Of Unusual Items": NaN,
        "Tax Rate For Calcs": NaN,
        "Normalized EBITDA": NaN,
        "Total Unusual Items": NaN,
        "Total Unusual Items Excluding Goodwill": NaN,
        "Net Income From Continuing Operation Net Minority Interest": NaN,
        "Reconciled Depreciation": NaN,
        "Reconciled Cost Of Revenue": NaN,
        "EBITDA": NaN,
        "EBIT": NaN,
        "Net Interest Income": 86000.0,
        "Interest Income": 86000.0,
        "Normalized Income": NaN,
        "Net Income From Continuing And Discontinued Operation": NaN,
        "Total Expenses": NaN,
        "Total Operating Income As Reported": NaN,
        "Diluted Average Shares": NaN,
        "Basic Average Shares": NaN,
        "Diluted EPS": NaN,
        "Basic EPS": NaN,
        "Diluted NI Availto Com Stockholders": NaN,
        "Net Income Common Stockholders": NaN,
        "Net Income": NaN,
        "Net Income Including Noncontrolling Interests": NaN,
        "Net Income Continuous Operations": NaN,
        "Tax Provision": NaN,
        "Pretax Income": NaN,
        "Other Income Expense": NaN,
        "Other Non Operating Income Expenses": NaN,
        "Special Income Charges": NaN,
        "Gain On Sale Of Ppe": NaN,
        "Gain On Sale Of Business": NaN,
        "Gain On Sale Of Security": NaN,
        "Net Non Operating Interest Income Expense": 86000.0,
        "Interest Income Non Operating": 86000.0,
        "Operating Income": NaN,
        "Operating Expense": NaN,
        "Selling General And Administration": NaN,
        "Gross Profit": NaN,
        "Cost Of Revenue": NaN,
        "Total Revenue": NaN,
        "Operating Revenue": NaN
    },
    "2024-02-29": {
        "Tax Effect Of Unusual Items": -23533.0,
        "Tax Rate For Calcs": 0.233,
        "Normalized EBITDA": 2211000.0,
        "Total Unusual Items": -101000.0,
        "Total Unusual Items Excluding Goodwill": -101000.0,
        "Net Income From Continuing Operation Net Minority Interest": 750000.0,
        "Reconciled Depreciation": 1104000.0,
        "Reconciled Cost Of Revenue": 36939000.0,
        "EBITDA": 2110000.0,
        "EBIT": 1006000.0,
        "Net Interest Income": 67000.0,
        "Interest Income": 67000.0,
        "Normalized Income": 827467.0,
        "Net Income From Continuing And Discontinued Operation": 750000.0,
        "Total Expenses": 51369000.0,
        "Total Operating Income As Reported": 1006000.0,
        "Diluted Average Shares": 14497000.0,
        "Basic Average Shares": 14279000.0,
        "Diluted EPS": 0.05,
        "Basic EPS": 0.05,
        "Diluted NI Availto Com Stockholders": 750000.0,
        "Net Income Common Stockholders": 750000.0,
        "Net Income": 750000.0,
        "Net Income Including Noncontrolling Interests": 750000.0,
        "Net Income Continuous Operations": 750000.0,
        "Tax Provision": 229000.0,
        "Pretax Income": 979000.0,
        "Other Income Expense": -94000.0,
        "Other Non Operating Income Expenses": 7000.0,
        "Special Income Charges": 0.0,
        "Gain On Sale Of Ppe": 0.0,
        "Gain On Sale Of Business": 0.0,
        "Gain On Sale Of Security": -101000.0,
        "Net Non Operating Interest Income Expense": 67000.0,
        "Interest Income Non Operating": 67000.0,
        "Operating Income": 1006000.0,
        "Operating Expense": 14430000.0,
        "Selling General And Administration": 14430000.0,
        "Gross Profit": 15436000.0,
        "Cost Of Revenue": 36939000.0,
        "Total Revenue": 52375000.0,
        "Operating Revenue": 52375000.0
    },
    "2024-05-31": {
        "Tax Effect Of Unusual Items": -4172.661871,
        "Tax Rate For Calcs": 0.143885,
        "Normalized EBITDA": 1004000.0,
        "Total Unusual Items": -29000.0,
        "Total Unusual Items Excluding Goodwill": -29000.0,
        "Net Income From Continuing Operation Net Minority Interest": -119000.0,
        "Reconciled Depreciation": 1089000.0,
        "Reconciled Cost Of Revenue": 32650000.0,
        "EBITDA": 975000.0,
        "EBIT": -114000.0,
        "Net Interest Income": NaN,
        "Interest Income": NaN,
        "Normalized Income": -94172.661871,
        "Net Income From Continuing And Discontinued Operation": -119000.0,
        "Total Expenses": 47488000.0,
        "Total Operating Income As Reported": -114000.0,
        "Diluted Average Shares": 14456000.0,
        "Basic Average Shares": 14283000.0,
        "Diluted EPS": -0.01,
        "Basic EPS": -0.01,
        "Diluted NI Availto Com Stockholders": -119000.0,
        "Net Income Common Stockholders": -119000.0,
        "Net Income": -119000.0,
        "Net Income Including Noncontrolling Interests": -119000.0,
        "Net Income Continuous Operations": -119000.0,
        "Tax Provision": -20000.0,
        "Pretax Income": -139000.0,
        "Other Income Expense": -25000.0,
        "Other Non Operating Income Expenses": 4000.0,
        "Special Income Charges": 0.0,
        "Gain On Sale Of Ppe": 0.0,
        "Gain On Sale Of Business": NaN,
        "Gain On Sale Of Security": -29000.0,
        "Net Non Operating Interest Income Expense": NaN,
        "Interest Income Non Operating": NaN,
        "Operating Income": -114000.0,
        "Operating Expense": 14838000.0,
        "Selling General And Administration": 14838000.0,
        "Gross Profit": 14724000.0,
        "Cost Of Revenue": 32650000.0,
        "Total Revenue": 47374000.0,
        "Operating Revenue": 47374000.0
    },
    "2024-08-31": {
        "Tax Effect Of Unusual Items": 25110.0,
        "Tax Rate For Calcs": 0.09,
        "Normalized EBITDA": 1079000.0,
        "Total Unusual Items": 279000.0,
        "Total Unusual Items Excluding Goodwill": 279000.0,
        "Net Income From Continuing Operation Net Minority Interest": 590000.0,
        "Reconciled Depreciation": 1044000.0,
        "Reconciled Cost Of Revenue": 37299000.0,
        "EBITDA": 1358000.0,
        "EBIT": 314000.0,
        "Net Interest Income": 58000.0,
        "Interest Income": 58000.0,
        "Normalized Income": 336110.0,
        "Net Income From Continuing And Discontinued Operation": 590000.0,
        "Total Expenses": 53411000.0,
        "Total Operating Income As Reported": 316000.0,
        "Diluted Average Shares": 14480000.0,
        "Basic Average Shares": 14249000.0,
        "Diluted EPS": 0.04,
        "Basic EPS": 0.04,
        "Diluted NI Availto Com Stockholders": 590000.0,
        "Net Income Common Stockholders": 590000.0,
        "Net Income": 590000.0,
        "Net Income Including Noncontrolling Interests": 590000.0,
        "Net Income Continuous Operations": 590000.0,
        "Tax Provision": 58000.0,
        "Pretax Income": 648000.0,
        "Other Income Expense": 276000.0,
        "Other Non Operating Income Expenses": -3000.0,
        "Special Income Charges": 2000.0,
        "Gain On Sale Of Ppe": 2000.0,
        "Gain On Sale Of Business": NaN,
        "Gain On Sale Of Security": 277000.0,
        "Net Non Operating Interest Income Expense": 58000.0,
        "Interest Income Non Operating": 58000.0,
        "Operating Income": 314000.0,
        "Operating Expense": 16112000.0,
        "Selling General And Administration": 16112000.0,
        "Gross Profit": 16426000.0,
        "Cost Of Revenue": 37299000.0,
        "Total Revenue": 53725000.0,
        "Operating Revenue": 53725000.0
    },
    "2024-11-30": {
        "Tax Effect Of Unusual Items": -125280.0,
        "Tax Rate For Calcs": 0.288,
        "Normalized EBITDA": 781000.0,
        "Total Unusual Items": -435000.0,
        "Total Unusual Items Excluding Goodwill": -435000.0,
        "Net Income From Continuing Operation Net Minority Interest": -751000.0,
        "Reconciled Depreciation": 1015000.0,
        "Reconciled Cost Of Revenue": 34165000.0,
        "EBITDA": 346000.0,
        "EBIT": -669000.0,
        "Net Interest Income": 45000.0,
        "Interest Income": 45000.0,
        "Normalized Income": -441280.0,
        "Net Income From Continuing And Discontinued Operation": -751000.0,
        "Total Expenses": 50160000.0,
        "Total Operating Income As Reported": -667000.0,
        "Diluted Average Shares": 14364000.0,
        "Basic Average Shares": 14364000.0,
        "Diluted EPS": -0.05,
        "Basic EPS": -0.05,
        "Diluted NI Availto Com Stockholders": -751000.0,
        "Net Income Common Stockholders": -751000.0,
        "Net Income": -751000.0,
        "Net Income Including Noncontrolling Interests": -751000.0,
        "Net Income Continuous Operations": -751000.0,
        "Tax Provision": -304000.0,
        "Pretax Income": -1055000.0,
        "Other Income Expense": -431000.0,
        "Other Non Operating Income Expenses": 4000.0,
        "Special Income Charges": 2000.0,
        "Gain On Sale Of Ppe": 2000.0,
        "Gain On Sale Of Business": NaN,
        "Gain On Sale Of Security": -437000.0,
        "Net Non Operating Interest Income Expense": 45000.0,
        "Interest Income Non Operating": 45000.0,
        "Operating Income": -669000.0,
        "Operating Expense": 15995000.0,
        "Selling General And Administration": 15995000.0,
        "Gross Profit": 15326000.0,
        "Cost Of Revenue": 34165000.0,
        "Total Revenue": 49491000.0,
        "Operating Revenue": 49491000.0
    },
    "2025-02-28": {
        "Tax Effect Of Unusual Items": -1794248.0,
        "Tax Rate For Calcs": 0.334,
        "Normalized EBITDA": 8523000.0,
        "Total Unusual Items": -5372000.0,
        "Total Unusual Items Excluding Goodwill": -5372000.0,
        "Net Income From Continuing Operation Net Minority Interest": -2057000.0,
        "Reconciled Depreciation": 978000.0,
        "Reconciled Cost Of Revenue": 37131000.0,
        "EBITDA": 3151000.0,
        "EBIT": 2173000.0,
        "Net Interest Income": 84000.0,
        "Interest Income": 84000.0,
        "Normalized Income": 1520752.0,
        "Net Income From Continuing And Discontinued Operation": -2057000.0,
        "Total Expenses": 51631000.0,
        "Total Operating Income As Reported": -2743000.0,
        "Diluted Average Shares": 14382000.0,
        "Basic Average Shares": 14382000.0,
        "Diluted EPS": -0.13,
        "Basic EPS": -0.13,
        "Diluted NI Availto Com Stockholders": -2057000.0,
        "Net Income Common Stockholders": -2057000.0,
        "Net Income": -2057000.0,
        "Net Income Including Noncontrolling Interests": -2057000.0,
        "Net Income Continuous Operations": -2057000.0,
        "Tax Provision": -1031000.0,
        "Pretax Income": -3088000.0,
        "Other Income Expense": -5345000.0,
        "Other Non Operating Income Expenses": 27000.0,
        "Special Income Charges": -4916000.0,
        "Gain On Sale Of Ppe": 0.0,
        "Gain On Sale Of Business": -4916000.0,
        "Gain On Sale Of Security": -456000.0,
        "Net Non Operating Interest Income Expense": 84000.0,
        "Interest Income Non Operating": 84000.0,
        "Operating Income": 2173000.0,
        "Operating Expense": 14500000.0,
        "Selling General And Administration": 14500000.0,
        "Gross Profit": 16673000.0,
        "Cost Of Revenue": 37131000.0,
        "Total Revenue": 53804000.0,
        "Operating Revenue": 53804000.0
    }
}