{
    "2023-03-31": {
        "Tax Effect Of Unusual Items": 0.0,
        "Tax Rate For Calcs": 0.21,
        "Normalized EBITDA": -24526000.0,
        "Net Income From Continuing Operation Net Minority Interest": -28314000.0,
        "Reconciled Depreciation": 3029000.0,
        "Reconciled Cost Of Revenue": 93997000.0,
        "EBITDA": -24526000.0,
        "EBIT": -27555000.0,
        "Net Interest Income": 1635000.0,
        "Interest Expense": 389000.0,
        "Interest Income": 2024000.0,
        "Normalized Income": -28314000.0,
        "Net Income From Continuing And Discontinued Operation": -28314000.0,
        "Total Expenses": 231933000.0,
        "Total Operating Income As Reported": -28068000.0,
        "Diluted Average Shares": 175113904.0,
        "Basic Average Shares": 175113904.0,
        "Diluted EPS": -0.16,
        "Basic EPS": -0.16,
        "Diluted NI Availto Com Stockholders": -28314000.0,
        "Net Income Common Stockholders": -28314000.0,
        "Net Income": -28314000.0,
        "Net Income Including Noncontrolling Interests": -28314000.0,
        "Net Income Continuous Operations": -28314000.0,
        "Tax Provision": 370000.0,
        "Pretax Income": -27944000.0,
        "Other Income Expense": -1511000.0,
        "Other Non Operating Income Expenses": -1511000.0,
        "Net Non Operating Interest Income Expense": 1635000.0,
        "Interest Expense Non Operating": 389000.0,
        "Interest Income Non Operating": 2024000.0,
        "Operating Income": -28068000.0,
        "Operating Expense": 137936000.0,
        "Depreciation Amortization Depletion Income Statement": 3029000.0,
        "Depreciation And Amortization In Income Statement": 3029000.0,
        "Research And Development": 49376000.0,
        "Selling General And Administration": 85531000.0,
        "Selling And Marketing Expense": 44123000.0,
        "General And Administrative Expense": 41408000.0,
        "Other Gand A": 41408000.0,
        "Gross Profit": 109868000.0,
        "Cost Of Revenue": 93997000.0,
        "Total Revenue": 203865000.0,
        "Operating Revenue": 203865000.0
    },
    "2022-12-31": {
        "Tax Effect Of Unusual Items": 0.0,
        "Tax Rate For Calcs": 0.021887,
        "Normalized EBITDA": -17648000.0,
        "Net Income From Continuing Operation Net Minority Interest": -19395000.0,
        "Reconciled Depreciation": 1854000.0,
        "Reconciled Cost Of Revenue": 91105000.0,
        "EBITDA": -17648000.0,
        "EBIT": -19502000.0,
        "Net Interest Income": 1947000.0,
        "Interest Expense": 327000.0,
        "Interest Income": 2274000.0,
        "Normalized Income": -19395000.0,
        "Net Income From Continuing And Discontinued Operation": -19395000.0,
        "Total Expenses": 213900000.0,
        "Total Operating Income As Reported": -22868000.0,
        "Diluted Average Shares": 171505584.0,
        "Basic Average Shares": 171505584.0,
        "Diluted EPS": -0.11,
        "Basic EPS": -0.11,
        "Diluted NI Availto Com Stockholders": -19395000.0,
        "Net Income Common Stockholders": -19395000.0,
        "Net Income": -19395000.0,
        "Net Income Including Noncontrolling Interests": -19395000.0,
        "Net Income Continuous Operations": -19395000.0,
        "Tax Provision": -434000.0,
        "Pretax Income": -19829000.0,
        "Other Income Expense": 1092000.0,
        "Other Non Operating Income Expenses": 1092000.0,
        "Net Non Operating Interest Income Expense": 1947000.0,
        "Interest Expense Non Operating": 327000.0,
        "Interest Income Non Operating": 2274000.0,
        "Operating Income": -22868000.0,
        "Operating Expense": 122795000.0,
        "Depreciation Amortization Depletion Income Statement": 1854000.0,
        "Depreciation And Amortization In Income Statement": 1854000.0,
        "Research And Development": 42883000.0,
        "Selling General And Administration": 78058000.0,
        "Selling And Marketing Expense": 43163000.0,
        "General And Administrative Expense": 34895000.0,
        "Other Gand A": 34895000.0,
        "Gross Profit": 99927000.0,
        "Cost Of Revenue": 91105000.0,
        "Total Revenue": 191032000.0,
        "Operating Revenue": 191032000.0
    },
    "2022-09-30": {
        "Tax Effect Of Unusual Items": 0.0,
        "Tax Rate For Calcs": 0.21,
        "Normalized EBITDA": -30609000.0,
        "Net Income From Continuing Operation Net Minority Interest": -33069000.0,
        "Reconciled Depreciation": 1843000.0,
        "Reconciled Cost Of Revenue": 88014000.0,
        "EBITDA": -30609000.0,
        "EBIT": -32452000.0,
        "Net Interest Income": 1070000.0,
        "Interest Expense": 330000.0,
        "Interest Income": 1400000.0,
        "Normalized Income": -33069000.0,
        "Net Income From Continuing And Discontinued Operation": -33069000.0,
        "Total Expenses": 204876000.0,
        "Total Operating Income As Reported": -35617000.0,
        "Diluted Average Shares": 168604378.0,
        "Basic Average Shares": 168604378.0,
        "Diluted EPS": -0.2,
        "Basic EPS": -0.2,
        "Diluted NI Availto Com Stockholders": -33069000.0,
        "Net Income Common Stockholders": -33069000.0,
        "Net Income": -33069000.0,
        "Net Income Including Noncontrolling Interests": -33069000.0,
        "Net Income Continuous Operations": -33069000.0,
        "Tax Provision": 287000.0,
        "Pretax Income": -32782000.0,
        "Other Income Expense": 1765000.0,
        "Other Non Operating Income Expenses": 1765000.0,
        "Net Non Operating Interest Income Expense": 1070000.0,
        "Interest Expense Non Operating": 330000.0,
        "Interest Income Non Operating": 1400000.0,
        "Operating Income": -35617000.0,
        "Operating Expense": 116862000.0,
        "Depreciation Amortization Depletion Income Statement": 1843000.0,
        "Depreciation And Amortization In Income Statement": 1843000.0,
        "Research And Development": 36178000.0,
        "Selling General And Administration": 78841000.0,
        "Selling And Marketing Expense": 43337000.0,
        "General And Administrative Expense": 35504000.0,
        "Other Gand A": 35504000.0,
        "Gross Profit": 81245000.0,
        "Cost Of Revenue": 88014000.0,
        "Total Revenue": 169259000.0,
        "Operating Revenue": 169259000.0
    },
    "2022-06-30": {
        "Tax Effect Of Unusual Items": 0.0,
        "Tax Rate For Calcs": 0.4,
        "Normalized EBITDA": -35741000.0,
        "Net Income From Continuing Operation Net Minority Interest": -38245000.0,
        "Reconciled Depreciation": 1510000.0,
        "Reconciled Cost Of Revenue": 77681000.0,
        "EBITDA": -35741000.0,
        "EBIT": -37251000.0,
        "Net Interest Income": 107000.0,
        "Interest Expense": 332000.0,
        "Interest Income": 439000.0,
        "Normalized Income": -38245000.0,
        "Net Income From Continuing And Discontinued Operation": -38245000.0,
        "Total Expenses": 196632000.0,
        "Total Operating Income As Reported": -39377000.0,
        "Diluted Average Shares": 166498333.0,
        "Basic Average Shares": 166498333.0,
        "Diluted EPS": -0.23,
        "Basic EPS": -0.23,
        "Diluted NI Availto Com Stockholders": -38245000.0,
        "Net Income Common Stockholders": -38245000.0,
        "Net Income": -38245000.0,
        "Net Income Including Noncontrolling Interests": -38245000.0,
        "Net Income Continuous Operations": -38245000.0,
        "Tax Provision": 662000.0,
        "Pretax Income": -37583000.0,
        "Other Income Expense": 1687000.0,
        "Other Non Operating Income Expenses": 1687000.0,
        "Net Non Operating Interest Income Expense": 107000.0,
        "Interest Expense Non Operating": 332000.0,
        "Interest Income Non Operating": 439000.0,
        "Operating Income": -39377000.0,
        "Operating Expense": 118951000.0,
        "Depreciation Amortization Depletion Income Statement": 1510000.0,
        "Depreciation And Amortization In Income Statement": 1510000.0,
        "Research And Development": 36083000.0,
        "Selling General And Administration": 81358000.0,
        "Selling And Marketing Expense": 43849000.0,
        "General And Administrative Expense": 37509000.0,
        "Other Gand A": 37509000.0,
        "Gross Profit": 79574000.0,
        "Cost Of Revenue": 77681000.0,
        "Total Revenue": 157255000.0,
        "Operating Revenue": 157255000.0
    },
    "2022-03-31": {
        "Diluted EPS": -0.14,
        "Total Revenue": 136,
        "Gross Profit": 66,
        "Operating Income": -23,
        "EBIT": -22,
        "Net Income": -23
    },
    "2021-12-31": {
        "Diluted EPS": 0.17,
        "Total Revenue": 135,
        "Gross Profit": 66,
        "Operating Income": -17,
        "EBIT": -15,
        "Net Income": -17
    },
    "2021-09-30": {
        "Diluted EPS": -0.41,
        "Total Revenue": 121,
        "Gross Profit": 62,
        "Operating Income": -13,
        "EBIT": -11,
        "Net Income": -13
    },
    "2021-06-30": {
        "Diluted EPS": -0.06,
        "Total Revenue": 111,
        "Gross Profit": 53,
        "Operating Income": -2,
        "EBIT": -1,
        "Net Income": -1
    },
    "2021-03-31": {
        "Diluted EPS": -0.34,
        "Total Revenue": 91,
        "Gross Profit": 41,
        "Operating Income": -9,
        "EBIT": -7,
        "Net Income": -8
    },
    "2020-12-31": {
        "Diluted EPS": 0.0,
        "Total Revenue": NaN,
        "Gross Profit": NaN,
        "Operating Income": NaN,
        "EBIT": NaN,
        "Net Income": NaN
    },
    "2020-09-30": {
        "Diluted EPS": -0.11,
        "Total Revenue": 72,
        "Gross Profit": 36,
        "Operating Income": -2,
        "EBIT": -1,
        "Net Income": -2
    },
    "2020-06-30": {
        "Diluted EPS": 0.0,
        "Total Revenue": NaN,
        "Gross Profit": NaN,
        "Operating Income": NaN,
        "EBIT": NaN,
        "Net Income": NaN
    },
    "2019-12-31": {
        "Diluted EPS": 0.0,
        "Total Revenue": NaN,
        "Gross Profit": NaN,
        "Operating Income": NaN,
        "EBIT": NaN,
        "Net Income": NaN
    },
    "2023-06-30": {
        "Tax Effect Of Unusual Items": 0.0,
        "Tax Rate For Calcs": 0.007529,
        "Normalized EBITDA": -15214000.0,
        "Net Income From Continuing Operation Net Minority Interest": -18850000.0,
        "Reconciled Depreciation": 3187000.0,
        "Reconciled Cost Of Revenue": 101670000.0,
        "EBITDA": -15214000.0,
        "EBIT": -18401000.0,
        "Net Interest Income": 776000.0,
        "Interest Expense": 592000.0,
        "Interest Income": 1368000.0,
        "Normalized Income": -18850000.0,
        "Net Income From Continuing And Discontinued Operation": -18850000.0,
        "Total Expenses": 252256000.0,
        "Total Operating Income As Reported": -18223000.0,
        "Diluted Average Shares": 179076496.0,
        "Basic Average Shares": 179076496.0,
        "Diluted EPS": -0.11,
        "Basic EPS": -0.11,
        "Diluted NI Availto Com Stockholders": -18850000.0,
        "Net Income Common Stockholders": -18850000.0,
        "Net Income": -18850000.0,
        "Net Income Including Noncontrolling Interests": -18850000.0,
        "Net Income Continuous Operations": -18850000.0,
        "Tax Provision": -143000.0,
        "Pretax Income": -18993000.0,
        "Other Income Expense": -1546000.0,
        "Other Non Operating Income Expenses": -1546000.0,
        "Net Non Operating Interest Income Expense": 776000.0,
        "Interest Expense Non Operating": 592000.0,
        "Interest Income Non Operating": 1368000.0,
        "Operating Income": -18223000.0,
        "Operating Expense": 150586000.0,
        "Depreciation Amortization Depletion Income Statement": 3187000.0,
        "Depreciation And Amortization In Income Statement": 3187000.0,
        "Research And Development": 54309000.0,
        "Selling General And Administration": 93090000.0,
        "Selling And Marketing Expense": 53600000.0,
        "General And Administrative Expense": 39490000.0,
        "Other Gand A": 39490000.0,
        "Gross Profit": 132363000.0,
        "Cost Of Revenue": 101670000.0,
        "Total Revenue": 234033000.0,
        "Operating Revenue": 234033000.0
    },
    "2023-09-30": {
        "Tax Effect Of Unusual Items": 0.0,
        "Tax Rate For Calcs": 0.21,
        "Normalized EBITDA": -31394000.0,
        "Net Income From Continuing Operation Net Minority Interest": -35655000.0,
        "Reconciled Depreciation": 3418000.0,
        "Reconciled Cost Of Revenue": 106932000.0,
        "EBITDA": -31394000.0,
        "EBIT": -34812000.0,
        "Net Interest Income": 1223000.0,
        "Interest Expense": 585000.0,
        "Interest Income": 1808000.0,
        "Normalized Income": -35655000.0,
        "Net Income From Continuing And Discontinued Operation": -35655000.0,
        "Total Expenses": 278532000.0,
        "Total Operating Income As Reported": -36903000.0,
        "Diluted Average Shares": 182598013.0,
        "Basic Average Shares": 182598013.0,
        "Diluted EPS": -0.2,
        "Basic EPS": -0.2,
        "Diluted NI Availto Com Stockholders": -35655000.0,
        "Net Income Common Stockholders": -35655000.0,
        "Net Income": -35655000.0,
        "Net Income Including Noncontrolling Interests": -35655000.0,
        "Net Income Continuous Operations": -35655000.0,
        "Tax Provision": 258000.0,
        "Pretax Income": -35397000.0,
        "Other Income Expense": 283000.0,
        "Other Non Operating Income Expenses": 283000.0,
        "Net Non Operating Interest Income Expense": 1223000.0,
        "Interest Expense Non Operating": 585000.0,
        "Interest Income Non Operating": 1808000.0,
        "Operating Income": -36903000.0,
        "Operating Expense": 171600000.0,
        "Depreciation Amortization Depletion Income Statement": 3418000.0,
        "Depreciation And Amortization In Income Statement": 3418000.0,
        "Research And Development": 57014000.0,
        "Selling General And Administration": 111168000.0,
        "Selling And Marketing Expense": 61351000.0,
        "General And Administrative Expense": 49817000.0,
        "Other Gand A": 49817000.0,
        "Gross Profit": 134697000.0,
        "Cost Of Revenue": 106932000.0,
        "Total Revenue": 241629000.0,
        "Operating Revenue": 241629000.0
    },
    "2023-12-31": {
        "Tax Effect Of Unusual Items": 0.0,
        "Tax Rate For Calcs": 0.21,
        "Normalized EBITDA": -25334000.0,
        "Net Income From Continuing Operation Net Minority Interest": -35021000.0,
        "Reconciled Depreciation": 3484000.0,
        "Reconciled Cost Of Revenue": 109035000.0,
        "EBITDA": -25334000.0,
        "EBIT": -28818000.0,
        "Net Interest Income": 1461000.0,
        "Interest Expense": 786000.0,
        "Interest Income": 2247000.0,
        "Normalized Income": -35021000.0,
        "Net Income From Continuing And Discontinued Operation": -35021000.0,
        "Total Expenses": 295759000.0,
        "Total Operating Income As Reported": -31001000.0,
        "Diluted Average Shares": 186343078.0,
        "Basic Average Shares": 186343078.0,
        "Diluted EPS": -0.19,
        "Basic EPS": -0.19,
        "Diluted NI Availto Com Stockholders": -35021000.0,
        "Net Income Common Stockholders": -35021000.0,
        "Net Income": -35021000.0,
        "Net Income Including Noncontrolling Interests": -35021000.0,
        "Net Income Continuous Operations": -35021000.0,
        "Tax Provision": 5417000.0,
        "Pretax Income": -29604000.0,
        "Other Income Expense": -64000.0,
        "Other Non Operating Income Expenses": -64000.0,
        "Net Non Operating Interest Income Expense": 1461000.0,
        "Interest Expense Non Operating": 786000.0,
        "Interest Income Non Operating": 2247000.0,
        "Operating Income": -31001000.0,
        "Operating Expense": 186724000.0,
        "Depreciation Amortization Depletion Income Statement": 3484000.0,
        "Depreciation And Amortization In Income Statement": 3484000.0,
        "Research And Development": 59240000.0,
        "Selling General And Administration": 124000000.0,
        "Selling And Marketing Expense": 75343000.0,
        "General And Administrative Expense": 48657000.0,
        "Other Gand A": 48657000.0,
        "Gross Profit": 155723000.0,
        "Cost Of Revenue": 109035000.0,
        "Total Revenue": 264758000.0,
        "Operating Revenue": 264758000.0
    },
    "2024-03-31": {
        "Tax Effect Of Unusual Items": 0.0,
        "Tax Rate For Calcs": 0.21,
        "Normalized EBITDA": -15635000.0,
        "Net Income From Continuing Operation Net Minority Interest": -21080000.0,
        "Reconciled Depreciation": 3678000.0,
        "Reconciled Cost Of Revenue": 110000000.0,
        "EBITDA": -15635000.0,
        "EBIT": -19313000.0,
        "Net Interest Income": 1457000.0,
        "Interest Expense": 769000.0,
        "Interest Income": 2226000.0,
        "Normalized Income": -21080000.0,
        "Net Income From Continuing And Discontinued Operation": -21080000.0,
        "Total Expenses": 289071000.0,
        "Total Operating Income As Reported": -19953000.0,
        "Diluted Average Shares": 189848799.0,
        "Basic Average Shares": 189848799.0,
        "Diluted EPS": -0.11,
        "Basic EPS": -0.11,
        "Diluted NI Availto Com Stockholders": -21080000.0,
        "Net Income Common Stockholders": -21080000.0,
        "Net Income": -21080000.0,
        "Net Income Including Noncontrolling Interests": -21080000.0,
        "Net Income Continuous Operations": -21080000.0,
        "Tax Provision": 998000.0,
        "Pretax Income": -20082000.0,
        "Other Income Expense": -1586000.0,
        "Other Non Operating Income Expenses": -1586000.0,
        "Net Non Operating Interest Income Expense": 1457000.0,
        "Interest Expense Non Operating": 769000.0,
        "Interest Income Non Operating": 2226000.0,
        "Operating Income": -19953000.0,
        "Operating Expense": 179071000.0,
        "Depreciation Amortization Depletion Income Statement": 3678000.0,
        "Depreciation And Amortization In Income Statement": 3678000.0,
        "Research And Development": 63206000.0,
        "Selling General And Administration": 112187000.0,
        "Selling And Marketing Expense": 68014000.0,
        "General And Administrative Expense": 44173000.0,
        "Other Gand A": 44173000.0,
        "Gross Profit": 159118000.0,
        "Cost Of Revenue": 110000000.0,
        "Total Revenue": 269118000.0,
        "Operating Revenue": 269118000.0
    },
    "2024-06-30": {
        "Tax Effect Of Unusual Items": 0.0,
        "Tax Rate For Calcs": 0.21,
        "Normalized EBITDA": -4149000.0,
        "Net Income From Continuing Operation Net Minority Interest": -12091000.0,
        "Reconciled Depreciation": 3907000.0,
        "Reconciled Cost Of Revenue": 127779000.0,
        "EBITDA": -4149000.0,
        "EBIT": -8056000.0,
        "Net Interest Income": 1197000.0,
        "Interest Expense": 745000.0,
        "Interest Income": 1942000.0,
        "Normalized Income": -12091000.0,
        "Net Income From Continuing And Discontinued Operation": -12091000.0,
        "Total Expenses": 322185000.0,
        "Total Operating Income As Reported": -15762000.0,
        "Diluted Average Shares": 193452628.0,
        "Basic Average Shares": 193452628.0,
        "Diluted EPS": -0.06,
        "Basic EPS": -0.06,
        "Diluted NI Availto Com Stockholders": -12091000.0,
        "Net Income Common Stockholders": -12091000.0,
        "Net Income": -12091000.0,
        "Net Income Including Noncontrolling Interests": -12091000.0,
        "Net Income Continuous Operations": -12091000.0,
        "Tax Provision": 3290000.0,
        "Pretax Income": -8801000.0,
        "Other Income Expense": 5764000.0,
        "Other Non Operating Income Expenses": 5764000.0,
        "Net Non Operating Interest Income Expense": 1197000.0,
        "Interest Expense Non Operating": 745000.0,
        "Interest Income Non Operating": 1942000.0,
        "Operating Income": -15762000.0,
        "Operating Expense": 194406000.0,
        "Depreciation Amortization Depletion Income Statement": 3907000.0,
        "Depreciation And Amortization In Income Statement": 3907000.0,
        "Research And Development": 67554000.0,
        "Selling General And Administration": 122945000.0,
        "Selling And Marketing Expense": 77056000.0,
        "General And Administrative Expense": 45889000.0,
        "Other Gand A": 45889000.0,
        "Gross Profit": 178644000.0,
        "Cost Of Revenue": 127779000.0,
        "Total Revenue": 306423000.0,
        "Operating Revenue": 306423000.0
    },
    "2024-09-30": {
        "Tax Effect Of Unusual Items": 0.0,
        "Tax Rate For Calcs": 0.21,
        "Normalized EBITDA": 9481000.0,
        "Net Income From Continuing Operation Net Minority Interest": 1917000.0,
        "Reconciled Depreciation": 4954000.0,
        "Reconciled Cost Of Revenue": 137047000.0,
        "EBITDA": 9481000.0,
        "EBIT": 4527000.0,
        "Net Interest Income": 1305000.0,
        "Interest Expense": 760000.0,
        "Interest Income": 2065000.0,
        "Normalized Income": 1917000.0,
        "Net Income From Continuing And Discontinued Operation": 1917000.0,
        "Total Expenses": 336159000.0,
        "Total Operating Income As Reported": 368000.0,
        "Diluted Average Shares": 205251546.0,
        "Basic Average Shares": 196169417.0,
        "Diluted EPS": 0.01,
        "Basic EPS": 0.01,
        "Diluted NI Availto Com Stockholders": 1917000.0,
        "Net Income Common Stockholders": 1917000.0,
        "Net Income": 1917000.0,
        "Net Income Including Noncontrolling Interests": 1917000.0,
        "Net Income Continuous Operations": 1917000.0,
        "Tax Provision": 1850000.0,
        "Pretax Income": 3767000.0,
        "Other Income Expense": 2094000.0,
        "Other Non Operating Income Expenses": 2094000.0,
        "Net Non Operating Interest Income Expense": 1305000.0,
        "Interest Expense Non Operating": 760000.0,
        "Interest Income Non Operating": 2065000.0,
        "Operating Income": 368000.0,
        "Operating Expense": 198813000.0,
        "Depreciation Amortization Depletion Income Statement": 4655000.0,
        "Depreciation And Amortization In Income Statement": 4655000.0,
        "Research And Development": 68446000.0,
        "Selling General And Administration": 125712000.0,
        "Selling And Marketing Expense": 74792000.0,
        "General And Administrative Expense": 50920000.0,
        "Other Gand A": 50920000.0,
        "Gross Profit": 199181000.0,
        "Cost Of Revenue": 137346000.0,
        "Total Revenue": 336527000.0,
        "Operating Revenue": 336527000.0
    },
    "2024-12-31": {
        "Tax Effect Of Unusual Items": 0.0,
        "Tax Rate For Calcs": 0.21,
        "Normalized EBITDA": 1646000.0,
        "Net Income From Continuing Operation Net Minority Interest": -5724000.0,
        "Reconciled Depreciation": 5814000.0,
        "Reconciled Cost Of Revenue": 140397000.0,
        "EBITDA": 1646000.0,
        "EBIT": -4168000.0,
        "Net Interest Income": 877000.0,
        "Interest Expense": 967000.0,
        "Interest Income": 1844000.0,
        "Normalized Income": -5724000.0,
        "Net Income From Continuing And Discontinued Operation": -5724000.0,
        "Total Expenses": 355634000.0,
        "Total Operating Income As Reported": -3739000.0,
        "Diluted Average Shares": 199049777.0,
        "Basic Average Shares": 199049777.0,
        "Diluted EPS": -0.03,
        "Basic EPS": -0.03,
        "Diluted NI Availto Com Stockholders": -5724000.0,
        "Net Income Common Stockholders": -5724000.0,
        "Net Income": -5724000.0,
        "Net Income Including Noncontrolling Interests": -5724000.0,
        "Net Income Continuous Operations": -5724000.0,
        "Tax Provision": 589000.0,
        "Pretax Income": -5135000.0,
        "Other Income Expense": -2273000.0,
        "Other Non Operating Income Expenses": -2273000.0,
        "Net Non Operating Interest Income Expense": 877000.0,
        "Interest Expense Non Operating": 967000.0,
        "Interest Income Non Operating": 1844000.0,
        "Operating Income": -3739000.0,
        "Operating Expense": 215237000.0,
        "Depreciation Amortization Depletion Income Statement": 5814000.0,
        "Depreciation And Amortization In Income Statement": 5814000.0,
        "Research And Development": 70611000.0,
        "Selling General And Administration": 138812000.0,
        "Selling And Marketing Expense": 83937000.0,
        "General And Administrative Expense": 54875000.0,
        "Other Gand A": 54875000.0,
        "Gross Profit": 211498000.0,
        "Cost Of Revenue": 140397000.0,
        "Total Revenue": 351895000.0,
        "Operating Revenue": 351895000.0
    },
    "2025-03-31": {
        "Tax Effect Of Unusual Items": 0.0,
        "Tax Rate For Calcs": 0.24,
        "Normalized EBITDA": 21637000.0,
        "Net Income From Continuing Operation Net Minority Interest": 11352000.0,
        "Reconciled Depreciation": 5396000.0,
        "Reconciled Cost Of Revenue": 143966000.0,
        "EBITDA": 21637000.0,
        "EBIT": 16241000.0,
        "Net Interest Income": 488000.0,
        "Interest Expense": 1299000.0,
        "Interest Income": 1787000.0,
        "Normalized Income": 11352000.0,
        "Net Income From Continuing And Discontinued Operation": 11352000.0,
        "Total Expenses": 349391000.0,
        "Total Operating Income As Reported": 12233000.0,
        "Diluted Average Shares": 201744601.0,
        "Basic Average Shares": 201744601.0,
        "Diluted EPS": 0.05,
        "Basic EPS": 0.06,
        "Diluted NI Availto Com Stockholders": 11352000.0,
        "Net Income Common Stockholders": 11352000.0,
        "Net Income": 11352000.0,
        "Net Income Including Noncontrolling Interests": 11352000.0,
        "Net Income Continuous Operations": 11352000.0,
        "Tax Provision": 3590000.0,
        "Pretax Income": 14942000.0,
        "Other Income Expense": 2221000.0,
        "Other Non Operating Income Expenses": 2221000.0,
        "Net Non Operating Interest Income Expense": 488000.0,
        "Interest Expense Non Operating": 1299000.0,
        "Interest Income Non Operating": 1787000.0,
        "Operating Income": 12233000.0,
        "Operating Expense": 205425000.0,
        "Depreciation Amortization Depletion Income Statement": 5396000.0,
        "Depreciation And Amortization In Income Statement": 5396000.0,
        "Research And Development": 73851000.0,
        "Selling General And Administration": 126178000.0,
        "Selling And Marketing Expense": 73349000.0,
        "General And Administrative Expense": 52829000.0,
        "Other Gand A": 52829000.0,
        "Gross Profit": 217658000.0,
        "Cost Of Revenue": 143966000.0,
        "Total Revenue": 361624000.0,
        "Operating Revenue": 361624000.0
    },
    "2025-06-30": {
        "Tax Effect Of Unusual Items": 0.0,
        "Tax Rate For Calcs": 0.194,
        "Normalized EBITDA": 16090000.0,
        "Net Income From Continuing Operation Net Minority Interest": 6536000.0,
        "Reconciled Depreciation": 6326000.0,
        "Reconciled Cost Of Revenue": 168830000.0,
        "EBITDA": 16090000.0,
        "EBIT": 9764000.0,
        "Net Interest Income": 411000.0,
        "Interest Expense": 1650000.0,
        "Interest Income": 2061000.0,
        "Normalized Income": 6536000.0,
        "Net Income From Continuing And Discontinued Operation": 6536000.0,
        "Total Expenses": 397209000.0,
        "Total Operating Income As Reported": 14643000.0,
        "Diluted Average Shares": 218977561.0,
        "Basic Average Shares": 204693035.0,
        "Diluted EPS": 0.03,
        "Basic EPS": 0.03,
        "Diluted NI Availto Com Stockholders": 6536000.0,
        "Net Income Common Stockholders": 6536000.0,
        "Net Income": 6536000.0,
        "Net Income Including Noncontrolling Interests": 6536000.0,
        "Net Income Continuous Operations": 6536000.0,
        "Tax Provision": 1578000.0,
        "Pretax Income": 8114000.0,
        "Other Income Expense": -6940000.0,
        "Other Non Operating Income Expenses": -6940000.0,
        "Net Non Operating Interest Income Expense": 411000.0,
        "Interest Expense Non Operating": 1650000.0,
        "Interest Income Non Operating": 2061000.0,
        "Operating Income": 14643000.0,
        "Operating Expense": 228379000.0,
        "Depreciation Amortization Depletion Income Statement": 6326000.0,
        "Depreciation And Amortization In Income Statement": 6326000.0,
        "Research And Development": 77496000.0,
        "Selling General And Administration": 144557000.0,
        "Selling And Marketing Expense": 84976000.0,
        "General And Administrative Expense": 59581000.0,
        "Other Gand A": 59581000.0,
        "Gross Profit": 243022000.0,
        "Cost Of Revenue": 168830000.0,
        "Total Revenue": 411852000.0,
        "Operating Revenue": 411852000.0
    },
    "2025-09-30": {
        "Tax Effect Of Unusual Items": 0.0,
        "Tax Rate For Calcs": 0.289,
        "Normalized EBITDA": 28232000.0,
        "Net Income From Continuing Operation Net Minority Interest": 8829000.0,
        "Reconciled Depreciation": 13693000.0,
        "Reconciled Cost Of Revenue": 165852000.0,
        "EBITDA": 28232000.0,
        "EBIT": 14539000.0,
        "Net Interest Income": -50000.0,
        "Interest Expense": 2116000.0,
        "Interest Income": 2066000.0,
        "Normalized Income": 8829000.0,
        "Net Income From Continuing And Discontinued Operation": 8829000.0,
        "Total Expenses": 407717000.0,
        "Total Operating Income As Reported": 11777000.0,
        "Diluted Average Shares": 217231102.0,
        "Basic Average Shares": 207150067.0,
        "Diluted EPS": 0.04,
        "Basic EPS": 0.04,
        "Diluted NI Availto Com Stockholders": 8829000.0,
        "Net Income Common Stockholders": 8829000.0,
        "Net Income": 8829000.0,
        "Net Income Including Noncontrolling Interests": 8829000.0,
        "Net Income Continuous Operations": 8829000.0,
        "Tax Provision": 3594000.0,
        "Pretax Income": 12423000.0,
        "Other Income Expense": 696000.0,
        "Other Non Operating Income Expenses": 696000.0,
        "Net Non Operating Interest Income Expense": -50000.0,
        "Interest Expense Non Operating": 2116000.0,
        "Interest Income Non Operating": 2066000.0,
        "Operating Income": 11777000.0,
        "Operating Expense": 234606000.0,
        "Depreciation Amortization Depletion Income Statement": 6434000.0,
        "Depreciation And Amortization In Income Statement": 6434000.0,
        "Research And Development": 80421000.0,
        "Selling General And Administration": 147751000.0,
        "Selling And Marketing Expense": 91778000.0,
        "General And Administrative Expense": 55973000.0,
        "Other Gand A": 55973000.0,
        "Gross Profit": 246383000.0,
        "Cost Of Revenue": 173111000.0,
        "Total Revenue": 419494000.0,
        "Operating Revenue": 419494000.0
    }
}