{
    "2023-04-30": {
        "Tax Effect Of Unusual Items": NaN,
        "Tax Rate For Calcs": NaN,
        "Normalized EBITDA": NaN,
        "Total Unusual Items": NaN,
        "Total Unusual Items Excluding Goodwill": NaN,
        "Net Income From Continuing Operation Net Minority Interest": NaN,
        "Reconciled Depreciation": NaN,
        "Reconciled Cost Of Revenue": NaN,
        "EBITDA": NaN,
        "EBIT": NaN,
        "Net Interest Income": NaN,
        "Interest Expense": NaN,
        "Normalized Income": NaN,
        "Net Income From Continuing And Discontinued Operation": NaN,
        "Total Expenses": NaN,
        "Total Operating Income As Reported": NaN,
        "Diluted Average Shares": NaN,
        "Basic Average Shares": NaN,
        "Diluted EPS": NaN,
        "Basic EPS": NaN,
        "Diluted NI Availto Com Stockholders": NaN,
        "Net Income Common Stockholders": NaN,
        "Net Income": NaN,
        "Net Income Including Noncontrolling Interests": NaN,
        "Net Income Continuous Operations": NaN,
        "Tax Provision": NaN,
        "Pretax Income": NaN,
        "Other Income Expense": NaN,
        "Other Non Operating Income Expenses": NaN,
        "Special Income Charges": NaN,
        "Write Off": NaN,
        "Impairment Of Capital Assets": NaN,
        "Restructuring And Mergern Acquisition": NaN,
        "Net Non Operating Interest Income Expense": NaN,
        "Total Other Finance Cost": NaN,
        "Interest Expense Non Operating": NaN,
        "Operating Income": NaN,
        "Operating Expense": NaN,
        "Other Operating Expenses": NaN,
        "Depreciation Amortization Depletion Income Statement": NaN,
        "Depreciation And Amortization In Income Statement": NaN,
        "Depreciation Income Statement": NaN,
        "Research And Development": 13100000.0,
        "Selling General And Administration": NaN,
        "Selling And Marketing Expense": NaN,
        "General And Administrative Expense": NaN,
        "Other Gand A": NaN,
        "Gross Profit": NaN,
        "Cost Of Revenue": NaN,
        "Total Revenue": NaN,
        "Operating Revenue": NaN
    },
    "2023-01-31": {
        "Tax Effect Of Unusual Items": NaN,
        "Tax Rate For Calcs": NaN,
        "Normalized EBITDA": NaN,
        "Total Unusual Items": NaN,
        "Total Unusual Items Excluding Goodwill": NaN,
        "Net Income From Continuing Operation Net Minority Interest": NaN,
        "Reconciled Depreciation": NaN,
        "Reconciled Cost Of Revenue": NaN,
        "EBITDA": NaN,
        "EBIT": NaN,
        "Net Interest Income": NaN,
        "Interest Expense": NaN,
        "Normalized Income": NaN,
        "Net Income From Continuing And Discontinued Operation": NaN,
        "Total Expenses": NaN,
        "Total Operating Income As Reported": NaN,
        "Diluted Average Shares": NaN,
        "Basic Average Shares": NaN,
        "Diluted EPS": NaN,
        "Basic EPS": NaN,
        "Diluted NI Availto Com Stockholders": NaN,
        "Net Income Common Stockholders": NaN,
        "Net Income": NaN,
        "Net Income Including Noncontrolling Interests": NaN,
        "Net Income Continuous Operations": NaN,
        "Tax Provision": NaN,
        "Pretax Income": NaN,
        "Other Income Expense": NaN,
        "Other Non Operating Income Expenses": NaN,
        "Special Income Charges": NaN,
        "Write Off": 1500000.0,
        "Impairment Of Capital Assets": 1500000.0,
        "Restructuring And Mergern Acquisition": NaN,
        "Net Non Operating Interest Income Expense": NaN,
        "Total Other Finance Cost": 8600000.0,
        "Interest Expense Non Operating": NaN,
        "Operating Income": NaN,
        "Operating Expense": NaN,
        "Other Operating Expenses": NaN,
        "Depreciation Amortization Depletion Income Statement": NaN,
        "Depreciation And Amortization In Income Statement": NaN,
        "Depreciation Income Statement": NaN,
        "Research And Development": 12800000.0,
        "Selling General And Administration": NaN,
        "Selling And Marketing Expense": NaN,
        "General And Administrative Expense": NaN,
        "Other Gand A": NaN,
        "Gross Profit": NaN,
        "Cost Of Revenue": NaN,
        "Total Revenue": NaN,
        "Operating Revenue": NaN
    },
    "2022-10-31": {
        "Tax Effect Of Unusual Items": NaN,
        "Tax Rate For Calcs": NaN,
        "Normalized EBITDA": NaN,
        "Total Unusual Items": NaN,
        "Total Unusual Items Excluding Goodwill": NaN,
        "Net Income From Continuing Operation Net Minority Interest": NaN,
        "Reconciled Depreciation": NaN,
        "Reconciled Cost Of Revenue": NaN,
        "EBITDA": NaN,
        "EBIT": NaN,
        "Net Interest Income": NaN,
        "Interest Expense": 9300000.0,
        "Normalized Income": NaN,
        "Net Income From Continuing And Discontinued Operation": NaN,
        "Total Expenses": NaN,
        "Total Operating Income As Reported": NaN,
        "Diluted Average Shares": NaN,
        "Basic Average Shares": NaN,
        "Diluted EPS": NaN,
        "Basic EPS": NaN,
        "Diluted NI Availto Com Stockholders": NaN,
        "Net Income Common Stockholders": NaN,
        "Net Income": NaN,
        "Net Income Including Noncontrolling Interests": NaN,
        "Net Income Continuous Operations": NaN,
        "Tax Provision": NaN,
        "Pretax Income": NaN,
        "Other Income Expense": NaN,
        "Other Non Operating Income Expenses": NaN,
        "Special Income Charges": NaN,
        "Write Off": 3800000.0,
        "Impairment Of Capital Assets": 3800000.0,
        "Restructuring And Mergern Acquisition": NaN,
        "Net Non Operating Interest Income Expense": NaN,
        "Total Other Finance Cost": 9300000.0,
        "Interest Expense Non Operating": 9300000.0,
        "Operating Income": NaN,
        "Operating Expense": NaN,
        "Other Operating Expenses": 23200000.0,
        "Depreciation Amortization Depletion Income Statement": NaN,
        "Depreciation And Amortization In Income Statement": NaN,
        "Depreciation Income Statement": NaN,
        "Research And Development": NaN,
        "Selling General And Administration": NaN,
        "Selling And Marketing Expense": NaN,
        "General And Administrative Expense": NaN,
        "Other Gand A": NaN,
        "Gross Profit": NaN,
        "Cost Of Revenue": NaN,
        "Total Revenue": NaN,
        "Operating Revenue": NaN
    },
    "2022-07-31": {
        "Tax Effect Of Unusual Items": 0.0,
        "Tax Rate For Calcs": 0.0,
        "Normalized EBITDA": -400000.0,
        "Total Unusual Items": NaN,
        "Total Unusual Items Excluding Goodwill": NaN,
        "Net Income From Continuing Operation Net Minority Interest": -33900000.0,
        "Reconciled Depreciation": 25200000.0,
        "EBITDA": -400000.0,
        "EBIT": -25600000.0,
        "Net Interest Income": -9600000.0,
        "Normalized Income": -33900000.0,
        "Net Income From Continuing And Discontinued Operation": -33900000.0,
        "Total Expenses": 102100000.0,
        "Total Operating Income As Reported": -25600000.0,
        "Diluted Average Shares": 64074681.0,
        "Basic Average Shares": 64074681.0,
        "Diluted EPS": -0.53,
        "Basic EPS": -0.53,
        "Diluted NI Availto Com Stockholders": -33900000.0,
        "Net Income Common Stockholders": -33900000.0,
        "Net Income": -33900000.0,
        "Net Income Including Noncontrolling Interests": -33900000.0,
        "Net Income Continuous Operations": -33900000.0,
        "Tax Provision": 0.0,
        "Pretax Income": -33900000.0,
        "Other Income Expense": 1300000.0,
        "Other Non Operating Income Expenses": 1300000.0,
        "Special Income Charges": NaN,
        "Restructuring And Mergern Acquisition": NaN,
        "Net Non Operating Interest Income Expense": -9600000.0,
        "Total Other Finance Cost": 9600000.0,
        "Operating Income": -25600000.0,
        "Operating Expense": 102100000.0,
        "Other Operating Expenses": 23400000.0,
        "Depreciation Amortization Depletion Income Statement": 25200000.0,
        "Depreciation And Amortization In Income Statement": 25200000.0,
        "Depreciation Income Statement": 25200000.0,
        "Research And Development": 14900000.0,
        "Selling General And Administration": 38600000.0,
        "Selling And Marketing Expense": 9000000.0,
        "General And Administrative Expense": 29600000.0,
        "Other Gand A": 29600000.0,
        "Total Revenue": 76500000.0,
        "Operating Revenue": 70000000.0
    },
    "2022-04-30": {
        "Diluted EPS": -0.67,
        "Total Revenue": 67,
        "Gross Profit": 44,
        "Operating Income": -33,
        "EBIT": -16,
        "Net Income": -43
    },
    "2022-01-31": {
        "Diluted EPS": 5.71,
        "Total Revenue": 64,
        "Gross Profit": 44,
        "Operating Income": -30,
        "EBIT": -12,
        "Net Income": -39
    },
    "2021-10-31": {
        "Diluted EPS": -6.72,
        "Total Revenue": 59,
        "Gross Profit": 40,
        "Operating Income": -44,
        "EBIT": -26,
        "Net Income": -88
    },
    "2021-07-31": {
        "Diluted EPS": -3.75,
        "Total Revenue": 47,
        "Gross Profit": 33,
        "Operating Income": -24,
        "EBIT": -7,
        "Net Income": -42
    },
    "2021-04-30": {
        "Diluted EPS": -3.75,
        "Total Revenue": 34,
        "Gross Profit": 25,
        "Operating Income": -28,
        "EBIT": -10,
        "Net Income": -42
    },
    "2021-01-31": {
        "Diluted EPS": 0.0,
        "Total Revenue": NaN,
        "Gross Profit": NaN,
        "Operating Income": NaN,
        "EBIT": NaN,
        "Net Income": NaN
    },
    "2020-10-31": {
        "Diluted EPS": -3.98,
        "Total Revenue": 36,
        "Gross Profit": 25,
        "Operating Income": -32,
        "EBIT": -32,
        "Net Income": -44
    },
    "2020-01-31": {
        "Diluted EPS": 0.0,
        "Total Revenue": NaN,
        "Gross Profit": NaN,
        "Operating Income": NaN,
        "EBIT": NaN,
        "Net Income": NaN
    },
    "2023-07-31": {
        "Tax Effect Of Unusual Items": NaN,
        "Tax Rate For Calcs": NaN,
        "Normalized EBITDA": NaN,
        "Total Unusual Items": NaN,
        "Total Unusual Items Excluding Goodwill": NaN,
        "Net Income From Continuing Operation Net Minority Interest": NaN,
        "Reconciled Depreciation": NaN,
        "Reconciled Cost Of Revenue": NaN,
        "EBITDA": NaN,
        "EBIT": NaN,
        "Net Interest Income": NaN,
        "Interest Expense": NaN,
        "Normalized Income": NaN,
        "Net Income From Continuing And Discontinued Operation": NaN,
        "Total Expenses": NaN,
        "Total Operating Income As Reported": NaN,
        "Diluted Average Shares": NaN,
        "Basic Average Shares": NaN,
        "Diluted EPS": NaN,
        "Basic EPS": NaN,
        "Diluted NI Availto Com Stockholders": NaN,
        "Net Income Common Stockholders": NaN,
        "Net Income": NaN,
        "Net Income Including Noncontrolling Interests": NaN,
        "Net Income Continuous Operations": NaN,
        "Tax Provision": NaN,
        "Pretax Income": NaN,
        "Other Income Expense": NaN,
        "Other Non Operating Income Expenses": NaN,
        "Special Income Charges": NaN,
        "Write Off": NaN,
        "Impairment Of Capital Assets": NaN,
        "Restructuring And Mergern Acquisition": NaN,
        "Net Non Operating Interest Income Expense": NaN,
        "Total Other Finance Cost": NaN,
        "Interest Expense Non Operating": NaN,
        "Operating Income": NaN,
        "Operating Expense": NaN,
        "Other Operating Expenses": NaN,
        "Depreciation Amortization Depletion Income Statement": NaN,
        "Depreciation And Amortization In Income Statement": NaN,
        "Depreciation Income Statement": NaN,
        "Research And Development": 12900000.0,
        "Selling General And Administration": NaN,
        "Selling And Marketing Expense": NaN,
        "General And Administrative Expense": NaN,
        "Other Gand A": NaN,
        "Gross Profit": NaN,
        "Cost Of Revenue": NaN,
        "Total Revenue": NaN,
        "Operating Revenue": NaN
    },
    "2023-10-31": {
        "Tax Effect Of Unusual Items": NaN,
        "Tax Rate For Calcs": NaN,
        "Normalized EBITDA": NaN,
        "Total Unusual Items": NaN,
        "Total Unusual Items Excluding Goodwill": NaN,
        "Net Income From Continuing Operation Net Minority Interest": NaN,
        "Reconciled Depreciation": NaN,
        "Reconciled Cost Of Revenue": NaN,
        "EBITDA": NaN,
        "EBIT": NaN,
        "Net Interest Income": NaN,
        "Interest Expense": 10000000.0,
        "Normalized Income": NaN,
        "Net Income From Continuing And Discontinued Operation": NaN,
        "Total Expenses": NaN,
        "Total Operating Income As Reported": NaN,
        "Diluted Average Shares": NaN,
        "Basic Average Shares": NaN,
        "Diluted EPS": NaN,
        "Basic EPS": NaN,
        "Diluted NI Availto Com Stockholders": NaN,
        "Net Income Common Stockholders": NaN,
        "Net Income": NaN,
        "Net Income Including Noncontrolling Interests": NaN,
        "Net Income Continuous Operations": NaN,
        "Tax Provision": NaN,
        "Pretax Income": NaN,
        "Other Income Expense": NaN,
        "Other Non Operating Income Expenses": NaN,
        "Special Income Charges": NaN,
        "Write Off": 0.0,
        "Impairment Of Capital Assets": 0.0,
        "Restructuring And Mergern Acquisition": NaN,
        "Net Non Operating Interest Income Expense": NaN,
        "Total Other Finance Cost": NaN,
        "Interest Expense Non Operating": 10000000.0,
        "Operating Income": NaN,
        "Operating Expense": NaN,
        "Other Operating Expenses": NaN,
        "Depreciation Amortization Depletion Income Statement": NaN,
        "Depreciation And Amortization In Income Statement": NaN,
        "Depreciation Income Statement": NaN,
        "Research And Development": 12100000.0,
        "Selling General And Administration": NaN,
        "Selling And Marketing Expense": NaN,
        "General And Administrative Expense": NaN,
        "Other Gand A": NaN,
        "Gross Profit": NaN,
        "Cost Of Revenue": NaN,
        "Total Revenue": NaN,
        "Operating Revenue": NaN
    },
    "2024-01-31": {
        "Tax Effect Of Unusual Items": NaN,
        "Tax Rate For Calcs": NaN,
        "Normalized EBITDA": NaN,
        "Total Unusual Items": NaN,
        "Total Unusual Items Excluding Goodwill": NaN,
        "Net Income From Continuing Operation Net Minority Interest": NaN,
        "Reconciled Depreciation": NaN,
        "Reconciled Cost Of Revenue": NaN,
        "EBITDA": NaN,
        "EBIT": NaN,
        "Net Interest Income": NaN,
        "Normalized Income": NaN,
        "Net Income From Continuing And Discontinued Operation": NaN,
        "Total Expenses": NaN,
        "Total Operating Income As Reported": NaN,
        "Diluted Average Shares": NaN,
        "Basic Average Shares": NaN,
        "Diluted EPS": NaN,
        "Basic EPS": NaN,
        "Diluted NI Availto Com Stockholders": NaN,
        "Net Income Common Stockholders": NaN,
        "Net Income": NaN,
        "Net Income Including Noncontrolling Interests": NaN,
        "Net Income Continuous Operations": NaN,
        "Tax Provision": NaN,
        "Pretax Income": NaN,
        "Other Income Expense": NaN,
        "Other Non Operating Income Expenses": NaN,
        "Special Income Charges": NaN,
        "Impairment Of Capital Assets": 1100000.0,
        "Restructuring And Mergern Acquisition": NaN,
        "Net Non Operating Interest Income Expense": NaN,
        "Total Other Finance Cost": NaN,
        "Operating Income": NaN,
        "Operating Expense": NaN,
        "Other Operating Expenses": NaN,
        "Depreciation Amortization Depletion Income Statement": NaN,
        "Depreciation And Amortization In Income Statement": NaN,
        "Depreciation Income Statement": NaN,
        "Research And Development": 11000000.0,
        "Selling General And Administration": NaN,
        "Selling And Marketing Expense": NaN,
        "General And Administrative Expense": NaN,
        "Other Gand A": NaN,
        "Gross Profit": NaN,
        "Cost Of Revenue": NaN,
        "Total Revenue": NaN,
        "Operating Revenue": NaN
    },
    "2024-04-30": {
        "Tax Effect Of Unusual Items": 0.0,
        "Tax Rate For Calcs": 0.0,
        "Normalized EBITDA": 13200000.0,
        "Total Unusual Items": -200000.0,
        "Total Unusual Items Excluding Goodwill": -200000.0,
        "Net Income From Continuing Operation Net Minority Interest": -22000000.0,
        "Reconciled Depreciation": 14600000.0,
        "Reconciled Cost Of Revenue": 35300000.0,
        "EBITDA": 13000000.0,
        "EBIT": -16300000.0,
        "Net Interest Income": -5600000.0,
        "Normalized Income": -21800000.0,
        "Net Income From Continuing And Discontinued Operation": -22000000.0,
        "Total Expenses": 91300000.0,
        "Total Operating Income As Reported": -16500000.0,
        "Diluted Average Shares": 3646202.0,
        "Basic Average Shares": 3646202.0,
        "Diluted EPS": -6.03,
        "Basic EPS": -6.03,
        "Diluted NI Availto Com Stockholders": -22000000.0,
        "Net Income Common Stockholders": -22000000.0,
        "Net Income": -22000000.0,
        "Net Income Including Noncontrolling Interests": -22000000.0,
        "Net Income Continuous Operations": -22000000.0,
        "Tax Provision": 0.0,
        "Pretax Income": -22000000.0,
        "Other Income Expense": -100000.0,
        "Other Non Operating Income Expenses": 100000.0,
        "Special Income Charges": -200000.0,
        "Impairment Of Capital Assets": NaN,
        "Restructuring And Mergern Acquisition": 200000.0,
        "Net Non Operating Interest Income Expense": -5600000.0,
        "Total Other Finance Cost": 5600000.0,
        "Operating Income": -16300000.0,
        "Operating Expense": 70700000.0,
        "Other Operating Expenses": 9600000.0,
        "Depreciation Amortization Depletion Income Statement": 29300000.0,
        "Depreciation And Amortization In Income Statement": 29300000.0,
        "Depreciation Income Statement": 29300000.0,
        "Research And Development": NaN,
        "Selling General And Administration": 31800000.0,
        "Selling And Marketing Expense": 9000000.0,
        "General And Administrative Expense": 22800000.0,
        "Other Gand A": 22800000.0,
        "Gross Profit": 54400000.0,
        "Cost Of Revenue": 20600000.0,
        "Total Revenue": 75000000.0,
        "Operating Revenue": 66100000.0
    },
    "2024-07-31": {
        "Tax Effect Of Unusual Items": 0.0,
        "Tax Rate For Calcs": 0.21,
        "Normalized EBITDA": 19600000.0,
        "Total Unusual Items": 0.0,
        "Total Unusual Items Excluding Goodwill": 0.0,
        "Net Income From Continuing Operation Net Minority Interest": -15600000.0,
        "Reconciled Depreciation": 15300000.0,
        "Reconciled Cost Of Revenue": 34500000.0,
        "EBITDA": 19600000.0,
        "EBIT": -9600000.0,
        "Net Interest Income": -6000000.0,
        "Normalized Income": -15600000.0,
        "Net Income From Continuing And Discontinued Operation": -15600000.0,
        "Total Expenses": 88500000.0,
        "Total Operating Income As Reported": -9600000.0,
        "Diluted Average Shares": 3736953.0,
        "Basic Average Shares": 3736953.0,
        "Diluted EPS": -4.17,
        "Basic EPS": -4.17,
        "Diluted NI Availto Com Stockholders": -15600000.0,
        "Net Income Common Stockholders": -15600000.0,
        "Net Income": -15600000.0,
        "Net Income Including Noncontrolling Interests": -15600000.0,
        "Net Income Continuous Operations": -15600000.0,
        "Tax Provision": 100000.0,
        "Pretax Income": -15500000.0,
        "Other Income Expense": 100000.0,
        "Other Non Operating Income Expenses": 100000.0,
        "Special Income Charges": 0.0,
        "Restructuring And Mergern Acquisition": 0.0,
        "Net Non Operating Interest Income Expense": -6000000.0,
        "Total Other Finance Cost": 6000000.0,
        "Operating Income": -9600000.0,
        "Operating Expense": 67900000.0,
        "Other Operating Expenses": 8700000.0,
        "Depreciation Amortization Depletion Income Statement": 29200000.0,
        "Depreciation And Amortization In Income Statement": 29200000.0,
        "Depreciation Income Statement": 29200000.0,
        "Selling General And Administration": 30000000.0,
        "Selling And Marketing Expense": 7800000.0,
        "General And Administrative Expense": 22200000.0,
        "Other Gand A": 22200000.0,
        "Gross Profit": 58300000.0,
        "Cost Of Revenue": 20600000.0,
        "Total Revenue": 78900000.0,
        "Operating Revenue": 68500000.0
    },
    "2024-10-31": {
        "Tax Effect Of Unusual Items": 0.0,
        "Tax Rate For Calcs": 0.0,
        "Normalized EBITDA": 17500000.0,
        "Total Unusual Items": 0.0,
        "Total Unusual Items Excluding Goodwill": 0.0,
        "Net Income From Continuing Operation Net Minority Interest": -18900000.0,
        "Reconciled Depreciation": 15200000.0,
        "Reconciled Cost Of Revenue": 37400000.0,
        "EBITDA": 17500000.0,
        "EBIT": -13700000.0,
        "Net Interest Income": -6100000.0,
        "Normalized Income": -18900000.0,
        "Net Income From Continuing And Discontinued Operation": -18900000.0,
        "Total Expenses": 89600000.0,
        "Total Operating Income As Reported": -13700000.0,
        "Diluted Average Shares": 4017222.0,
        "Basic Average Shares": 4017222.0,
        "Diluted EPS": -4.7,
        "Basic EPS": -4.7,
        "Diluted NI Availto Com Stockholders": -18900000.0,
        "Net Income Common Stockholders": -18900000.0,
        "Net Income": -18900000.0,
        "Net Income Including Noncontrolling Interests": -18900000.0,
        "Net Income Continuous Operations": -18900000.0,
        "Tax Provision": 0.0,
        "Pretax Income": -18900000.0,
        "Other Income Expense": 900000.0,
        "Other Non Operating Income Expenses": 900000.0,
        "Special Income Charges": 0.0,
        "Other Special Charges": NaN,
        "Restructuring And Mergern Acquisition": 0.0,
        "Net Non Operating Interest Income Expense": -6100000.0,
        "Total Other Finance Cost": 6100000.0,
        "Operating Income": -13700000.0,
        "Operating Expense": 68200000.0,
        "Other Operating Expenses": 8700000.0,
        "Depreciation Amortization Depletion Income Statement": 31200000.0,
        "Depreciation And Amortization In Income Statement": 31200000.0,
        "Depreciation Income Statement": 31200000.0,
        "Selling General And Administration": 28300000.0,
        "Selling And Marketing Expense": 7100000.0,
        "General And Administrative Expense": 21200000.0,
        "Other Gand A": 21200000.0,
        "Gross Profit": 54500000.0,
        "Cost Of Revenue": 21400000.0,
        "Total Revenue": 75900000.0,
        "Operating Revenue": 66300000.0
    },
    "2025-01-31": {
        "Tax Effect Of Unusual Items": 0.0,
        "Tax Rate For Calcs": 0.21,
        "Normalized EBITDA": 22600000.0,
        "Total Unusual Items": 0.0,
        "Total Unusual Items Excluding Goodwill": 0.0,
        "Net Income From Continuing Operation Net Minority Interest": -13400000.0,
        "Reconciled Depreciation": 13600000.0,
        "Reconciled Cost Of Revenue": 36900000.0,
        "EBITDA": 22600000.0,
        "EBIT": -7700000.0,
        "Net Interest Income": -6500000.0,
        "Normalized Income": -13400000.0,
        "Net Income From Continuing And Discontinued Operation": -13400000.0,
        "Total Expenses": 84100000.0,
        "Total Operating Income As Reported": -7700000.0,
        "Diluted Average Shares": 3897238.0,
        "Basic Average Shares": 3897238.0,
        "Diluted EPS": -3.44,
        "Basic EPS": -3.44,
        "Diluted NI Availto Com Stockholders": -13400000.0,
        "Net Income Common Stockholders": -13400000.0,
        "Net Income": -13400000.0,
        "Net Income Including Noncontrolling Interests": -13400000.0,
        "Net Income Continuous Operations": -13400000.0,
        "Tax Provision": 200000.0,
        "Pretax Income": -13200000.0,
        "Other Income Expense": 1000000.0,
        "Other Non Operating Income Expenses": 1000000.0,
        "Special Income Charges": 0.0,
        "Other Special Charges": NaN,
        "Restructuring And Mergern Acquisition": 0.0,
        "Net Non Operating Interest Income Expense": -6500000.0,
        "Total Other Finance Cost": 6500000.0,
        "Operating Income": -7700000.0,
        "Operating Expense": 63900000.0,
        "Other Operating Expenses": 8700000.0,
        "Depreciation Amortization Depletion Income Statement": 30300000.0,
        "Depreciation And Amortization In Income Statement": 30300000.0,
        "Depreciation Income Statement": 30300000.0,
        "Selling General And Administration": 24900000.0,
        "Selling And Marketing Expense": 4300000.0,
        "General And Administrative Expense": 20600000.0,
        "Other Gand A": 20600000.0,
        "Gross Profit": 56200000.0,
        "Cost Of Revenue": 20200000.0,
        "Total Revenue": 76400000.0,
        "Operating Revenue": 64600000.0
    },
    "2025-04-30": {
        "Tax Effect Of Unusual Items": 0.0,
        "Tax Rate For Calcs": 0.21,
        "Normalized EBITDA": 10300000.0,
        "Total Unusual Items": 0.0,
        "Total Unusual Items Excluding Goodwill": 0.0,
        "Net Income From Continuing Operation Net Minority Interest": -26100000.0,
        "Reconciled Depreciation": 13000000.0,
        "Reconciled Cost Of Revenue": 37400000.0,
        "EBITDA": 10300000.0,
        "EBIT": -19700000.0,
        "Net Interest Income": -6300000.0,
        "Normalized Income": -26100000.0,
        "Net Income From Continuing And Discontinued Operation": -26100000.0,
        "Total Expenses": 89300000.0,
        "Total Operating Income As Reported": -19700000.0,
        "Diluted Average Shares": 3967101.0,
        "Basic Average Shares": 3967101.0,
        "Diluted EPS": -6.58,
        "Basic EPS": -6.58,
        "Diluted NI Availto Com Stockholders": -26100000.0,
        "Net Income Common Stockholders": -26100000.0,
        "Net Income": -26100000.0,
        "Net Income Including Noncontrolling Interests": -26100000.0,
        "Net Income Continuous Operations": -26100000.0,
        "Tax Provision": 200000.0,
        "Pretax Income": -25900000.0,
        "Other Income Expense": 100000.0,
        "Other Non Operating Income Expenses": 100000.0,
        "Special Income Charges": 0.0,
        "Other Special Charges": NaN,
        "Restructuring And Mergern Acquisition": 0.0,
        "Net Non Operating Interest Income Expense": -6300000.0,
        "Total Other Finance Cost": 6300000.0,
        "Operating Income": -19700000.0,
        "Operating Expense": 68900000.0,
        "Other Operating Expenses": 9600000.0,
        "Depreciation Amortization Depletion Income Statement": 30000000.0,
        "Depreciation And Amortization In Income Statement": 30000000.0,
        "Depreciation Income Statement": 30000000.0,
        "Selling General And Administration": 29300000.0,
        "Selling And Marketing Expense": 8600000.0,
        "General And Administrative Expense": 20700000.0,
        "Other Gand A": 20700000.0,
        "Gross Profit": 49200000.0,
        "Cost Of Revenue": 20400000.0,
        "Total Revenue": 69600000.0,
        "Operating Revenue": 62000000.0
    },
    "2025-07-31": {
        "Tax Effect Of Unusual Items": 0.0,
        "Tax Rate For Calcs": 0.0,
        "Normalized EBITDA": 16600000.0,
        "Total Unusual Items": 0.0,
        "Total Unusual Items Excluding Goodwill": 0.0,
        "Net Income From Continuing Operation Net Minority Interest": -26400000.0,
        "Reconciled Depreciation": 13900000.0,
        "Reconciled Cost Of Revenue": 45300000.0,
        "EBITDA": 16600000.0,
        "EBIT": -20100000.0,
        "Net Interest Income": -6900000.0,
        "Normalized Income": -26400000.0,
        "Net Income From Continuing And Discontinued Operation": -26400000.0,
        "Total Expenses": 101000000.0,
        "Total Operating Income As Reported": -20100000.0,
        "Diluted Average Shares": 4033571.0,
        "Basic Average Shares": 4033571.0,
        "Diluted EPS": -6.55,
        "Basic EPS": -6.55,
        "Diluted NI Availto Com Stockholders": -26400000.0,
        "Net Income Common Stockholders": -26400000.0,
        "Net Income": -26400000.0,
        "Net Income Including Noncontrolling Interests": -26400000.0,
        "Net Income Continuous Operations": -26400000.0,
        "Tax Provision": 0.0,
        "Pretax Income": -26400000.0,
        "Other Income Expense": 600000.0,
        "Other Non Operating Income Expenses": 600000.0,
        "Special Income Charges": 0.0,
        "Other Special Charges": NaN,
        "Restructuring And Mergern Acquisition": 0.0,
        "Net Non Operating Interest Income Expense": -6900000.0,
        "Total Other Finance Cost": 6900000.0,
        "Operating Income": -20100000.0,
        "Operating Expense": 78500000.0,
        "Other Operating Expenses": 9800000.0,
        "Depreciation Amortization Depletion Income Statement": 36700000.0,
        "Depreciation And Amortization In Income Statement": 36700000.0,
        "Depreciation Income Statement": 36700000.0,
        "Selling General And Administration": 32000000.0,
        "Selling And Marketing Expense": 7400000.0,
        "General And Administrative Expense": 24600000.0,
        "Other Gand A": 24600000.0,
        "Gross Profit": 58400000.0,
        "Cost Of Revenue": 22500000.0,
        "Total Revenue": 80900000.0,
        "Operating Revenue": 69200000.0
    },
    "2025-10-31": {
        "Tax Effect Of Unusual Items": 0.0,
        "Tax Rate For Calcs": 0.0,
        "Normalized EBITDA": -72300000.0,
        "Total Unusual Items": 96300000.0,
        "Total Unusual Items Excluding Goodwill": 96300000.0,
        "Net Income From Continuing Operation Net Minority Interest": 76500000.0,
        "Reconciled Depreciation": 13800000.0,
        "Reconciled Cost Of Revenue": 50400000.0,
        "EBITDA": 24000000.0,
        "EBIT": -16200000.0,
        "Net Interest Income": -7000000.0,
        "Normalized Income": -19800000.0,
        "Net Income From Continuing And Discontinued Operation": 76500000.0,
        "Total Expenses": 103800000.0,
        "Total Operating Income As Reported": -16200000.0,
        "Diluted Average Shares": 5602571.0,
        "Basic Average Shares": 5586257.0,
        "Diluted EPS": 13.65,
        "Basic EPS": 13.69,
        "Diluted NI Availto Com Stockholders": 76500000.0,
        "Net Income Common Stockholders": 76500000.0,
        "Net Income": 76500000.0,
        "Net Income Including Noncontrolling Interests": 76500000.0,
        "Net Income Continuous Operations": 76500000.0,
        "Tax Provision": 0.0,
        "Pretax Income": 76500000.0,
        "Other Income Expense": 99700000.0,
        "Other Non Operating Income Expenses": 3400000.0,
        "Special Income Charges": 96300000.0,
        "Other Special Charges": -96300000.0,
        "Restructuring And Mergern Acquisition": 0.0,
        "Net Non Operating Interest Income Expense": -7000000.0,
        "Total Other Finance Cost": 7000000.0,
        "Operating Income": -16200000.0,
        "Operating Expense": 79800000.0,
        "Other Operating Expenses": 10500000.0,
        "Depreciation Amortization Depletion Income Statement": 40200000.0,
        "Depreciation And Amortization In Income Statement": 40200000.0,
        "Depreciation Income Statement": 40200000.0,
        "Selling General And Administration": 29100000.0,
        "Selling And Marketing Expense": 6400000.0,
        "General And Administrative Expense": 22700000.0,
        "Other Gand A": 22700000.0,
        "Gross Profit": 63600000.0,
        "Cost Of Revenue": 24000000.0,
        "Total Revenue": 87600000.0,
        "Operating Revenue": 77000000.0
    }
}