{
    "2023-03-31": {
        "Tax Effect Of Unusual Items": NaN,
        "Tax Rate For Calcs": NaN,
        "Normalized EBITDA": NaN,
        "Total Unusual Items": 0.0,
        "Total Unusual Items Excluding Goodwill": 0.0,
        "Net Income From Continuing Operation Net Minority Interest": NaN,
        "Reconciled Cost Of Revenue": NaN,
        "EBITDA": NaN,
        "EBIT": NaN,
        "Net Interest Income": NaN,
        "Interest Expense": NaN,
        "Interest Income": NaN,
        "Normalized Income": NaN,
        "Net Income From Continuing And Discontinued Operation": NaN,
        "Total Expenses": NaN,
        "Total Operating Income As Reported": NaN,
        "Diluted Average Shares": NaN,
        "Basic Average Shares": NaN,
        "Diluted EPS": NaN,
        "Basic EPS": NaN,
        "Diluted NI Availto Com Stockholders": NaN,
        "Net Income Common Stockholders": NaN,
        "Net Income": NaN,
        "Net Income Including Noncontrolling Interests": NaN,
        "Net Income Continuous Operations": NaN,
        "Earnings From Equity Interest Net Of Tax": NaN,
        "Tax Provision": NaN,
        "Pretax Income": NaN,
        "Other Income Expense": NaN,
        "Other Non Operating Income Expenses": NaN,
        "Special Income Charges": 0.0,
        "Impairment Of Capital Assets": 0.0,
        "Net Non Operating Interest Income Expense": NaN,
        "Interest Expense Non Operating": NaN,
        "Interest Income Non Operating": NaN,
        "Operating Income": NaN,
        "Operating Expense": NaN,
        "Other Operating Expenses": NaN,
        "Research And Development": NaN,
        "Selling General And Administration": NaN,
        "Selling And Marketing Expense": NaN,
        "General And Administrative Expense": NaN,
        "Other Gand A": NaN,
        "Salaries And Wages": 28310000.0,
        "Gross Profit": NaN,
        "Cost Of Revenue": NaN,
        "Total Revenue": NaN,
        "Operating Revenue": NaN
    },
    "2022-12-31": {
        "Tax Effect Of Unusual Items": NaN,
        "Tax Rate For Calcs": NaN,
        "Normalized EBITDA": NaN,
        "Total Unusual Items": -1819926000.0,
        "Total Unusual Items Excluding Goodwill": -1819926000.0,
        "Net Income From Continuing Operation Net Minority Interest": NaN,
        "Reconciled Cost Of Revenue": NaN,
        "EBITDA": NaN,
        "EBIT": NaN,
        "Net Interest Income": NaN,
        "Interest Expense": NaN,
        "Interest Income": NaN,
        "Normalized Income": NaN,
        "Net Income From Continuing And Discontinued Operation": NaN,
        "Total Expenses": NaN,
        "Total Operating Income As Reported": NaN,
        "Diluted Average Shares": NaN,
        "Basic Average Shares": NaN,
        "Diluted EPS": NaN,
        "Basic EPS": NaN,
        "Diluted NI Availto Com Stockholders": NaN,
        "Net Income Common Stockholders": NaN,
        "Otherunder Preferred Stock Dividend": 0.0,
        "Net Income": NaN,
        "Net Income Including Noncontrolling Interests": NaN,
        "Net Income Continuous Operations": NaN,
        "Earnings From Equity Interest Net Of Tax": NaN,
        "Tax Provision": NaN,
        "Pretax Income": NaN,
        "Other Income Expense": NaN,
        "Other Non Operating Income Expenses": NaN,
        "Special Income Charges": -1819926000.0,
        "Impairment Of Capital Assets": 1819926000.0,
        "Net Non Operating Interest Income Expense": NaN,
        "Interest Expense Non Operating": NaN,
        "Interest Income Non Operating": NaN,
        "Operating Income": NaN,
        "Operating Expense": NaN,
        "Other Operating Expenses": NaN,
        "Research And Development": NaN,
        "Selling General And Administration": NaN,
        "Selling And Marketing Expense": NaN,
        "General And Administrative Expense": NaN,
        "Other Gand A": NaN,
        "Salaries And Wages": 49630000.0,
        "Gross Profit": NaN,
        "Cost Of Revenue": NaN,
        "Total Revenue": NaN,
        "Operating Revenue": NaN
    },
    "2022-09-30": {
        "Tax Effect Of Unusual Items": NaN,
        "Tax Rate For Calcs": NaN,
        "Normalized EBITDA": NaN,
        "Total Unusual Items": NaN,
        "Total Unusual Items Excluding Goodwill": NaN,
        "Net Income From Continuing Operation Net Minority Interest": NaN,
        "Reconciled Cost Of Revenue": NaN,
        "EBITDA": NaN,
        "EBIT": NaN,
        "Net Interest Income": NaN,
        "Interest Expense": NaN,
        "Interest Income": NaN,
        "Normalized Income": NaN,
        "Net Income From Continuing And Discontinued Operation": NaN,
        "Total Expenses": NaN,
        "Total Operating Income As Reported": NaN,
        "Diluted Average Shares": NaN,
        "Basic Average Shares": NaN,
        "Diluted EPS": NaN,
        "Basic EPS": NaN,
        "Diluted NI Availto Com Stockholders": NaN,
        "Net Income Common Stockholders": NaN,
        "Otherunder Preferred Stock Dividend": 0.0,
        "Net Income": NaN,
        "Net Income Including Noncontrolling Interests": NaN,
        "Net Income Continuous Operations": NaN,
        "Earnings From Equity Interest Net Of Tax": NaN,
        "Tax Provision": NaN,
        "Pretax Income": NaN,
        "Other Income Expense": NaN,
        "Other Non Operating Income Expenses": NaN,
        "Special Income Charges": NaN,
        "Impairment Of Capital Assets": NaN,
        "Net Non Operating Interest Income Expense": NaN,
        "Interest Expense Non Operating": NaN,
        "Interest Income Non Operating": NaN,
        "Operating Income": NaN,
        "Operating Expense": NaN,
        "Other Operating Expenses": NaN,
        "Research And Development": NaN,
        "Selling General And Administration": NaN,
        "Selling And Marketing Expense": NaN,
        "General And Administrative Expense": NaN,
        "Other Gand A": NaN,
        "Salaries And Wages": NaN,
        "Gross Profit": NaN,
        "Cost Of Revenue": NaN,
        "Total Revenue": NaN,
        "Operating Revenue": NaN
    },
    "2022-06-30": {
        "Tax Effect Of Unusual Items": 0.0,
        "Tax Rate For Calcs": 0.102066,
        "Normalized EBITDA": -133435000.0,
        "Total Unusual Items": NaN,
        "Total Unusual Items Excluding Goodwill": NaN,
        "Net Income From Continuing Operation Net Minority Interest": -125250000.0,
        "Reconciled Cost Of Revenue": 1653834000.0,
        "EBITDA": -133435000.0,
        "EBIT": -133435000.0,
        "Net Interest Income": -463000.0,
        "Interest Expense": 2516000.0,
        "Interest Income": 2053000.0,
        "Normalized Income": -125250000.0,
        "Net Income From Continuing And Discontinued Operation": -125250000.0,
        "Total Expenses": 2313946000.0,
        "Total Operating Income As Reported": -168227000.0,
        "Diluted Average Shares": 244695170.0,
        "Basic Average Shares": 244695170.0,
        "Diluted EPS": -0.5148,
        "Basic EPS": -0.5148,
        "Diluted NI Availto Com Stockholders": -125250000.0,
        "Net Income Common Stockholders": -125250000.0,
        "Otherunder Preferred Stock Dividend": 0.0,
        "Net Income": -125250000.0,
        "Net Income Including Noncontrolling Interests": -125250000.0,
        "Net Income Continuous Operations": -125250000.0,
        "Earnings From Equity Interest Net Of Tax": -3175000.0,
        "Tax Provision": -13876000.0,
        "Pretax Income": -135951000.0,
        "Other Income Expense": 32739000.0,
        "Other Non Operating Income Expenses": 32739000.0,
        "Special Income Charges": NaN,
        "Impairment Of Capital Assets": NaN,
        "Net Non Operating Interest Income Expense": -463000.0,
        "Interest Expense Non Operating": 2516000.0,
        "Interest Income Non Operating": 2053000.0,
        "Operating Income": -168227000.0,
        "Operating Expense": 660112000.0,
        "Other Operating Expenses": -13447000.0,
        "Research And Development": 59726000.0,
        "Selling General And Administration": 613833000.0,
        "Selling And Marketing Expense": 293405000.0,
        "General And Administrative Expense": 320428000.0,
        "Other Gand A": 320428000.0,
        "Salaries And Wages": NaN,
        "Gross Profit": 491885000.0,
        "Cost Of Revenue": 1653834000.0,
        "Total Revenue": 2145719000.0,
        "Operating Revenue": 2145719000.0
    },
    "2022-03-31": {
        "Diluted EPS": -0.11,
        "Total Revenue": 348,
        "Gross Profit": 89,
        "Operating Income": -21,
        "EBIT": -21,
        "Net Income": -25
    },
    "2021-12-31": {
        "Diluted EPS": 3.33,
        "Total Revenue": 393,
        "Gross Profit": 103,
        "Operating Income": -21,
        "EBIT": -21,
        "Net Income": -18
    },
    "2021-09-30": {
        "Diluted EPS": -0.08,
        "Total Revenue": 305,
        "Gross Profit": 80,
        "Operating Income": -23,
        "EBIT": -23,
        "Net Income": -19
    },
    "2021-06-30": {
        "Diluted EPS": -1.39,
        "Total Revenue": 289,
        "Gross Profit": 73,
        "Operating Income": -79,
        "EBIT": -79,
        "Net Income": -78
    },
    "2021-03-31": {
        "Diluted EPS": -3.31,
        "Total Revenue": 234,
        "Gross Profit": 65,
        "Operating Income": -17,
        "EBIT": -4,
        "Net Income": -93
    },
    "2020-12-31": {
        "Diluted EPS": 0.0,
        "Total Revenue": NaN,
        "Gross Profit": NaN,
        "Operating Income": NaN,
        "EBIT": NaN,
        "Net Income": NaN
    },
    "2023-06-30": {
        "Tax Effect Of Unusual Items": NaN,
        "Tax Rate For Calcs": NaN,
        "Normalized EBITDA": NaN,
        "Net Income From Continuing Operation Net Minority Interest": NaN,
        "Reconciled Cost Of Revenue": NaN,
        "EBITDA": NaN,
        "EBIT": NaN,
        "Net Interest Income": NaN,
        "Interest Expense": NaN,
        "Interest Income": NaN,
        "Normalized Income": NaN,
        "Net Income From Continuing And Discontinued Operation": NaN,
        "Total Expenses": NaN,
        "Total Operating Income As Reported": NaN,
        "Diluted Average Shares": NaN,
        "Basic Average Shares": NaN,
        "Diluted EPS": NaN,
        "Basic EPS": NaN,
        "Diluted NI Availto Com Stockholders": NaN,
        "Net Income Common Stockholders": NaN,
        "Net Income": NaN,
        "Net Income Including Noncontrolling Interests": NaN,
        "Net Income Continuous Operations": NaN,
        "Earnings From Equity Interest Net Of Tax": NaN,
        "Tax Provision": NaN,
        "Pretax Income": NaN,
        "Other Income Expense": NaN,
        "Other Non Operating Income Expenses": NaN,
        "Net Non Operating Interest Income Expense": NaN,
        "Interest Expense Non Operating": NaN,
        "Interest Income Non Operating": NaN,
        "Operating Income": NaN,
        "Operating Expense": NaN,
        "Other Operating Expenses": NaN,
        "Research And Development": NaN,
        "Selling General And Administration": NaN,
        "Selling And Marketing Expense": NaN,
        "General And Administrative Expense": NaN,
        "Other Gand A": NaN,
        "Salaries And Wages": 29282000.0,
        "Gross Profit": NaN,
        "Cost Of Revenue": NaN,
        "Total Revenue": NaN,
        "Operating Revenue": NaN
    },
    "2023-09-30": {
        "Tax Effect Of Unusual Items": NaN,
        "Tax Rate For Calcs": NaN,
        "Normalized EBITDA": NaN,
        "Net Income From Continuing Operation Net Minority Interest": NaN,
        "Reconciled Cost Of Revenue": NaN,
        "EBITDA": NaN,
        "EBIT": NaN,
        "Net Interest Income": NaN,
        "Interest Expense": NaN,
        "Interest Income": NaN,
        "Normalized Income": NaN,
        "Net Income From Continuing And Discontinued Operation": NaN,
        "Total Expenses": NaN,
        "Total Operating Income As Reported": NaN,
        "Diluted Average Shares": 244453005.0,
        "Basic Average Shares": 244453005.0,
        "Diluted EPS": -0.1782,
        "Basic EPS": -0.1782,
        "Diluted NI Availto Com Stockholders": NaN,
        "Net Income Common Stockholders": NaN,
        "Net Income": NaN,
        "Net Income Including Noncontrolling Interests": NaN,
        "Net Income Continuous Operations": NaN,
        "Earnings From Equity Interest Net Of Tax": NaN,
        "Tax Provision": NaN,
        "Pretax Income": NaN,
        "Other Income Expense": NaN,
        "Other Non Operating Income Expenses": NaN,
        "Net Non Operating Interest Income Expense": NaN,
        "Interest Expense Non Operating": NaN,
        "Interest Income Non Operating": NaN,
        "Operating Income": NaN,
        "Operating Expense": NaN,
        "Other Operating Expenses": NaN,
        "Research And Development": NaN,
        "Selling General And Administration": NaN,
        "Selling And Marketing Expense": NaN,
        "General And Administrative Expense": NaN,
        "Other Gand A": NaN,
        "Gross Profit": NaN,
        "Cost Of Revenue": NaN,
        "Total Revenue": NaN,
        "Operating Revenue": NaN
    },
    "2023-12-31": {
        "Tax Effect Of Unusual Items": 0.0,
        "Tax Rate For Calcs": 0.25,
        "Normalized EBITDA": -2662000.0,
        "Net Income From Continuing Operation Net Minority Interest": 2778000.0,
        "Reconciled Cost Of Revenue": 3149968000.0,
        "EBITDA": -2662000.0,
        "EBIT": -2662000.0,
        "Net Interest Income": 11659000.0,
        "Interest Expense": 1558000.0,
        "Interest Income": 13217000.0,
        "Normalized Income": 2778000.0,
        "Net Income From Continuing And Discontinued Operation": 2778000.0,
        "Total Expenses": 3890283000.0,
        "Total Operating Income As Reported": -16711000.0,
        "Diluted Average Shares": 243584224.0,
        "Basic Average Shares": 243584224.0,
        "Diluted EPS": 0.0132,
        "Basic EPS": 0.0132,
        "Diluted NI Availto Com Stockholders": 2778000.0,
        "Net Income Common Stockholders": 2778000.0,
        "Net Income": 2778000.0,
        "Net Income Including Noncontrolling Interests": 2778000.0,
        "Net Income Continuous Operations": 2778000.0,
        "Earnings From Equity Interest Net Of Tax": -1925000.0,
        "Tax Provision": -8923000.0,
        "Pretax Income": -4220000.0,
        "Other Income Expense": 832000.0,
        "Other Non Operating Income Expenses": 832000.0,
        "Net Non Operating Interest Income Expense": 11659000.0,
        "Interest Expense Non Operating": 1558000.0,
        "Interest Income Non Operating": 13217000.0,
        "Operating Income": -16711000.0,
        "Operating Expense": 740315000.0,
        "Other Operating Expenses": 297329000.0,
        "Research And Development": 63774000.0,
        "Selling General And Administration": 379212000.0,
        "Selling And Marketing Expense": 317025000.0,
        "General And Administrative Expense": 62187000.0,
        "Other Gand A": 62187000.0,
        "Gross Profit": 723604000.0,
        "Cost Of Revenue": 3149968000.0,
        "Total Revenue": 3873572000.0,
        "Operating Revenue": 3873572000.0
    },
    "2024-03-31": {
        "Tax Effect Of Unusual Items": 0.0,
        "Tax Rate For Calcs": 0.122214,
        "Normalized EBITDA": -78230000.0,
        "Net Income From Continuing Operation Net Minority Interest": -92863000.0,
        "Reconciled Cost Of Revenue": 2947815000.0,
        "EBITDA": -78230000.0,
        "EBIT": -78230000.0,
        "Net Interest Income": 2615000.0,
        "Interest Expense": 3978000.0,
        "Interest Income": 6593000.0,
        "Normalized Income": -92863000.0,
        "Net Income From Continuing And Discontinued Operation": -92863000.0,
        "Total Expenses": 3694522000.0,
        "Total Operating Income As Reported": -43386000.0,
        "Diluted Average Shares": 244667047.0,
        "Basic Average Shares": 244667047.0,
        "Diluted EPS": -0.3828,
        "Basic EPS": -0.3828,
        "Diluted NI Availto Com Stockholders": -92863000.0,
        "Net Income Common Stockholders": -92863000.0,
        "Net Income": -92863000.0,
        "Net Income Including Noncontrolling Interests": -92863000.0,
        "Net Income Continuous Operations": -92863000.0,
        "Earnings From Equity Interest Net Of Tax": -20702000.0,
        "Tax Provision": -10047000.0,
        "Pretax Income": -82208000.0,
        "Other Income Expense": -41437000.0,
        "Other Non Operating Income Expenses": -41437000.0,
        "Net Non Operating Interest Income Expense": 2615000.0,
        "Interest Expense Non Operating": 3978000.0,
        "Interest Income Non Operating": 6593000.0,
        "Operating Income": -43386000.0,
        "Operating Expense": 746707000.0,
        "Other Operating Expenses": 301362000.0,
        "Research And Development": 50183000.0,
        "Selling General And Administration": 395162000.0,
        "Selling And Marketing Expense": 321337000.0,
        "General And Administrative Expense": 73825000.0,
        "Other Gand A": 73825000.0,
        "Gross Profit": 703321000.0,
        "Cost Of Revenue": 2947815000.0,
        "Total Revenue": 3651136000.0,
        "Operating Revenue": 3651136000.0
    },
    "2024-06-30": {
        "Tax Effect Of Unusual Items": 0.0,
        "Tax Rate For Calcs": 0.25,
        "Normalized EBITDA": -217000.0,
        "Net Income From Continuing Operation Net Minority Interest": -10673000.0,
        "Reconciled Cost Of Revenue": 2990642000.0,
        "EBITDA": -217000.0,
        "EBIT": -217000.0,
        "Net Interest Income": 593000.0,
        "Interest Expense": 4739000.0,
        "Interest Income": 5332000.0,
        "Normalized Income": -10673000.0,
        "Net Income From Continuing And Discontinued Operation": -10673000.0,
        "Total Expenses": 3782337000.0,
        "Total Operating Income As Reported": -5634000.0,
        "Diluted Average Shares": 252448512.0,
        "Basic Average Shares": 252448512.0,
        "Diluted EPS": -0.0396,
        "Basic EPS": -0.0396,
        "Diluted NI Availto Com Stockholders": -10673000.0,
        "Net Income Common Stockholders": -10673000.0,
        "Net Income": -10673000.0,
        "Net Income Including Noncontrolling Interests": -10673000.0,
        "Net Income Continuous Operations": -10673000.0,
        "Earnings From Equity Interest Net Of Tax": -14257000.0,
        "Tax Provision": -8540000.0,
        "Pretax Income": -4956000.0,
        "Other Income Expense": 85000.0,
        "Other Non Operating Income Expenses": 85000.0,
        "Net Non Operating Interest Income Expense": 593000.0,
        "Interest Expense Non Operating": 4739000.0,
        "Interest Income Non Operating": 5332000.0,
        "Operating Income": -5634000.0,
        "Operating Expense": 791695000.0,
        "Other Operating Expenses": 315362000.0,
        "Research And Development": 49812000.0,
        "Selling General And Administration": 426521000.0,
        "Selling And Marketing Expense": 353977000.0,
        "General And Administrative Expense": 72544000.0,
        "Other Gand A": 72544000.0,
        "Gross Profit": 786061000.0,
        "Cost Of Revenue": 2990642000.0,
        "Total Revenue": 3776703000.0,
        "Operating Revenue": 3776703000.0
    },
    "2024-09-30": {
        "Tax Effect Of Unusual Items": 0.0,
        "Tax Rate For Calcs": 0.25,
        "Normalized EBITDA": 33618000.0,
        "Net Income From Continuing Operation Net Minority Interest": 17883000.0,
        "Reconciled Cost Of Revenue": 3242843000.0,
        "EBITDA": 33618000.0,
        "EBIT": 33618000.0,
        "Net Interest Income": 5071000.0,
        "Interest Expense": 3615000.0,
        "Interest Income": 8686000.0,
        "Normalized Income": 17883000.0,
        "Net Income From Continuing And Discontinued Operation": 17883000.0,
        "Total Expenses": 4026353000.0,
        "Total Operating Income As Reported": 24885000.0,
        "Diluted Average Shares": 248876848.0,
        "Basic Average Shares": 244554203.0,
        "Diluted EPS": 0.0726,
        "Basic EPS": 0.0726,
        "Diluted NI Availto Com Stockholders": 17883000.0,
        "Net Income Common Stockholders": 17883000.0,
        "Net Income": 17883000.0,
        "Net Income Including Noncontrolling Interests": 17883000.0,
        "Net Income Continuous Operations": 17883000.0,
        "Earnings From Equity Interest Net Of Tax": -18069000.0,
        "Tax Provision": -5949000.0,
        "Pretax Income": 30003000.0,
        "Other Income Expense": 47000.0,
        "Other Non Operating Income Expenses": 47000.0,
        "Net Non Operating Interest Income Expense": 5071000.0,
        "Interest Expense Non Operating": 3615000.0,
        "Interest Income Non Operating": 8686000.0,
        "Operating Income": 24885000.0,
        "Operating Expense": 783510000.0,
        "Other Operating Expenses": 345519000.0,
        "Research And Development": 53396000.0,
        "Selling General And Administration": 384595000.0,
        "Selling And Marketing Expense": 315293000.0,
        "General And Administrative Expense": 69302000.0,
        "Other Gand A": 69302000.0,
        "Gross Profit": 808395000.0,
        "Cost Of Revenue": 3242843000.0,
        "Total Revenue": 4051238000.0,
        "Operating Revenue": 4051238000.0
    },
    "2024-12-31": {
        "Tax Effect Of Unusual Items": 0.0,
        "Tax Rate For Calcs": 0.25,
        "Normalized EBITDA": 59403000.0,
        "Net Income From Continuing Operation Net Minority Interest": 77424000.0,
        "Reconciled Cost Of Revenue": 3905118000.0,
        "EBITDA": 59403000.0,
        "EBIT": 59403000.0,
        "Net Interest Income": 3566000.0,
        "Interest Expense": 2684000.0,
        "Interest Income": 6250000.0,
        "Normalized Income": 77424000.0,
        "Net Income From Continuing And Discontinued Operation": 77424000.0,
        "Total Expenses": 4796219000.0,
        "Total Operating Income As Reported": 53104000.0,
        "Diluted Average Shares": 246037036.0,
        "Basic Average Shares": 243106661.0,
        "Diluted EPS": 0.3168,
        "Basic EPS": 0.3168,
        "Diluted NI Availto Com Stockholders": 77424000.0,
        "Net Income Common Stockholders": 77424000.0,
        "Net Income": 77424000.0,
        "Net Income Including Noncontrolling Interests": 77424000.0,
        "Net Income Continuous Operations": 77424000.0,
        "Earnings From Equity Interest Net Of Tax": -11636000.0,
        "Tax Provision": -32341000.0,
        "Pretax Income": 56719000.0,
        "Other Income Expense": 49000.0,
        "Other Non Operating Income Expenses": 49000.0,
        "Net Non Operating Interest Income Expense": 3566000.0,
        "Interest Expense Non Operating": 2684000.0,
        "Interest Income Non Operating": 6250000.0,
        "Operating Income": 53104000.0,
        "Operating Expense": 891101000.0,
        "Other Operating Expenses": 366596000.0,
        "Research And Development": 56973000.0,
        "Selling General And Administration": 467532000.0,
        "Selling And Marketing Expense": 376421000.0,
        "General And Administrative Expense": 91111000.0,
        "Other Gand A": 91111000.0,
        "Gross Profit": 944205000.0,
        "Cost Of Revenue": 3905118000.0,
        "Total Revenue": 4849323000.0,
        "Operating Revenue": 4849323000.0
    },
    "2025-03-31": {
        "Tax Effect Of Unusual Items": 0.0,
        "Tax Rate For Calcs": 0.25,
        "Normalized EBITDA": 59403000.0,
        "Net Income From Continuing Operation Net Minority Interest": 77424000.0,
        "Reconciled Cost Of Revenue": 3905118000.0,
        "EBITDA": 59403000.0,
        "EBIT": 59403000.0,
        "Net Interest Income": 3566000.0,
        "Interest Expense": 2684000.0,
        "Interest Income": 6250000.0,
        "Normalized Income": 77424000.0,
        "Net Income From Continuing And Discontinued Operation": 77424000.0,
        "Total Expenses": 4796219000.0,
        "Total Operating Income As Reported": 53104000.0,
        "Diluted Average Shares": 246037036.0,
        "Basic Average Shares": 243106661.0,
        "Diluted EPS": 0.3168,
        "Basic EPS": 0.3168,
        "Diluted NI Availto Com Stockholders": 77424000.0,
        "Net Income Common Stockholders": 77424000.0,
        "Net Income": 77424000.0,
        "Net Income Including Noncontrolling Interests": 77424000.0,
        "Net Income Continuous Operations": 77424000.0,
        "Earnings From Equity Interest Net Of Tax": -11636000.0,
        "Tax Provision": -32341000.0,
        "Pretax Income": 56719000.0,
        "Other Income Expense": 49000.0,
        "Other Non Operating Income Expenses": 49000.0,
        "Net Non Operating Interest Income Expense": 3566000.0,
        "Interest Expense Non Operating": 2684000.0,
        "Interest Income Non Operating": 6250000.0,
        "Operating Income": 53104000.0,
        "Operating Expense": 891101000.0,
        "Other Operating Expenses": 366596000.0,
        "Research And Development": 56973000.0,
        "Selling General And Administration": 467532000.0,
        "Selling And Marketing Expense": 376421000.0,
        "General And Administrative Expense": 91111000.0,
        "Other Gand A": 91111000.0,
        "Gross Profit": 944205000.0,
        "Cost Of Revenue": 3905118000.0,
        "Total Revenue": 4849323000.0,
        "Operating Revenue": 4849323000.0
    },
    "2025-06-30": {
        "Tax Effect Of Unusual Items": 0.0,
        "Tax Rate For Calcs": 0.173683,
        "Normalized EBITDA": 101419000.0,
        "Net Income From Continuing Operation Net Minority Interest": 72336000.0,
        "Reconciled Cost Of Revenue": 3957556000.0,
        "EBITDA": 101419000.0,
        "EBIT": 101419000.0,
        "Net Interest Income": 3837000.0,
        "Interest Expense": 1743000.0,
        "Interest Income": 5580000.0,
        "Normalized Income": 72336000.0,
        "Net Income From Continuing And Discontinued Operation": 72336000.0,
        "Total Expenses": 4900396000.0,
        "Total Operating Income As Reported": 91069000.0,
        "Diluted Average Shares": 246322158.0,
        "Basic Average Shares": 244676586.0,
        "Diluted EPS": 0.2904,
        "Basic EPS": 0.297,
        "Diluted NI Availto Com Stockholders": 72336000.0,
        "Net Income Common Stockholders": 72336000.0,
        "Net Income": 72336000.0,
        "Net Income Including Noncontrolling Interests": 72336000.0,
        "Net Income Continuous Operations": 72336000.0,
        "Earnings From Equity Interest Net Of Tax": -10028000.0,
        "Tax Provision": 17312000.0,
        "Pretax Income": 99676000.0,
        "Other Income Expense": 4770000.0,
        "Other Non Operating Income Expenses": 4770000.0,
        "Net Non Operating Interest Income Expense": 3837000.0,
        "Interest Expense Non Operating": 1743000.0,
        "Interest Income Non Operating": 5580000.0,
        "Operating Income": 91069000.0,
        "Operating Expense": 942840000.0,
        "Other Operating Expenses": 395982000.0,
        "Research And Development": 62467000.0,
        "Selling General And Administration": 484391000.0,
        "Selling And Marketing Expense": 406870000.0,
        "General And Administrative Expense": 77521000.0,
        "Other Gand A": 77521000.0,
        "Gross Profit": 1033909000.0,
        "Cost Of Revenue": 3957556000.0,
        "Total Revenue": 4991465000.0,
        "Operating Revenue": 4991465000.0
    }
}