{
    "2023-04-30": {
        "Tax Effect Of Unusual Items": 0.0,
        "Tax Rate For Calcs": 0.228821,
        "Normalized EBITDA": 10151000.0,
        "Net Income From Continuing Operation Net Minority Interest": 5236000.0,
        "Reconciled Depreciation": 5754000.0,
        "Reconciled Cost Of Revenue": 202548000.0,
        "EBITDA": 10151000.0,
        "EBIT": 4397000.0,
        "Net Interest Income": 2801000.0,
        "Interest Income": 2801000.0,
        "Normalized Income": 5236000.0,
        "Net Income From Continuing And Discontinued Operation": 5236000.0,
        "Total Expenses": 208317000.0,
        "Diluted Average Shares": 17439000.0,
        "Basic Average Shares": 17439000.0,
        "Diluted EPS": 0.3,
        "Basic EPS": 0.3,
        "Diluted NI Availto Com Stockholders": 5236000.0,
        "Net Income Common Stockholders": 5236000.0,
        "Net Income": 5236000.0,
        "Minority Interests": -1464000.0,
        "Net Income Including Noncontrolling Interests": 6700000.0,
        "Net Income Discontinuous Operations": NaN,
        "Net Income Continuous Operations": 6700000.0,
        "Tax Provision": 1988000.0,
        "Pretax Income": 8688000.0,
        "Other Income Expense": 1490000.0,
        "Earnings From Equity Interest": 1490000.0,
        "Net Non Operating Interest Income Expense": 2801000.0,
        "Interest Income Non Operating": 2801000.0,
        "Operating Income": 4397000.0,
        "Operating Expense": 5769000.0,
        "Selling General And Administration": 5769000.0,
        "Gross Profit": 10166000.0,
        "Cost Of Revenue": 202548000.0,
        "Total Revenue": 212714000.0,
        "Operating Revenue": 212714000.0
    },
    "2023-01-31": {
        "Tax Effect Of Unusual Items": NaN,
        "Tax Rate For Calcs": NaN,
        "Normalized EBITDA": NaN,
        "Net Income From Continuing Operation Net Minority Interest": NaN,
        "Reconciled Depreciation": NaN,
        "Reconciled Cost Of Revenue": NaN,
        "EBITDA": NaN,
        "EBIT": NaN,
        "Net Interest Income": NaN,
        "Interest Income": NaN,
        "Normalized Income": NaN,
        "Net Income From Continuing And Discontinued Operation": NaN,
        "Total Expenses": NaN,
        "Diluted Average Shares": NaN,
        "Basic Average Shares": NaN,
        "Diluted EPS": NaN,
        "Basic EPS": NaN,
        "Diluted NI Availto Com Stockholders": NaN,
        "Net Income Common Stockholders": NaN,
        "Net Income": NaN,
        "Minority Interests": NaN,
        "Net Income Including Noncontrolling Interests": NaN,
        "Net Income Discontinuous Operations": 0.0,
        "Net Income Continuous Operations": NaN,
        "Tax Provision": NaN,
        "Pretax Income": NaN,
        "Other Income Expense": NaN,
        "Earnings From Equity Interest": NaN,
        "Net Non Operating Interest Income Expense": NaN,
        "Interest Income Non Operating": NaN,
        "Operating Income": NaN,
        "Operating Expense": NaN,
        "Selling General And Administration": NaN,
        "Gross Profit": NaN,
        "Cost Of Revenue": NaN,
        "Total Revenue": NaN,
        "Operating Revenue": NaN
    },
    "2022-10-31": {
        "Tax Effect Of Unusual Items": NaN,
        "Tax Rate For Calcs": NaN,
        "Normalized EBITDA": NaN,
        "Net Income From Continuing Operation Net Minority Interest": NaN,
        "Reconciled Depreciation": NaN,
        "Reconciled Cost Of Revenue": NaN,
        "EBITDA": NaN,
        "EBIT": NaN,
        "Net Interest Income": NaN,
        "Interest Income": NaN,
        "Normalized Income": NaN,
        "Net Income From Continuing And Discontinued Operation": NaN,
        "Total Expenses": NaN,
        "Diluted Average Shares": NaN,
        "Basic Average Shares": NaN,
        "Diluted EPS": NaN,
        "Basic EPS": NaN,
        "Diluted NI Availto Com Stockholders": NaN,
        "Net Income Common Stockholders": NaN,
        "Net Income": NaN,
        "Minority Interests": NaN,
        "Net Income Including Noncontrolling Interests": NaN,
        "Net Income Discontinuous Operations": 0.0,
        "Net Income Continuous Operations": NaN,
        "Tax Provision": NaN,
        "Pretax Income": NaN,
        "Other Income Expense": NaN,
        "Earnings From Equity Interest": NaN,
        "Net Non Operating Interest Income Expense": NaN,
        "Interest Income Non Operating": NaN,
        "Operating Income": NaN,
        "Operating Expense": NaN,
        "Selling General And Administration": NaN,
        "Gross Profit": NaN,
        "Cost Of Revenue": NaN,
        "Total Revenue": NaN,
        "Operating Revenue": NaN
    },
    "2022-07-31": {
        "Tax Effect Of Unusual Items": 0.0,
        "Tax Rate For Calcs": 0.225345,
        "Normalized EBITDA": 13366000.0,
        "Net Income From Continuing Operation Net Minority Interest": 11170000.0,
        "Reconciled Depreciation": 5930000.0,
        "Reconciled Cost Of Revenue": 223744000.0,
        "EBITDA": 13366000.0,
        "EBIT": 7436000.0,
        "Net Interest Income": 8181000.0,
        "Interest Income": 8181000.0,
        "Normalized Income": 11170000.0,
        "Net Income From Continuing And Discontinued Operation": 11170000.0,
        "Total Expenses": 232892000.0,
        "Diluted Average Shares": 17772000.0,
        "Basic Average Shares": 17772000.0,
        "Diluted EPS": 0.63,
        "Basic EPS": 0.63,
        "Diluted NI Availto Com Stockholders": 11170000.0,
        "Net Income Common Stockholders": 11170000.0,
        "Net Income": 11170000.0,
        "Minority Interests": -3715000.0,
        "Net Income Including Noncontrolling Interests": 14885000.0,
        "Net Income Discontinuous Operations": 0.0,
        "Net Income Continuous Operations": 14885000.0,
        "Tax Provision": 4330000.0,
        "Pretax Income": 19215000.0,
        "Other Income Expense": 3598000.0,
        "Earnings From Equity Interest": 3598000.0,
        "Net Non Operating Interest Income Expense": 8181000.0,
        "Interest Income Non Operating": 8181000.0,
        "Operating Income": 7436000.0,
        "Operating Expense": 9148000.0,
        "Selling General And Administration": 9148000.0,
        "Gross Profit": 16584000.0,
        "Cost Of Revenue": 223744000.0,
        "Total Revenue": 240328000.0,
        "Operating Revenue": 240328000.0
    },
    "2022-04-30": {
        "Diluted EPS": 0.29,
        "Total Revenue": 194,
        "Gross Profit": 12,
        "Operating Income": 7,
        "EBIT": 13,
        "Net Income": 5
    },
    "2022-01-31": {
        "Diluted EPS": 1.2,
        "Total Revenue": 212,
        "Gross Profit": 39,
        "Operating Income": 33,
        "EBIT": 39,
        "Net Income": 21
    },
    "2021-10-31": {
        "Diluted EPS": 0.85,
        "Total Revenue": 203,
        "Gross Profit": 25,
        "Operating Income": 19,
        "EBIT": 25,
        "Net Income": 15
    },
    "2021-07-31": {
        "Diluted EPS": 0.44,
        "Total Revenue": 196,
        "Gross Profit": 14,
        "Operating Income": 8,
        "EBIT": 14,
        "Net Income": 8
    },
    "2021-04-30": {
        "Diluted EPS": 0.43,
        "Total Revenue": 164,
        "Gross Profit": 19,
        "Operating Income": 10,
        "EBIT": 16,
        "Net Income": 8
    },
    "2021-01-31": {
        "Diluted EPS": 0.18,
        "Total Revenue": 126,
        "Gross Profit": 11,
        "Operating Income": 7,
        "EBIT": 13,
        "Net Income": 4
    },
    "2020-10-31": {
        "Diluted EPS": 0.48,
        "Total Revenue": 124,
        "Gross Profit": 19,
        "Operating Income": 15,
        "EBIT": 19,
        "Net Income": 9
    },
    "2020-07-31": {
        "Diluted EPS": -0.09,
        "Total Revenue": 39,
        "Gross Profit": -1,
        "Operating Income": -6,
        "EBIT": 1,
        "Net Income": -2
    },
    "2020-04-30": {
        "Diluted EPS": -0.4,
        "Total Revenue": 83,
        "Gross Profit": -9,
        "Operating Income": -14,
        "EBIT": -7,
        "Net Income": -8
    },
    "2020-01-31": {
        "Diluted EPS": 0.23,
        "Total Revenue": 121,
        "Gross Profit": 15,
        "Operating Income": 9,
        "EBIT": 13,
        "Net Income": 4
    },
    "2019-10-31": {
        "Diluted EPS": -0.11,
        "Total Revenue": 87,
        "Gross Profit": -2,
        "Operating Income": -6,
        "EBIT": 1,
        "Net Income": -2
    },
    "2019-07-31": {
        "Diluted EPS": 0.12,
        "Total Revenue": 106,
        "Gross Profit": 4,
        "Operating Income": -1,
        "EBIT": 7,
        "Net Income": 2
    },
    "2019-04-30": {
        "Diluted EPS": 0.15,
        "Total Revenue": 105,
        "Gross Profit": 4,
        "Operating Income": -1,
        "EBIT": 7,
        "Net Income": 3
    },
    "2019-01-31": {
        "Diluted EPS": 0.06,
        "Total Revenue": 113,
        "Gross Profit": 2,
        "Operating Income": -2,
        "EBIT": 4,
        "Net Income": 1
    },
    "2018-10-31": {
        "Diluted EPS": 0.62,
        "Total Revenue": 124,
        "Gross Profit": 8,
        "Operating Income": 2,
        "EBIT": 9,
        "Net Income": 12
    },
    "2018-07-31": {
        "Diluted EPS": 0.48,
        "Total Revenue": 129,
        "Gross Profit": 9,
        "Operating Income": 3,
        "EBIT": 9,
        "Net Income": 9
    },
    "2018-04-30": {
        "Diluted EPS": 0.48,
        "Total Revenue": 121,
        "Gross Profit": 11,
        "Operating Income": 6,
        "EBIT": 12,
        "Net Income": 9
    },
    "2018-01-31": {
        "Diluted EPS": 0.96,
        "Total Revenue": 110,
        "Gross Profit": 6,
        "Operating Income": -1,
        "EBIT": 5,
        "Net Income": 19
    },
    "2017-10-31": {
        "Diluted EPS": 0.67,
        "Total Revenue": 121,
        "Gross Profit": 15,
        "Operating Income": 8,
        "EBIT": 13,
        "Net Income": 13
    },
    "2017-07-31": {
        "Diluted EPS": 0.15,
        "Total Revenue": 109,
        "Gross Profit": 11,
        "Operating Income": 6,
        "EBIT": 11,
        "Net Income": 3
    },
    "2017-04-30": {
        "Diluted EPS": 0.23,
        "Total Revenue": 113,
        "Gross Profit": 12,
        "Operating Income": 7,
        "EBIT": 12,
        "Net Income": 5
    },
    "2017-01-31": {
        "Diluted EPS": 0.63,
        "Total Revenue": 122,
        "Gross Profit": 25,
        "Operating Income": 18,
        "EBIT": 23,
        "Net Income": 12
    },
    "2016-10-31": {
        "Diluted EPS": 0.45,
        "Total Revenue": 116,
        "Gross Profit": 20,
        "Operating Income": 15,
        "EBIT": 20,
        "Net Income": 9
    },
    "2016-07-31": {
        "Diluted EPS": 0.41,
        "Total Revenue": 116,
        "Gross Profit": 17,
        "Operating Income": 12,
        "EBIT": 17,
        "Net Income": 8
    },
    "2016-04-30": {
        "Diluted EPS": 0.14,
        "Total Revenue": 100,
        "Gross Profit": 8,
        "Operating Income": 4,
        "EBIT": 9,
        "Net Income": 3
    },
    "2016-01-31": {
        "Diluted EPS": 0.19,
        "Total Revenue": 107,
        "Gross Profit": 9,
        "Operating Income": 5,
        "EBIT": 9,
        "Net Income": 4
    },
    "2015-10-31": {
        "Diluted EPS": 0.36,
        "Total Revenue": 111,
        "Gross Profit": 14,
        "Operating Income": 10,
        "EBIT": 14,
        "Net Income": 7
    },
    "2015-07-31": {
        "Diluted EPS": 0.72,
        "Total Revenue": 113,
        "Gross Profit": 18,
        "Operating Income": 12,
        "EBIT": 16,
        "Net Income": 16
    },
    "2015-04-30": {
        "Diluted EPS": 0.17,
        "Total Revenue": 105,
        "Gross Profit": 9,
        "Operating Income": 5,
        "EBIT": 10,
        "Net Income": 4
    },
    "2015-01-31": {
        "Diluted EPS": 0.85,
        "Total Revenue": 128,
        "Gross Profit": 30,
        "Operating Income": 26,
        "EBIT": 30,
        "Net Income": 20
    },
    "2014-10-31": {
        "Diluted EPS": 0.95,
        "Total Revenue": 138,
        "Gross Profit": 36,
        "Operating Income": 32,
        "EBIT": 36,
        "Net Income": 23
    },
    "2014-07-31": {
        "Diluted EPS": 0.89,
        "Total Revenue": 150,
        "Gross Profit": 39,
        "Operating Income": 34,
        "EBIT": 38,
        "Net Income": 22
    },
    "2014-04-30": {
        "Diluted EPS": 0.89,
        "Total Revenue": 156,
        "Gross Profit": 37,
        "Operating Income": 30,
        "EBIT": 35,
        "Net Income": 22
    },
    "2014-01-31": {
        "Diluted EPS": 0.65,
        "Total Revenue": 146,
        "Gross Profit": 26,
        "Operating Income": 21,
        "EBIT": 25,
        "Net Income": 16
    },
    "2013-10-31": {
        "Diluted EPS": 0.4,
        "Total Revenue": 166,
        "Gross Profit": 18,
        "Operating Income": 13,
        "EBIT": 18,
        "Net Income": 10
    },
    "2013-07-31": {
        "Diluted EPS": 0.24,
        "Total Revenue": 175,
        "Gross Profit": 11,
        "Operating Income": 7,
        "EBIT": 11,
        "Net Income": 6
    },
    "2013-04-30": {
        "Diluted EPS": 0.14,
        "Total Revenue": 178,
        "Gross Profit": 9,
        "Operating Income": 5,
        "EBIT": 10,
        "Net Income": 4
    },
    "2013-01-31": {
        "Diluted EPS": -0.18,
        "Total Revenue": 174,
        "Gross Profit": -2,
        "Operating Income": -6,
        "EBIT": -2,
        "Net Income": -4
    },
    "2012-10-31": {
        "Diluted EPS": 0.02,
        "Total Revenue": 179,
        "Gross Profit": 4,
        "Operating Income": 1,
        "EBIT": 5,
        "Net Income": 0
    },
    "2012-07-31": {
        "Diluted EPS": 0.03,
        "Total Revenue": 153,
        "Gross Profit": 7,
        "Operating Income": 3,
        "EBIT": 8,
        "Net Income": 1
    },
    "2012-04-30": {
        "Diluted EPS": 0.04,
        "Total Revenue": 151,
        "Gross Profit": 6,
        "Operating Income": 3,
        "EBIT": 7,
        "Net Income": 1
    },
    "2012-01-31": {
        "Diluted EPS": 0.55,
        "Total Revenue": 169,
        "Gross Profit": 21,
        "Operating Income": 18,
        "EBIT": 21,
        "Net Income": 15
    },
    "2011-10-31": {
        "Diluted EPS": 0.23,
        "Total Revenue": 85,
        "Gross Profit": 9,
        "Operating Income": 7,
        "EBIT": 9,
        "Net Income": 6
    },
    "2011-07-31": {
        "Diluted EPS": 0.08,
        "Total Revenue": 74,
        "Gross Profit": 0,
        "Operating Income": -2,
        "EBIT": 1,
        "Net Income": 2
    },
    "2011-04-30": {
        "Diluted EPS": 0.16,
        "Total Revenue": 81,
        "Gross Profit": 5,
        "Operating Income": 2,
        "EBIT": 5,
        "Net Income": 5
    },
    "2011-01-31": {
        "Diluted EPS": -0.15,
        "Total Revenue": 29,
        "Gross Profit": 13,
        "Operating Income": 10,
        "EBIT": 15,
        "Net Income": -5
    },
    "2010-10-31": {
        "Diluted EPS": 0.15,
        "Total Revenue": 70,
        "Gross Profit": 7,
        "Operating Income": 5,
        "EBIT": 10,
        "Net Income": 4
    },
    "2010-07-31": {
        "Diluted EPS": 0.04,
        "Total Revenue": 65,
        "Gross Profit": 5,
        "Operating Income": 3,
        "EBIT": 7,
        "Net Income": 1
    },
    "2010-04-30": {
        "Diluted EPS": 0.14,
        "Total Revenue": 71,
        "Gross Profit": 8,
        "Operating Income": 6,
        "EBIT": 10,
        "Net Income": 4
    },
    "2010-01-31": {
        "Diluted EPS": 0.26,
        "Total Revenue": 77,
        "Gross Profit": 14,
        "Operating Income": 12,
        "EBIT": 16,
        "Net Income": 7
    },
    "2009-10-31": {
        "Diluted EPS": 0.08,
        "Total Revenue": 62,
        "Gross Profit": 6,
        "Operating Income": 4,
        "EBIT": 8,
        "Net Income": 2
    },
    "2009-07-31": {
        "Diluted EPS": 0.03,
        "Total Revenue": 17,
        "Gross Profit": 1,
        "Operating Income": 0,
        "EBIT": 1,
        "Net Income": 1
    },
    "2009-04-30": {
        "Diluted EPS": -0.06,
        "Total Revenue": 14,
        "Gross Profit": 0,
        "Operating Income": -1,
        "EBIT": 0,
        "Net Income": -2
    },
    "2009-01-31": {
        "Diluted EPS": -0.19,
        "Total Revenue": 20,
        "Gross Profit": 3,
        "Operating Income": 2,
        "EBIT": 4,
        "Net Income": -5
    },
    "2023-07-31": {
        "Tax Effect Of Unusual Items": 0.0,
        "Tax Rate For Calcs": 0.234737,
        "Normalized EBITDA": 15566000.0,
        "Net Income From Continuing Operation Net Minority Interest": 9055000.0,
        "Reconciled Depreciation": 5832000.0,
        "Reconciled Cost Of Revenue": 193625000.0,
        "EBITDA": 15566000.0,
        "EBIT": 9734000.0,
        "Net Interest Income": 3271000.0,
        "Interest Income": 3271000.0,
        "Normalized Income": 9055000.0,
        "Net Income From Continuing And Discontinued Operation": 9055000.0,
        "Total Expenses": 202243000.0,
        "Diluted Average Shares": 17460000.0,
        "Basic Average Shares": 17460000.0,
        "Diluted EPS": 0.52,
        "Basic EPS": 0.52,
        "Diluted NI Availto Com Stockholders": 9055000.0,
        "Net Income Common Stockholders": 9055000.0,
        "Net Income": 9055000.0,
        "Minority Interests": -3229000.0,
        "Net Income Including Noncontrolling Interests": 12284000.0,
        "Net Income Continuous Operations": 12284000.0,
        "Tax Provision": 3768000.0,
        "Pretax Income": 16052000.0,
        "Other Income Expense": 3047000.0,
        "Earnings From Equity Interest": 3047000.0,
        "Net Non Operating Interest Income Expense": 3271000.0,
        "Interest Income Non Operating": 3271000.0,
        "Operating Income": 9734000.0,
        "Operating Expense": 8618000.0,
        "Selling General And Administration": 8618000.0,
        "Gross Profit": 18352000.0,
        "Cost Of Revenue": 193625000.0,
        "Total Revenue": 211977000.0,
        "Operating Revenue": 211977000.0
    },
    "2023-10-31": {
        "Tax Effect Of Unusual Items": NaN,
        "Tax Rate For Calcs": NaN,
        "Normalized EBITDA": NaN,
        "Net Income From Continuing Operation Net Minority Interest": NaN,
        "Reconciled Depreciation": NaN,
        "Reconciled Cost Of Revenue": NaN,
        "EBITDA": NaN,
        "EBIT": NaN,
        "Net Interest Income": NaN,
        "Interest Income": NaN,
        "Normalized Income": NaN,
        "Net Income From Continuing And Discontinued Operation": NaN,
        "Total Expenses": NaN,
        "Diluted Average Shares": 17531000.0,
        "Basic Average Shares": 17531000.0,
        "Diluted EPS": 1.49,
        "Basic EPS": 1.49,
        "Diluted NI Availto Com Stockholders": NaN,
        "Net Income Common Stockholders": NaN,
        "Net Income": NaN,
        "Minority Interests": NaN,
        "Net Income Including Noncontrolling Interests": NaN,
        "Net Income Continuous Operations": NaN,
        "Tax Provision": NaN,
        "Pretax Income": NaN,
        "Other Income Expense": NaN,
        "Earnings From Equity Interest": NaN,
        "Net Non Operating Interest Income Expense": NaN,
        "Interest Income Non Operating": NaN,
        "Operating Income": NaN,
        "Operating Expense": NaN,
        "Selling General And Administration": NaN,
        "Gross Profit": NaN,
        "Cost Of Revenue": NaN,
        "Total Revenue": NaN,
        "Operating Revenue": NaN
    },
    "2024-01-31": {
        "Tax Effect Of Unusual Items": 0.0,
        "Tax Rate For Calcs": 0.220689,
        "Normalized EBITDA": 28929000.0,
        "Net Income From Continuing Operation Net Minority Interest": 20568000.0,
        "Reconciled Depreciation": 5902000.0,
        "Reconciled Cost Of Revenue": 157204000.0,
        "EBITDA": 28929000.0,
        "EBIT": 23027000.0,
        "Net Interest Income": 4789000.0,
        "Interest Income": 4789000.0,
        "Normalized Income": 20568000.0,
        "Net Income From Continuing And Discontinued Operation": 20568000.0,
        "Total Expenses": 164587000.0,
        "Diluted Average Shares": 17657000.0,
        "Basic Average Shares": 17548000.0,
        "Diluted EPS": 1.16,
        "Basic EPS": 1.17,
        "Diluted NI Availto Com Stockholders": 20568000.0,
        "Net Income Common Stockholders": 20568000.0,
        "Net Income": 20568000.0,
        "Minority Interests": -4730000.0,
        "Net Income Including Noncontrolling Interests": 25298000.0,
        "Net Income Continuous Operations": 25298000.0,
        "Tax Provision": 7164000.0,
        "Pretax Income": 32462000.0,
        "Other Income Expense": 4646000.0,
        "Earnings From Equity Interest": 4646000.0,
        "Net Non Operating Interest Income Expense": 4789000.0,
        "Interest Income Non Operating": 4789000.0,
        "Operating Income": 23027000.0,
        "Operating Expense": 7383000.0,
        "Selling General And Administration": 7383000.0,
        "Gross Profit": 30410000.0,
        "Cost Of Revenue": 157204000.0,
        "Total Revenue": 187614000.0,
        "Operating Revenue": 187614000.0
    },
    "2024-04-30": {
        "Tax Effect Of Unusual Items": 0.0,
        "Tax Rate For Calcs": 0.23116,
        "Normalized EBITDA": 14232000.0,
        "Net Income From Continuing Operation Net Minority Interest": 10191000.0,
        "Reconciled Depreciation": 5892000.0,
        "Reconciled Cost Of Revenue": 146780000.0,
        "EBITDA": 14232000.0,
        "EBIT": 8340000.0,
        "Net Interest Income": 5905000.0,
        "Interest Income": 5905000.0,
        "Normalized Income": 10191000.0,
        "Net Income From Continuing And Discontinued Operation": 10191000.0,
        "Total Expenses": 152891000.0,
        "Diluted Average Shares": 17664000.0,
        "Basic Average Shares": 17546000.0,
        "Diluted EPS": 0.58,
        "Basic EPS": 0.58,
        "Diluted NI Availto Com Stockholders": 10191000.0,
        "Net Income Common Stockholders": 10191000.0,
        "Net Income": 10191000.0,
        "Minority Interests": -2082000.0,
        "Net Income Including Noncontrolling Interests": 12273000.0,
        "Net Income Continuous Operations": 12273000.0,
        "Tax Provision": 3690000.0,
        "Pretax Income": 15963000.0,
        "Other Income Expense": 1718000.0,
        "Earnings From Equity Interest": 1718000.0,
        "Net Non Operating Interest Income Expense": 5905000.0,
        "Interest Income Non Operating": 5905000.0,
        "Operating Income": 8340000.0,
        "Operating Expense": 6111000.0,
        "Selling General And Administration": 6111000.0,
        "Gross Profit": 14451000.0,
        "Cost Of Revenue": 146780000.0,
        "Total Revenue": 161231000.0,
        "Operating Revenue": 161231000.0
    },
    "2024-07-31": {
        "Tax Effect Of Unusual Items": 0.0,
        "Tax Rate For Calcs": 0.230252,
        "Normalized EBITDA": 19418000.0,
        "Net Income From Continuing Operation Net Minority Interest": 12378000.0,
        "Reconciled Depreciation": 6085000.0,
        "Reconciled Cost Of Revenue": 128382000.0,
        "EBITDA": 19418000.0,
        "EBIT": 13333000.0,
        "Net Interest Income": 4416000.0,
        "Interest Income": 4416000.0,
        "Normalized Income": 12378000.0,
        "Net Income From Continuing And Discontinued Operation": 12378000.0,
        "Total Expenses": 134822000.0,
        "Diluted Average Shares": 17671000.0,
        "Basic Average Shares": 17548000.0,
        "Diluted EPS": 0.7,
        "Basic EPS": 0.71,
        "Diluted NI Availto Com Stockholders": 12378000.0,
        "Net Income Common Stockholders": 12378000.0,
        "Net Income": 12378000.0,
        "Minority Interests": -2629000.0,
        "Net Income Including Noncontrolling Interests": 15007000.0,
        "Net Income Continuous Operations": 15007000.0,
        "Tax Provision": 4489000.0,
        "Pretax Income": 19496000.0,
        "Other Income Expense": 1747000.0,
        "Earnings From Equity Interest": 1747000.0,
        "Net Non Operating Interest Income Expense": 4416000.0,
        "Interest Income Non Operating": 4416000.0,
        "Operating Income": 13333000.0,
        "Operating Expense": 6440000.0,
        "Selling General And Administration": 6440000.0,
        "Gross Profit": 19773000.0,
        "Cost Of Revenue": 128382000.0,
        "Total Revenue": 148155000.0,
        "Operating Revenue": 148155000.0
    },
    "2024-10-31": {
        "Tax Effect Of Unusual Items": 0.0,
        "Tax Rate For Calcs": 0.237995,
        "Normalized EBITDA": 35903000.0,
        "Net Income From Continuing Operation Net Minority Interest": 24500000.0,
        "Reconciled Depreciation": 4648000.0,
        "Reconciled Cost Of Revenue": 135196000.0,
        "EBITDA": 35903000.0,
        "EBIT": 31255000.0,
        "Net Interest Income": 4629000.0,
        "Interest Income": 4629000.0,
        "Normalized Income": 24500000.0,
        "Net Income From Continuing And Discontinued Operation": 24500000.0,
        "Total Expenses": 143622000.0,
        "Diluted Average Shares": 17723000.0,
        "Basic Average Shares": 17595000.0,
        "Diluted EPS": 1.38,
        "Basic EPS": 1.39,
        "Diluted NI Availto Com Stockholders": 24500000.0,
        "Net Income Common Stockholders": 24500000.0,
        "Net Income": 24500000.0,
        "Minority Interests": -5603000.0,
        "Net Income Including Noncontrolling Interests": 30103000.0,
        "Net Income Continuous Operations": 30103000.0,
        "Tax Provision": 9402000.0,
        "Pretax Income": 39505000.0,
        "Other Income Expense": 3621000.0,
        "Earnings From Equity Interest": 3621000.0,
        "Net Non Operating Interest Income Expense": 4629000.0,
        "Interest Income Non Operating": 4629000.0,
        "Operating Income": 31255000.0,
        "Operating Expense": 8426000.0,
        "Selling General And Administration": 8426000.0,
        "Gross Profit": 39681000.0,
        "Cost Of Revenue": 135196000.0,
        "Total Revenue": 174877000.0,
        "Operating Revenue": 174877000.0
    },
    "2025-01-31": {
        "Tax Effect Of Unusual Items": 0.0,
        "Tax Rate For Calcs": 0.212475,
        "Normalized EBITDA": 16491000.0,
        "Net Income From Continuing Operation Net Minority Interest": 11098000.0,
        "Reconciled Depreciation": 5090000.0,
        "Reconciled Cost Of Revenue": 140656000.0,
        "EBITDA": 16491000.0,
        "EBIT": 11401000.0,
        "Net Interest Income": 4208000.0,
        "Interest Income": 4208000.0,
        "Normalized Income": 11098000.0,
        "Net Income From Continuing And Discontinued Operation": 11098000.0,
        "Total Expenses": 146827000.0,
        "Diluted Average Shares": NaN,
        "Basic Average Shares": NaN,
        "Diluted EPS": NaN,
        "Basic EPS": NaN,
        "Diluted NI Availto Com Stockholders": 11098000.0,
        "Net Income Common Stockholders": 11098000.0,
        "Net Income": 11098000.0,
        "Minority Interests": -3005000.0,
        "Net Income Including Noncontrolling Interests": 14103000.0,
        "Net Income Continuous Operations": 14103000.0,
        "Tax Provision": 3805000.0,
        "Pretax Income": 17908000.0,
        "Other Income Expense": 2299000.0,
        "Earnings From Equity Interest": 2299000.0,
        "Net Non Operating Interest Income Expense": 4208000.0,
        "Interest Income Non Operating": 4208000.0,
        "Operating Income": 11401000.0,
        "Operating Expense": 6171000.0,
        "Selling General And Administration": 6171000.0,
        "Gross Profit": 17572000.0,
        "Cost Of Revenue": 140656000.0,
        "Total Revenue": 158228000.0,
        "Operating Revenue": 158228000.0
    }
}