{
    "2023-04-30": {
        "Tax Effect Of Unusual Items": 0.0,
        "Tax Rate For Calcs": 0.393,
        "Normalized EBITDA": 1113000.0,
        "Net Income From Continuing Operation Net Minority Interest": 581000.0,
        "Reconciled Depreciation": 624000.0,
        "Reconciled Cost Of Revenue": 16178000.0,
        "EBITDA": 1113000.0,
        "EBIT": 489000.0,
        "Normalized Income": 581000.0,
        "Net Income From Continuing And Discontinued Operation": 581000.0,
        "Total Expenses": 21809000.0,
        "Total Operating Income As Reported": 489000.0,
        "Diluted Average Shares": 10327271.0,
        "Basic Average Shares": 10290911.0,
        "Diluted EPS": 0.06,
        "Basic EPS": 0.06,
        "Diluted NI Availto Com Stockholders": 581000.0,
        "Net Income Common Stockholders": 581000.0,
        "Net Income": 581000.0,
        "Net Income Including Noncontrolling Interests": 581000.0,
        "Net Income Continuous Operations": 581000.0,
        "Tax Provision": -164000.0,
        "Pretax Income": 417000.0,
        "Other Income Expense": -72000.0,
        "Other Non Operating Income Expenses": -72000.0,
        "Operating Income": 489000.0,
        "Operating Expense": 5631000.0,
        "Research And Development": 882000.0,
        "Selling General And Administration": 4749000.0,
        "Gross Profit": 6120000.0,
        "Cost Of Revenue": 16178000.0,
        "Total Revenue": 22298000.0,
        "Operating Revenue": 22298000.0
    },
    "2023-01-31": {
        "Tax Effect Of Unusual Items": 0.0,
        "Tax Rate For Calcs": 0.121029,
        "Normalized EBITDA": -628000.0,
        "Net Income From Continuing Operation Net Minority Interest": -1162000.0,
        "Reconciled Depreciation": 541000.0,
        "Reconciled Cost Of Revenue": 13257000.0,
        "EBITDA": -628000.0,
        "EBIT": -1169000.0,
        "Normalized Income": -1162000.0,
        "Net Income From Continuing And Discontinued Operation": -1162000.0,
        "Total Expenses": 19512000.0,
        "Total Operating Income As Reported": -1169000.0,
        "Diluted Average Shares": 10222540.0,
        "Basic Average Shares": 10222540.0,
        "Diluted EPS": -0.11,
        "Basic EPS": -0.11,
        "Diluted NI Availto Com Stockholders": -1162000.0,
        "Net Income Common Stockholders": -1162000.0,
        "Net Income": -1162000.0,
        "Net Income Including Noncontrolling Interests": -1162000.0,
        "Net Income Continuous Operations": -1162000.0,
        "Tax Provision": -160000.0,
        "Pretax Income": -1322000.0,
        "Other Income Expense": -153000.0,
        "Other Non Operating Income Expenses": -153000.0,
        "Operating Income": -1169000.0,
        "Operating Expense": 6255000.0,
        "Research And Development": 961000.0,
        "Selling General And Administration": 5294000.0,
        "Gross Profit": 5086000.0,
        "Cost Of Revenue": 13257000.0,
        "Total Revenue": 18343000.0,
        "Operating Revenue": 18343000.0
    },
    "2022-10-31": {
        "Tax Effect Of Unusual Items": 0.0,
        "Tax Rate For Calcs": 0.21,
        "Normalized EBITDA": 1250000.0,
        "Net Income From Continuing Operation Net Minority Interest": 451000.0,
        "Reconciled Depreciation": 535000.0,
        "Reconciled Cost Of Revenue": 15852000.0,
        "EBITDA": 1250000.0,
        "EBIT": 715000.0,
        "Normalized Income": 451000.0,
        "Net Income From Continuing And Discontinued Operation": 451000.0,
        "Total Expenses": 22274000.0,
        "Total Operating Income As Reported": 715000.0,
        "Diluted Average Shares": 10272287.0,
        "Basic Average Shares": 10178081.0,
        "Diluted EPS": 0.04,
        "Basic EPS": 0.04,
        "Diluted NI Availto Com Stockholders": 451000.0,
        "Net Income Common Stockholders": 451000.0,
        "Net Income": 451000.0,
        "Net Income Including Noncontrolling Interests": 451000.0,
        "Net Income Continuous Operations": 451000.0,
        "Tax Provision": -57000.0,
        "Pretax Income": 394000.0,
        "Other Income Expense": -321000.0,
        "Other Non Operating Income Expenses": -321000.0,
        "Operating Income": 715000.0,
        "Operating Expense": 6422000.0,
        "Research And Development": 812000.0,
        "Selling General And Administration": 5610000.0,
        "Gross Profit": 7137000.0,
        "Cost Of Revenue": 15852000.0,
        "Total Revenue": 22989000.0,
        "Operating Revenue": 22989000.0
    },
    "2022-07-31": {
        "Tax Effect Of Unusual Items": 0.0,
        "Tax Rate For Calcs": 0.154,
        "Normalized EBITDA": 1625000.0,
        "Net Income From Continuing Operation Net Minority Interest": 771000.0,
        "Reconciled Depreciation": 537000.0,
        "Reconciled Cost Of Revenue": 16594000.0,
        "EBITDA": 1625000.0,
        "EBIT": 1088000.0,
        "Normalized Income": 771000.0,
        "Net Income From Continuing And Discontinued Operation": 771000.0,
        "Total Expenses": 22754000.0,
        "Total Operating Income As Reported": 1088000.0,
        "Diluted Average Shares": 10238932.0,
        "Basic Average Shares": 10127244.0,
        "Diluted EPS": 0.08,
        "Basic EPS": 0.08,
        "Diluted NI Availto Com Stockholders": 771000.0,
        "Net Income Common Stockholders": 771000.0,
        "Net Income": 771000.0,
        "Net Income Including Noncontrolling Interests": 771000.0,
        "Net Income Continuous Operations": 771000.0,
        "Tax Provision": 140000.0,
        "Pretax Income": 911000.0,
        "Other Income Expense": -177000.0,
        "Other Non Operating Income Expenses": -177000.0,
        "Operating Income": 1088000.0,
        "Operating Expense": 6160000.0,
        "Research And Development": 791000.0,
        "Selling General And Administration": 5369000.0,
        "Gross Profit": 7248000.0,
        "Cost Of Revenue": 16594000.0,
        "Total Revenue": 23842000.0,
        "Operating Revenue": 23842000.0
    },
    "2022-04-30": {
        "Diluted EPS": 0.05,
        "Total Revenue": 22,
        "Gross Profit": 6,
        "Operating Income": 1,
        "EBIT": 1,
        "Net Income": 1
    },
    "2022-01-31": {
        "Diluted EPS": -0.03,
        "Total Revenue": 17,
        "Gross Profit": 4,
        "Operating Income": 0,
        "EBIT": 0,
        "Net Income": 0
    },
    "2021-10-31": {
        "Diluted EPS": 0.08,
        "Total Revenue": 21,
        "Gross Profit": 5,
        "Operating Income": 1,
        "EBIT": 1,
        "Net Income": 1
    },
    "2021-07-31": {
        "Diluted EPS": 0.09,
        "Total Revenue": 15,
        "Gross Profit": 5,
        "Operating Income": 1,
        "EBIT": 1,
        "Net Income": 1
    },
    "2021-04-30": {
        "Diluted EPS": 0.48,
        "Total Revenue": 11,
        "Gross Profit": 5,
        "Operating Income": 3,
        "EBIT": 3,
        "Net Income": 5
    },
    "2021-01-31": {
        "Diluted EPS": -0.04,
        "Total Revenue": 10,
        "Gross Profit": 3,
        "Operating Income": -1,
        "EBIT": 0,
        "Net Income": 0
    },
    "2020-10-31": {
        "Diluted EPS": 0.02,
        "Total Revenue": 11,
        "Gross Profit": 3,
        "Operating Income": 0,
        "EBIT": 0,
        "Net Income": 0
    },
    "2020-07-31": {
        "Diluted EPS": -0.01,
        "Total Revenue": 10,
        "Gross Profit": 3,
        "Operating Income": 0,
        "EBIT": 0,
        "Net Income": 0
    },
    "2020-04-30": {
        "Diluted EPS": -0.02,
        "Total Revenue": 10,
        "Gross Profit": 3,
        "Operating Income": 0,
        "EBIT": 0,
        "Net Income": 0
    },
    "2020-01-31": {
        "Diluted EPS": 0.0,
        "Total Revenue": 12,
        "Gross Profit": 3,
        "Operating Income": 0,
        "EBIT": 0,
        "Net Income": 0
    },
    "2019-10-31": {
        "Diluted EPS": 0.07,
        "Total Revenue": 16,
        "Gross Profit": 4,
        "Operating Income": 1,
        "EBIT": 1,
        "Net Income": 1
    },
    "2019-07-31": {
        "Diluted EPS": 0.11,
        "Total Revenue": 16,
        "Gross Profit": 4,
        "Operating Income": 1,
        "EBIT": 1,
        "Net Income": 1
    },
    "2019-04-30": {
        "Diluted EPS": 0.11,
        "Total Revenue": 14,
        "Gross Profit": 4,
        "Operating Income": 1,
        "EBIT": 2,
        "Net Income": 1
    },
    "2019-01-31": {
        "Diluted EPS": 0.07,
        "Total Revenue": 11,
        "Gross Profit": 3,
        "Operating Income": 1,
        "EBIT": 1,
        "Net Income": 1
    },
    "2018-10-31": {
        "Diluted EPS": 0.04,
        "Total Revenue": 10,
        "Gross Profit": 3,
        "Operating Income": 1,
        "EBIT": 1,
        "Net Income": 0
    },
    "2018-07-31": {
        "Diluted EPS": 0.18,
        "Total Revenue": 12,
        "Gross Profit": 4,
        "Operating Income": 2,
        "EBIT": 2,
        "Net Income": 2
    },
    "2018-04-30": {
        "Diluted EPS": 0.34,
        "Total Revenue": 21,
        "Gross Profit": 8,
        "Operating Income": 4,
        "EBIT": 4,
        "Net Income": 3
    },
    "2018-01-31": {
        "Diluted EPS": 0.05,
        "Total Revenue": 8,
        "Gross Profit": 2,
        "Operating Income": 0,
        "EBIT": 0,
        "Net Income": 0
    },
    "2017-10-31": {
        "Diluted EPS": 0.03,
        "Total Revenue": 1,
        "Gross Profit": 1,
        "Operating Income": 0,
        "EBIT": 0,
        "Net Income": 0
    },
    "2017-07-31": {
        "Diluted EPS": 0.02,
        "Total Revenue": 8,
        "Gross Profit": 2,
        "Operating Income": 0,
        "EBIT": 0,
        "Net Income": 0
    },
    "2017-04-30": {
        "Diluted EPS": 0.01,
        "Total Revenue": 8,
        "Gross Profit": 2,
        "Operating Income": 0,
        "EBIT": 0,
        "Net Income": 0
    },
    "2017-01-31": {
        "Diluted EPS": -0.02,
        "Total Revenue": 7,
        "Gross Profit": 2,
        "Operating Income": 0,
        "EBIT": 0,
        "Net Income": 0
    },
    "2016-10-31": {
        "Diluted EPS": -0.35,
        "Total Revenue": 8,
        "Gross Profit": 2,
        "Operating Income": -3,
        "EBIT": -3,
        "Net Income": -3
    },
    "2016-07-31": {
        "Diluted EPS": -0.07,
        "Total Revenue": 8,
        "Gross Profit": 2,
        "Operating Income": -1,
        "EBIT": 0,
        "Net Income": -1
    },
    "2016-04-30": {
        "Diluted EPS": -0.01,
        "Total Revenue": 8,
        "Gross Profit": 2,
        "Operating Income": 0,
        "EBIT": 0,
        "Net Income": 0
    },
    "2016-01-31": {
        "Diluted EPS": -0.04,
        "Total Revenue": 7,
        "Gross Profit": 2,
        "Operating Income": -1,
        "EBIT": 0,
        "Net Income": 0
    },
    "2015-10-31": {
        "Diluted EPS": 0.03,
        "Total Revenue": 8,
        "Gross Profit": 3,
        "Operating Income": 0,
        "EBIT": 1,
        "Net Income": 0
    },
    "2015-07-31": {
        "Diluted EPS": 0.02,
        "Total Revenue": 8,
        "Gross Profit": 3,
        "Operating Income": 0,
        "EBIT": 0,
        "Net Income": 0
    },
    "2015-04-30": {
        "Diluted EPS": 0.05,
        "Total Revenue": 8,
        "Gross Profit": 3,
        "Operating Income": 1,
        "EBIT": 1,
        "Net Income": 0
    },
    "2015-01-31": {
        "Diluted EPS": 0.01,
        "Total Revenue": 7,
        "Gross Profit": 3,
        "Operating Income": 0,
        "EBIT": 0,
        "Net Income": 0
    },
    "2014-10-31": {
        "Diluted EPS": 0.04,
        "Total Revenue": 6,
        "Gross Profit": 3,
        "Operating Income": 1,
        "EBIT": 1,
        "Net Income": 0
    },
    "2014-07-31": {
        "Diluted EPS": 0.04,
        "Total Revenue": 6,
        "Gross Profit": 2,
        "Operating Income": 1,
        "EBIT": 1,
        "Net Income": 0
    },
    "2014-04-30": {
        "Diluted EPS": 0.05,
        "Total Revenue": 6,
        "Gross Profit": 3,
        "Operating Income": 1,
        "EBIT": 1,
        "Net Income": 0
    },
    "2014-01-31": {
        "Diluted EPS": 0.03,
        "Total Revenue": 6,
        "Gross Profit": 3,
        "Operating Income": 0,
        "EBIT": 0,
        "Net Income": 0
    },
    "2013-10-31": {
        "Diluted EPS": -0.01,
        "Total Revenue": 8,
        "Gross Profit": 3,
        "Operating Income": 1,
        "EBIT": 1,
        "Net Income": 0
    },
    "2013-07-31": {
        "Diluted EPS": 0.11,
        "Total Revenue": 9,
        "Gross Profit": 4,
        "Operating Income": 2,
        "EBIT": 2,
        "Net Income": 1
    },
    "2013-04-30": {
        "Diluted EPS": 0.14,
        "Total Revenue": 9,
        "Gross Profit": 4,
        "Operating Income": 2,
        "EBIT": 2,
        "Net Income": 1
    },
    "2013-01-31": {
        "Diluted EPS": 0.19,
        "Total Revenue": 10,
        "Gross Profit": 5,
        "Operating Income": 2,
        "EBIT": 2,
        "Net Income": 1
    },
    "2012-10-31": {
        "Diluted EPS": 0.14,
        "Total Revenue": 8,
        "Gross Profit": 3,
        "Operating Income": 2,
        "EBIT": 2,
        "Net Income": 1
    },
    "2012-07-31": {
        "Diluted EPS": 0.1,
        "Total Revenue": 7,
        "Gross Profit": 3,
        "Operating Income": 1,
        "EBIT": 1,
        "Net Income": 1
    },
    "2012-04-30": {
        "Diluted EPS": 0.08,
        "Total Revenue": 7,
        "Gross Profit": 3,
        "Operating Income": 1,
        "EBIT": 1,
        "Net Income": 1
    },
    "2012-01-31": {
        "Diluted EPS": 0.02,
        "Total Revenue": 6,
        "Gross Profit": 3,
        "Operating Income": 0,
        "EBIT": 0,
        "Net Income": 0
    },
    "2011-10-31": {
        "Diluted EPS": -0.01,
        "Total Revenue": 6,
        "Gross Profit": 3,
        "Operating Income": 0,
        "EBIT": 0,
        "Net Income": 0
    },
    "2011-07-31": {
        "Diluted EPS": 0.01,
        "Total Revenue": 5,
        "Gross Profit": 2,
        "Operating Income": 0,
        "EBIT": 0,
        "Net Income": 0
    },
    "2011-04-30": {
        "Diluted EPS": 0.06,
        "Total Revenue": 4,
        "Gross Profit": 2,
        "Operating Income": 1,
        "EBIT": 1,
        "Net Income": 0
    },
    "2011-01-31": {
        "Diluted EPS": 0.05,
        "Total Revenue": 4,
        "Gross Profit": 2,
        "Operating Income": 1,
        "EBIT": 1,
        "Net Income": 0
    },
    "2010-10-31": {
        "Diluted EPS": 0.07,
        "Total Revenue": 5,
        "Gross Profit": 3,
        "Operating Income": 1,
        "EBIT": 1,
        "Net Income": 0
    },
    "2010-07-31": {
        "Diluted EPS": 0.05,
        "Total Revenue": 4,
        "Gross Profit": 2,
        "Operating Income": 0,
        "EBIT": 1,
        "Net Income": 0
    },
    "2010-04-30": {
        "Diluted EPS": 0.05,
        "Total Revenue": 4,
        "Gross Profit": 2,
        "Operating Income": 1,
        "EBIT": 1,
        "Net Income": 0
    },
    "2010-01-31": {
        "Diluted EPS": 0.03,
        "Total Revenue": 3,
        "Gross Profit": 2,
        "Operating Income": 0,
        "EBIT": 0,
        "Net Income": 0
    },
    "2009-10-31": {
        "Diluted EPS": 0.04,
        "Total Revenue": 4,
        "Gross Profit": 2,
        "Operating Income": 1,
        "EBIT": 1,
        "Net Income": 0
    },
    "2009-07-31": {
        "Diluted EPS": 0.0,
        "Total Revenue": 3,
        "Gross Profit": 2,
        "Operating Income": 0,
        "EBIT": 0,
        "Net Income": 0
    },
    "2009-04-30": {
        "Diluted EPS": 0.04,
        "Total Revenue": 4,
        "Gross Profit": 2,
        "Operating Income": 0,
        "EBIT": 0,
        "Net Income": 0
    },
    "2009-01-31": {
        "Diluted EPS": 0.03,
        "Total Revenue": 4,
        "Gross Profit": 2,
        "Operating Income": 0,
        "EBIT": 0,
        "Net Income": 0
    },
    "2023-07-31": {
        "Tax Effect Of Unusual Items": NaN,
        "Tax Rate For Calcs": NaN,
        "Normalized EBITDA": NaN,
        "Net Income From Continuing Operation Net Minority Interest": NaN,
        "Reconciled Depreciation": NaN,
        "Reconciled Cost Of Revenue": NaN,
        "EBITDA": NaN,
        "EBIT": NaN,
        "Normalized Income": NaN,
        "Net Income From Continuing And Discontinued Operation": NaN,
        "Total Expenses": NaN,
        "Total Operating Income As Reported": NaN,
        "Diluted Average Shares": 10290265.0,
        "Basic Average Shares": 10290265.0,
        "Diluted EPS": -0.16,
        "Basic EPS": -0.16,
        "Diluted NI Availto Com Stockholders": NaN,
        "Net Income Common Stockholders": NaN,
        "Net Income": NaN,
        "Net Income Including Noncontrolling Interests": NaN,
        "Net Income Continuous Operations": NaN,
        "Tax Provision": NaN,
        "Pretax Income": NaN,
        "Other Income Expense": NaN,
        "Other Non Operating Income Expenses": NaN,
        "Operating Income": NaN,
        "Operating Expense": NaN,
        "Research And Development": NaN,
        "Selling General And Administration": NaN,
        "Gross Profit": NaN,
        "Cost Of Revenue": NaN,
        "Total Revenue": NaN,
        "Operating Revenue": NaN
    },
    "2023-10-31": {
        "Tax Effect Of Unusual Items": 0.0,
        "Tax Rate For Calcs": 0.300493,
        "Normalized EBITDA": -469000.0,
        "Net Income From Continuing Operation Net Minority Interest": -852000.0,
        "Reconciled Depreciation": 638000.0,
        "Reconciled Cost Of Revenue": 11368000.0,
        "EBITDA": -469000.0,
        "EBIT": -1107000.0,
        "Normalized Income": -852000.0,
        "Net Income From Continuing And Discontinued Operation": -852000.0,
        "Total Expenses": 16981000.0,
        "Total Operating Income As Reported": -1107000.0,
        "Diluted Average Shares": 10330325.0,
        "Basic Average Shares": 10330325.0,
        "Diluted EPS": -0.08,
        "Basic EPS": -0.08,
        "Diluted NI Availto Com Stockholders": -852000.0,
        "Net Income Common Stockholders": -852000.0,
        "Net Income": -852000.0,
        "Net Income Including Noncontrolling Interests": -852000.0,
        "Net Income Continuous Operations": -852000.0,
        "Tax Provision": -366000.0,
        "Pretax Income": -1218000.0,
        "Other Income Expense": -111000.0,
        "Other Non Operating Income Expenses": -111000.0,
        "Operating Income": -1107000.0,
        "Operating Expense": 5613000.0,
        "Research And Development": 616000.0,
        "Selling General And Administration": 4997000.0,
        "Gross Profit": 4506000.0,
        "Cost Of Revenue": 11368000.0,
        "Total Revenue": 15874000.0,
        "Operating Revenue": 15874000.0
    },
    "2024-01-31": {
        "Tax Effect Of Unusual Items": 0.0,
        "Tax Rate For Calcs": 0.378933,
        "Normalized EBITDA": -1452000.0,
        "Net Income From Continuing Operation Net Minority Interest": -1362000.0,
        "Reconciled Depreciation": 633000.0,
        "Reconciled Cost Of Revenue": 10155000.0,
        "EBITDA": -1452000.0,
        "EBIT": -2085000.0,
        "Normalized Income": -1362000.0,
        "Net Income From Continuing And Discontinued Operation": -1362000.0,
        "Total Expenses": 15543000.0,
        "Total Operating Income As Reported": -2085000.0,
        "Diluted Average Shares": 10410580.0,
        "Basic Average Shares": 10410580.0,
        "Diluted EPS": -0.13,
        "Basic EPS": -0.13,
        "Diluted NI Availto Com Stockholders": -1362000.0,
        "Net Income Common Stockholders": -1362000.0,
        "Net Income": -1362000.0,
        "Net Income Including Noncontrolling Interests": -1362000.0,
        "Net Income Continuous Operations": -1362000.0,
        "Tax Provision": -831000.0,
        "Pretax Income": -2193000.0,
        "Other Income Expense": -108000.0,
        "Other Non Operating Income Expenses": -108000.0,
        "Operating Income": -2085000.0,
        "Operating Expense": 5388000.0,
        "Research And Development": 769000.0,
        "Selling General And Administration": 4619000.0,
        "Gross Profit": 3303000.0,
        "Cost Of Revenue": 10155000.0,
        "Total Revenue": 13458000.0,
        "Operating Revenue": 13458000.0
    },
    "2024-04-30": {
        "Tax Effect Of Unusual Items": 0.0,
        "Tax Rate For Calcs": 0.21,
        "Normalized EBITDA": 218000.0,
        "Net Income From Continuing Operation Net Minority Interest": -4294000.0,
        "Reconciled Depreciation": 633000.0,
        "Reconciled Cost Of Revenue": 11286000.0,
        "EBITDA": 218000.0,
        "EBIT": -415000.0,
        "Normalized Income": -4294000.0,
        "Net Income From Continuing And Discontinued Operation": -4294000.0,
        "Total Expenses": 16525000.0,
        "Total Operating Income As Reported": -415000.0,
        "Diluted Average Shares": 10495548.0,
        "Basic Average Shares": 10495548.0,
        "Diluted EPS": -0.41,
        "Basic EPS": -0.41,
        "Diluted NI Availto Com Stockholders": -4294000.0,
        "Net Income Common Stockholders": -4294000.0,
        "Net Income": -4294000.0,
        "Net Income Including Noncontrolling Interests": -4294000.0,
        "Net Income Continuous Operations": -4294000.0,
        "Tax Provision": 3649000.0,
        "Pretax Income": -645000.0,
        "Other Income Expense": -230000.0,
        "Other Non Operating Income Expenses": -230000.0,
        "Operating Income": -415000.0,
        "Operating Expense": 5239000.0,
        "Research And Development": 637000.0,
        "Selling General And Administration": 4602000.0,
        "Gross Profit": 4824000.0,
        "Cost Of Revenue": 11286000.0,
        "Total Revenue": 16110000.0,
        "Operating Revenue": 16110000.0
    },
    "2024-07-31": {
        "Tax Effect Of Unusual Items": 0.0,
        "Tax Rate For Calcs": 0.068692,
        "Normalized EBITDA": 219000.0,
        "Net Income From Continuing Operation Net Minority Interest": -705000.0,
        "Reconciled Depreciation": 638000.0,
        "Reconciled Cost Of Revenue": 11875000.0,
        "EBITDA": 219000.0,
        "EBIT": -419000.0,
        "Normalized Income": -705000.0,
        "Net Income From Continuing And Discontinued Operation": -705000.0,
        "Total Expenses": 17255000.0,
        "Total Operating Income As Reported": -419000.0,
        "Diluted Average Shares": NaN,
        "Basic Average Shares": NaN,
        "Diluted EPS": NaN,
        "Basic EPS": NaN,
        "Diluted NI Availto Com Stockholders": -705000.0,
        "Net Income Common Stockholders": -705000.0,
        "Net Income": -705000.0,
        "Net Income Including Noncontrolling Interests": -705000.0,
        "Net Income Continuous Operations": -705000.0,
        "Tax Provision": -52000.0,
        "Pretax Income": -757000.0,
        "Other Income Expense": -338000.0,
        "Other Non Operating Income Expenses": -338000.0,
        "Operating Income": -419000.0,
        "Operating Expense": 5380000.0,
        "Research And Development": 653000.0,
        "Selling General And Administration": 4727000.0,
        "Gross Profit": 4961000.0,
        "Cost Of Revenue": 11875000.0,
        "Total Revenue": 16836000.0,
        "Operating Revenue": 16836000.0
    },
    "2024-10-31": {
        "Tax Effect Of Unusual Items": 0.0,
        "Tax Rate For Calcs": 0.21,
        "Normalized EBITDA": 728000.0,
        "Net Income From Continuing Operation Net Minority Interest": -238000.0,
        "Reconciled Depreciation": 632000.0,
        "Reconciled Cost Of Revenue": 12670000.0,
        "EBITDA": 728000.0,
        "EBIT": 96000.0,
        "Normalized Income": -238000.0,
        "Net Income From Continuing And Discontinued Operation": -238000.0,
        "Total Expenses": 18357000.0,
        "Total Operating Income As Reported": 96000.0,
        "Diluted Average Shares": 10526429.0,
        "Basic Average Shares": 10526429.0,
        "Diluted EPS": -0.02,
        "Basic EPS": -0.02,
        "Diluted NI Availto Com Stockholders": -238000.0,
        "Net Income Common Stockholders": -238000.0,
        "Net Income": -238000.0,
        "Net Income Including Noncontrolling Interests": -238000.0,
        "Net Income Continuous Operations": -238000.0,
        "Tax Provision": 30000.0,
        "Pretax Income": -208000.0,
        "Other Income Expense": -304000.0,
        "Other Non Operating Income Expenses": -304000.0,
        "Operating Income": 96000.0,
        "Operating Expense": 5687000.0,
        "Research And Development": 723000.0,
        "Selling General And Administration": 4964000.0,
        "Gross Profit": 5783000.0,
        "Cost Of Revenue": 12670000.0,
        "Total Revenue": 18453000.0,
        "Operating Revenue": 18453000.0
    },
    "2025-01-31": {
        "Tax Effect Of Unusual Items": 0.0,
        "Tax Rate For Calcs": 0.21,
        "Normalized EBITDA": 672000.0,
        "Net Income From Continuing Operation Net Minority Interest": -245000.0,
        "Reconciled Depreciation": 616000.0,
        "Reconciled Cost Of Revenue": 13483000.0,
        "EBITDA": 672000.0,
        "EBIT": 56000.0,
        "Normalized Income": -245000.0,
        "Net Income From Continuing And Discontinued Operation": -245000.0,
        "Total Expenses": 19144000.0,
        "Total Operating Income As Reported": 56000.0,
        "Diluted Average Shares": 10560922.0,
        "Basic Average Shares": 10560922.0,
        "Diluted EPS": -0.02,
        "Basic EPS": -0.02,
        "Diluted NI Availto Com Stockholders": -245000.0,
        "Net Income Common Stockholders": -245000.0,
        "Net Income": -245000.0,
        "Net Income Including Noncontrolling Interests": -245000.0,
        "Net Income Continuous Operations": -245000.0,
        "Tax Provision": 36000.0,
        "Pretax Income": -209000.0,
        "Other Income Expense": -265000.0,
        "Other Non Operating Income Expenses": -265000.0,
        "Operating Income": 56000.0,
        "Operating Expense": 5661000.0,
        "Research And Development": 682000.0,
        "Selling General And Administration": 4979000.0,
        "Gross Profit": 5717000.0,
        "Cost Of Revenue": 13483000.0,
        "Total Revenue": 19200000.0,
        "Operating Revenue": 19200000.0
    },
    "2025-04-30": {
        "Tax Effect Of Unusual Items": 0.0,
        "Tax Rate For Calcs": 0.21,
        "Normalized EBITDA": 721000.0,
        "Net Income From Continuing Operation Net Minority Interest": -245000.0,
        "Reconciled Depreciation": 615000.0,
        "Reconciled Cost Of Revenue": 12960000.0,
        "EBITDA": 721000.0,
        "EBIT": 106000.0,
        "Normalized Income": -245000.0,
        "Net Income From Continuing And Discontinued Operation": -245000.0,
        "Total Expenses": 18804000.0,
        "Total Operating Income As Reported": 106000.0,
        "Diluted Average Shares": 10669608.0,
        "Basic Average Shares": 10669608.0,
        "Diluted EPS": -0.02,
        "Basic EPS": -0.02,
        "Diluted NI Availto Com Stockholders": -245000.0,
        "Net Income Common Stockholders": -245000.0,
        "Net Income": -245000.0,
        "Net Income Including Noncontrolling Interests": -245000.0,
        "Net Income Continuous Operations": -245000.0,
        "Tax Provision": 135000.0,
        "Pretax Income": -110000.0,
        "Other Income Expense": -216000.0,
        "Other Non Operating Income Expenses": -216000.0,
        "Operating Income": 106000.0,
        "Operating Expense": 5844000.0,
        "Research And Development": 683000.0,
        "Selling General And Administration": 5161000.0,
        "Gross Profit": 5950000.0,
        "Cost Of Revenue": 12960000.0,
        "Total Revenue": 18910000.0,
        "Operating Revenue": 18910000.0
    },
    "2025-07-31": {
        "Tax Effect Of Unusual Items": 0.0,
        "Tax Rate For Calcs": 0.183333,
        "Normalized EBITDA": 1337000.0,
        "Net Income From Continuing Operation Net Minority Interest": 392000.0,
        "Reconciled Depreciation": 617000.0,
        "Reconciled Cost Of Revenue": 13071000.0,
        "EBITDA": 1337000.0,
        "EBIT": 720000.0,
        "Normalized Income": 392000.0,
        "Net Income From Continuing And Discontinued Operation": 392000.0,
        "Total Expenses": 19070000.0,
        "Total Operating Income As Reported": 720000.0,
        "Diluted Average Shares": 10774304.0,
        "Basic Average Shares": 10668375.0,
        "Diluted EPS": 0.04,
        "Basic EPS": 0.04,
        "Diluted NI Availto Com Stockholders": 392000.0,
        "Net Income Common Stockholders": 392000.0,
        "Net Income": 392000.0,
        "Net Income Including Noncontrolling Interests": 392000.0,
        "Net Income Continuous Operations": 392000.0,
        "Tax Provision": 88000.0,
        "Pretax Income": 480000.0,
        "Other Income Expense": -240000.0,
        "Other Non Operating Income Expenses": -240000.0,
        "Operating Income": 720000.0,
        "Operating Expense": 5999000.0,
        "Research And Development": 759000.0,
        "Selling General And Administration": 5240000.0,
        "Gross Profit": 6719000.0,
        "Cost Of Revenue": 13071000.0,
        "Total Revenue": 19790000.0,
        "Operating Revenue": 19790000.0
    },
    "2025-10-31": {
        "Tax Effect Of Unusual Items": NaN,
        "Tax Rate For Calcs": NaN,
        "Normalized EBITDA": NaN,
        "Net Income From Continuing Operation Net Minority Interest": NaN,
        "Reconciled Depreciation": NaN,
        "Reconciled Cost Of Revenue": NaN,
        "EBITDA": NaN,
        "EBIT": NaN,
        "Normalized Income": NaN,
        "Net Income From Continuing And Discontinued Operation": NaN,
        "Total Expenses": NaN,
        "Total Operating Income As Reported": NaN,
        "Diluted Average Shares": 10980051.0,
        "Basic Average Shares": 10692169.0,
        "Diluted EPS": 0.02,
        "Basic EPS": 0.02,
        "Diluted NI Availto Com Stockholders": NaN,
        "Net Income Common Stockholders": NaN,
        "Net Income": NaN,
        "Net Income Including Noncontrolling Interests": NaN,
        "Net Income Continuous Operations": NaN,
        "Tax Provision": NaN,
        "Pretax Income": NaN,
        "Other Income Expense": NaN,
        "Other Non Operating Income Expenses": NaN,
        "Operating Income": NaN,
        "Operating Expense": NaN,
        "Research And Development": NaN,
        "Selling General And Administration": NaN,
        "Gross Profit": NaN,
        "Cost Of Revenue": NaN,
        "Total Revenue": NaN,
        "Operating Revenue": NaN
    }
}