{
    "2023-03-31": {
        "Tax Effect Of Unusual Items": NaN,
        "Tax Rate For Calcs": NaN,
        "Normalized EBITDA": NaN,
        "Total Unusual Items": 0.0,
        "Total Unusual Items Excluding Goodwill": 0.0,
        "Net Income From Continuing Operation Net Minority Interest": NaN,
        "Reconciled Depreciation": NaN,
        "Reconciled Cost Of Revenue": NaN,
        "EBITDA": NaN,
        "EBIT": NaN,
        "Net Interest Income": NaN,
        "Interest Expense": NaN,
        "Normalized Income": NaN,
        "Net Income From Continuing And Discontinued Operation": NaN,
        "Total Expenses": NaN,
        "Total Operating Income As Reported": NaN,
        "Diluted Average Shares": NaN,
        "Basic Average Shares": NaN,
        "Diluted EPS": NaN,
        "Basic EPS": NaN,
        "Diluted NI Availto Com Stockholders": NaN,
        "Net Income Common Stockholders": NaN,
        "Net Income": NaN,
        "Net Income Including Noncontrolling Interests": NaN,
        "Net Income Continuous Operations": NaN,
        "Tax Provision": NaN,
        "Pretax Income": NaN,
        "Other Income Expense": NaN,
        "Other Non Operating Income Expenses": NaN,
        "Special Income Charges": 0.0,
        "Write Off": 0.0,
        "Earnings From Equity Interest": NaN,
        "Net Non Operating Interest Income Expense": NaN,
        "Interest Expense Non Operating": NaN,
        "Operating Income": NaN,
        "Operating Expense": NaN,
        "Other Taxes": NaN,
        "Depreciation Amortization Depletion Income Statement": NaN,
        "Depreciation And Amortization In Income Statement": NaN,
        "Gross Profit": NaN,
        "Cost Of Revenue": NaN,
        "Total Revenue": NaN,
        "Operating Revenue": NaN
    },
    "2022-12-31": {
        "Tax Effect Of Unusual Items": 0.0,
        "Tax Rate For Calcs": 0.234,
        "Normalized EBITDA": 8097407.0,
        "Total Unusual Items": NaN,
        "Total Unusual Items Excluding Goodwill": NaN,
        "Net Income From Continuing Operation Net Minority Interest": 3256405.0,
        "Reconciled Depreciation": 2477084.0,
        "Reconciled Cost Of Revenue": 24671716.0,
        "EBITDA": 8097407.0,
        "EBIT": 5620323.0,
        "Net Interest Income": -1369164.0,
        "Interest Expense": 1369164.0,
        "Normalized Income": 3256405.0,
        "Net Income From Continuing And Discontinued Operation": 3256405.0,
        "Total Expenses": 27737850.0,
        "Total Operating Income As Reported": 5544485.0,
        "Diluted Average Shares": 9837188.0,
        "Basic Average Shares": 9830206.0,
        "Diluted EPS": 0.33,
        "Basic EPS": 0.33,
        "Diluted NI Availto Com Stockholders": 3256405.0,
        "Net Income Common Stockholders": 3256405.0,
        "Net Income": 3256405.0,
        "Net Income Including Noncontrolling Interests": 3256405.0,
        "Net Income Continuous Operations": 3256405.0,
        "Tax Provision": 994754.0,
        "Pretax Income": 4251159.0,
        "Other Income Expense": 75838.0,
        "Other Non Operating Income Expenses": 74606.0,
        "Special Income Charges": NaN,
        "Write Off": NaN,
        "Earnings From Equity Interest": 1232.0,
        "Net Non Operating Interest Income Expense": -1369164.0,
        "Interest Expense Non Operating": 1369164.0,
        "Operating Income": 5544485.0,
        "Operating Expense": 3008591.0,
        "Other Taxes": 589050.0,
        "Depreciation Amortization Depletion Income Statement": 2419541.0,
        "Depreciation And Amortization In Income Statement": 2419541.0,
        "Gross Profit": 8553076.0,
        "Cost Of Revenue": 24729259.0,
        "Total Revenue": 33282335.0,
        "Operating Revenue": 33252767.0
    },
    "2022-09-30": {
        "Tax Effect Of Unusual Items": NaN,
        "Tax Rate For Calcs": NaN,
        "Normalized EBITDA": NaN,
        "Total Unusual Items": -15270090.0,
        "Total Unusual Items Excluding Goodwill": -15270090.0,
        "Net Income From Continuing Operation Net Minority Interest": NaN,
        "Reconciled Depreciation": NaN,
        "Reconciled Cost Of Revenue": NaN,
        "EBITDA": NaN,
        "EBIT": NaN,
        "Net Interest Income": NaN,
        "Interest Expense": NaN,
        "Normalized Income": NaN,
        "Net Income From Continuing And Discontinued Operation": NaN,
        "Total Expenses": NaN,
        "Total Operating Income As Reported": NaN,
        "Diluted Average Shares": NaN,
        "Basic Average Shares": NaN,
        "Diluted EPS": NaN,
        "Basic EPS": NaN,
        "Diluted NI Availto Com Stockholders": NaN,
        "Net Income Common Stockholders": NaN,
        "Net Income": NaN,
        "Net Income Including Noncontrolling Interests": NaN,
        "Net Income Continuous Operations": NaN,
        "Tax Provision": NaN,
        "Pretax Income": NaN,
        "Other Income Expense": NaN,
        "Other Non Operating Income Expenses": NaN,
        "Special Income Charges": -15270090.0,
        "Write Off": 15270090.0,
        "Earnings From Equity Interest": NaN,
        "Net Non Operating Interest Income Expense": NaN,
        "Interest Expense Non Operating": NaN,
        "Operating Income": NaN,
        "Operating Expense": NaN,
        "Other Taxes": NaN,
        "Depreciation Amortization Depletion Income Statement": NaN,
        "Depreciation And Amortization In Income Statement": NaN,
        "Gross Profit": NaN,
        "Cost Of Revenue": NaN,
        "Total Revenue": NaN,
        "Operating Revenue": NaN
    },
    "2022-06-30": {
        "Tax Effect Of Unusual Items": 0.0,
        "Tax Rate For Calcs": 0.22,
        "Normalized EBITDA": 4138585.0,
        "Total Unusual Items": 0.0,
        "Total Unusual Items Excluding Goodwill": 0.0,
        "Net Income From Continuing Operation Net Minority Interest": 592527.0,
        "Reconciled Depreciation": 2277037.0,
        "Reconciled Cost Of Revenue": 12762981.0,
        "EBITDA": 4138585.0,
        "EBIT": 1861548.0,
        "Net Interest Income": -1102214.0,
        "Interest Expense": 1102214.0,
        "Normalized Income": 592527.0,
        "Net Income From Continuing And Discontinued Operation": 592527.0,
        "Total Expenses": 15619727.0,
        "Total Operating Income As Reported": 1640172.0,
        "Diluted Average Shares": 9804289.0,
        "Basic Average Shares": 9798700.0,
        "Diluted EPS": 0.06,
        "Basic EPS": 0.06,
        "Diluted NI Availto Com Stockholders": 592527.0,
        "Net Income Common Stockholders": 592527.0,
        "Net Income": 592527.0,
        "Net Income Including Noncontrolling Interests": 592527.0,
        "Net Income Continuous Operations": 592527.0,
        "Tax Provision": 166807.0,
        "Pretax Income": 759334.0,
        "Other Income Expense": 221376.0,
        "Other Non Operating Income Expenses": 221141.0,
        "Special Income Charges": 0.0,
        "Write Off": 0.0,
        "Earnings From Equity Interest": 235.0,
        "Net Non Operating Interest Income Expense": -1102214.0,
        "Interest Expense Non Operating": 1102214.0,
        "Operating Income": 1640172.0,
        "Operating Expense": 2798031.0,
        "Other Operating Expenses": NaN,
        "Other Taxes": 579709.0,
        "Depreciation Amortization Depletion Income Statement": 2218322.0,
        "Depreciation And Amortization In Income Statement": 2218322.0,
        "Gross Profit": 4438203.0,
        "Cost Of Revenue": 12821696.0,
        "Total Revenue": 17259899.0,
        "Operating Revenue": 17259899.0
    },
    "2022-03-31": {
        "Diluted EPS": -2.89,
        "Total Revenue": 30,
        "Gross Profit": 15,
        "Operating Income": 7,
        "EBIT": 10,
        "Net Income": -24
    },
    "2021-12-31": {
        "Diluted EPS": 0.43,
        "Total Revenue": 23,
        "Gross Profit": 12,
        "Operating Income": 5,
        "EBIT": 8,
        "Net Income": 4
    },
    "2021-09-30": {
        "Diluted EPS": -0.01,
        "Total Revenue": 13,
        "Gross Profit": 7,
        "Operating Income": 1,
        "EBIT": 3,
        "Net Income": 0
    },
    "2021-06-30": {
        "Diluted EPS": 0.07,
        "Total Revenue": 14,
        "Gross Profit": 8,
        "Operating Income": 2,
        "EBIT": 4,
        "Net Income": 1
    },
    "2021-03-31": {
        "Diluted EPS": 0.58,
        "Total Revenue": 28,
        "Gross Profit": 14,
        "Operating Income": 7,
        "EBIT": 9,
        "Net Income": 5
    },
    "2020-12-31": {
        "Diluted EPS": 0.58,
        "Total Revenue": 20,
        "Gross Profit": 12,
        "Operating Income": 6,
        "EBIT": 8,
        "Net Income": 5
    },
    "2020-09-30": {
        "Diluted EPS": -0.04,
        "Total Revenue": 10,
        "Gross Profit": 6,
        "Operating Income": -1,
        "EBIT": 1,
        "Net Income": 0
    },
    "2020-06-30": {
        "Diluted EPS": 0.15,
        "Total Revenue": 11,
        "Gross Profit": 7,
        "Operating Income": 1,
        "EBIT": 3,
        "Net Income": 1
    },
    "2020-03-31": {
        "Diluted EPS": 0.7,
        "Total Revenue": 22,
        "Gross Profit": 14,
        "Operating Income": 7,
        "EBIT": 9,
        "Net Income": 6
    },
    "2019-12-31": {
        "Diluted EPS": 0.49,
        "Total Revenue": 20,
        "Gross Profit": 12,
        "Operating Income": 5,
        "EBIT": 7,
        "Net Income": 4
    },
    "2019-09-30": {
        "Diluted EPS": 0.06,
        "Total Revenue": 10,
        "Gross Profit": 6,
        "Operating Income": 0,
        "EBIT": 2,
        "Net Income": 0
    },
    "2019-06-30": {
        "Diluted EPS": 0.14,
        "Total Revenue": 12,
        "Gross Profit": 7,
        "Operating Income": 2,
        "EBIT": 4,
        "Net Income": 1
    },
    "2019-03-31": {
        "Diluted EPS": 0.58,
        "Total Revenue": 25,
        "Gross Profit": 12,
        "Operating Income": 6,
        "EBIT": 8,
        "Net Income": 5
    },
    "2018-12-31": {
        "Diluted EPS": 0.3,
        "Total Revenue": 21,
        "Gross Profit": 9,
        "Operating Income": 3,
        "EBIT": 5,
        "Net Income": 2
    },
    "2018-09-30": {
        "Diluted EPS": 0.06,
        "Total Revenue": 10,
        "Gross Profit": 6,
        "Operating Income": 1,
        "EBIT": 3,
        "Net Income": 1
    },
    "2018-06-30": {
        "Diluted EPS": 0.14,
        "Total Revenue": 12,
        "Gross Profit": 7,
        "Operating Income": 2,
        "EBIT": 4,
        "Net Income": 1
    },
    "2018-03-31": {
        "Diluted EPS": 0.47,
        "Total Revenue": 25,
        "Gross Profit": 11,
        "Operating Income": 5,
        "EBIT": 7,
        "Net Income": 3
    },
    "2017-12-31": {
        "Diluted EPS": 0.28,
        "Total Revenue": 19,
        "Gross Profit": 9,
        "Operating Income": 4,
        "EBIT": 5,
        "Net Income": 2
    },
    "2017-09-30": {
        "Diluted EPS": 0.02,
        "Total Revenue": 10,
        "Gross Profit": 6,
        "Operating Income": 1,
        "EBIT": 1,
        "Net Income": 0
    },
    "2017-06-30": {
        "Diluted EPS": 0.08,
        "Total Revenue": 11,
        "Gross Profit": 7,
        "Operating Income": 1,
        "EBIT": 3,
        "Net Income": 1
    },
    "2017-03-31": {
        "Diluted EPS": 0.45,
        "Total Revenue": 22,
        "Gross Profit": 11,
        "Operating Income": 6,
        "EBIT": 7,
        "Net Income": 3
    },
    "2016-12-31": {
        "Diluted EPS": 0.31,
        "Total Revenue": 19,
        "Gross Profit": 9,
        "Operating Income": 4,
        "EBIT": 6,
        "Net Income": 2
    },
    "2016-09-30": {
        "Diluted EPS": 0.01,
        "Total Revenue": 10,
        "Gross Profit": 6,
        "Operating Income": 1,
        "EBIT": 2,
        "Net Income": 0
    },
    "2016-06-30": {
        "Diluted EPS": 0.09,
        "Total Revenue": 11,
        "Gross Profit": 6,
        "Operating Income": 1,
        "EBIT": 3,
        "Net Income": 1
    },
    "2016-03-31": {
        "Diluted EPS": 0.44,
        "Total Revenue": 22,
        "Gross Profit": 11,
        "Operating Income": 5,
        "EBIT": 7,
        "Net Income": 3
    },
    "2015-12-31": {
        "Diluted EPS": 0.27,
        "Total Revenue": 16,
        "Gross Profit": 9,
        "Operating Income": 3,
        "EBIT": 5,
        "Net Income": 2
    },
    "2015-09-30": {
        "Diluted EPS": 0.01,
        "Total Revenue": 10,
        "Gross Profit": 5,
        "Operating Income": 1,
        "EBIT": 2,
        "Net Income": 0
    },
    "2015-06-30": {
        "Diluted EPS": 0.05,
        "Total Revenue": 11,
        "Gross Profit": 6,
        "Operating Income": 1,
        "EBIT": 2,
        "Net Income": 0
    },
    "2015-03-31": {
        "Diluted EPS": 0.39,
        "Total Revenue": 26,
        "Gross Profit": 10,
        "Operating Income": 5,
        "EBIT": 6,
        "Net Income": 3
    },
    "2014-12-31": {
        "Diluted EPS": 0.27,
        "Total Revenue": 21,
        "Gross Profit": 9,
        "Operating Income": 4,
        "EBIT": 5,
        "Net Income": 2
    },
    "2014-09-30": {
        "Diluted EPS": -0.02,
        "Total Revenue": 10,
        "Gross Profit": 5,
        "Operating Income": 0,
        "EBIT": 1,
        "Net Income": 0
    },
    "2014-06-30": {
        "Diluted EPS": 0.04,
        "Total Revenue": 12,
        "Gross Profit": 6,
        "Operating Income": 1,
        "EBIT": 2,
        "Net Income": 0
    },
    "2014-03-31": {
        "Diluted EPS": 0.4,
        "Total Revenue": 33,
        "Gross Profit": 10,
        "Operating Income": 5,
        "EBIT": 6,
        "Net Income": 3
    },
    "2013-12-31": {
        "Diluted EPS": 0.25,
        "Total Revenue": 20,
        "Gross Profit": 8,
        "Operating Income": 3,
        "EBIT": 5,
        "Net Income": 2
    },
    "2013-09-30": {
        "Diluted EPS": -0.01,
        "Total Revenue": 9,
        "Gross Profit": 5,
        "Operating Income": 0,
        "EBIT": 2,
        "Net Income": 0
    },
    "2013-06-30": {
        "Diluted EPS": 0.01,
        "Total Revenue": 11,
        "Gross Profit": 5,
        "Operating Income": 1,
        "EBIT": 2,
        "Net Income": 0
    },
    "2013-03-31": {
        "Diluted EPS": 0.38,
        "Total Revenue": 24,
        "Gross Profit": 10,
        "Operating Income": 5,
        "EBIT": 6,
        "Net Income": 3
    },
    "2012-12-31": {
        "Diluted EPS": 0.22,
        "Total Revenue": 19,
        "Gross Profit": 8,
        "Operating Income": 3,
        "EBIT": 4,
        "Net Income": 2
    },
    "2012-09-30": {
        "Diluted EPS": -0.01,
        "Total Revenue": 9,
        "Gross Profit": 5,
        "Operating Income": 0,
        "EBIT": 1,
        "Net Income": 0
    },
    "2012-06-30": {
        "Diluted EPS": 0.01,
        "Total Revenue": 10,
        "Gross Profit": 5,
        "Operating Income": 1,
        "EBIT": 2,
        "Net Income": 0
    },
    "2012-03-31": {
        "Diluted EPS": 0.35,
        "Total Revenue": 21,
        "Gross Profit": 9,
        "Operating Income": 4,
        "EBIT": 6,
        "Net Income": 2
    },
    "2011-12-31": {
        "Diluted EPS": 0.27,
        "Total Revenue": 18,
        "Gross Profit": 8,
        "Operating Income": 3,
        "EBIT": 5,
        "Net Income": 2
    },
    "2011-09-30": {
        "Diluted EPS": 0.0,
        "Total Revenue": 10,
        "Gross Profit": 5,
        "Operating Income": 0,
        "EBIT": 1,
        "Net Income": 0
    },
    "2011-06-30": {
        "Diluted EPS": 0.03,
        "Total Revenue": 11,
        "Gross Profit": 5,
        "Operating Income": 1,
        "EBIT": 2,
        "Net Income": 0
    },
    "2011-03-31": {
        "Diluted EPS": 0.37,
        "Total Revenue": 27,
        "Gross Profit": 9,
        "Operating Income": 5,
        "EBIT": 6,
        "Net Income": 3
    },
    "2010-12-31": {
        "Diluted EPS": 0.29,
        "Total Revenue": 23,
        "Gross Profit": 8,
        "Operating Income": 4,
        "EBIT": 5,
        "Net Income": 2
    },
    "2010-09-30": {
        "Diluted EPS": -0.02,
        "Total Revenue": 9,
        "Gross Profit": 5,
        "Operating Income": 0,
        "EBIT": 1,
        "Net Income": 0
    },
    "2010-06-30": {
        "Diluted EPS": 0.0,
        "Total Revenue": 10,
        "Gross Profit": 5,
        "Operating Income": 0,
        "EBIT": 1,
        "Net Income": 0
    },
    "2010-03-31": {
        "Diluted EPS": 0.41,
        "Total Revenue": 32,
        "Gross Profit": 9,
        "Operating Income": 5,
        "EBIT": 6,
        "Net Income": 3
    },
    "2009-12-31": {
        "Diluted EPS": 0.27,
        "Total Revenue": 23,
        "Gross Profit": 8,
        "Operating Income": 3,
        "EBIT": 4,
        "Net Income": 2
    },
    "2009-09-30": {
        "Diluted EPS": 0.02,
        "Total Revenue": 9,
        "Gross Profit": 5,
        "Operating Income": 1,
        "EBIT": 1,
        "Net Income": 0
    },
    "2009-06-30": {
        "Diluted EPS": 0.02,
        "Total Revenue": 11,
        "Gross Profit": 5,
        "Operating Income": 1,
        "EBIT": 2,
        "Net Income": 0
    },
    "2009-03-31": {
        "Diluted EPS": 0.4,
        "Total Revenue": 34,
        "Gross Profit": 9,
        "Operating Income": 5,
        "EBIT": 6,
        "Net Income": 3
    },
    "2023-06-30": {
        "Tax Effect Of Unusual Items": NaN,
        "Tax Rate For Calcs": NaN,
        "Normalized EBITDA": NaN,
        "Total Unusual Items": 0.0,
        "Total Unusual Items Excluding Goodwill": 0.0,
        "Net Income From Continuing Operation Net Minority Interest": NaN,
        "Reconciled Depreciation": NaN,
        "Reconciled Cost Of Revenue": NaN,
        "EBITDA": NaN,
        "EBIT": NaN,
        "Net Interest Income": NaN,
        "Interest Expense": NaN,
        "Normalized Income": NaN,
        "Net Income From Continuing And Discontinued Operation": NaN,
        "Total Expenses": NaN,
        "Total Operating Income As Reported": NaN,
        "Diluted Average Shares": NaN,
        "Basic Average Shares": NaN,
        "Diluted EPS": NaN,
        "Basic EPS": NaN,
        "Diluted NI Availto Com Stockholders": NaN,
        "Net Income Common Stockholders": NaN,
        "Net Income": NaN,
        "Net Income Including Noncontrolling Interests": NaN,
        "Net Income Continuous Operations": NaN,
        "Tax Provision": NaN,
        "Pretax Income": NaN,
        "Other Income Expense": NaN,
        "Other Non Operating Income Expenses": NaN,
        "Special Income Charges": 0.0,
        "Write Off": 0.0,
        "Earnings From Equity Interest": NaN,
        "Net Non Operating Interest Income Expense": NaN,
        "Interest Expense Non Operating": NaN,
        "Operating Income": NaN,
        "Operating Expense": NaN,
        "Other Taxes": NaN,
        "Depreciation Amortization Depletion Income Statement": NaN,
        "Depreciation And Amortization In Income Statement": NaN,
        "Gross Profit": NaN,
        "Cost Of Revenue": NaN,
        "Total Revenue": NaN,
        "Operating Revenue": NaN
    },
    "2023-09-30": {
        "Tax Effect Of Unusual Items": NaN,
        "Tax Rate For Calcs": NaN,
        "Normalized EBITDA": NaN,
        "Total Unusual Items": 0.0,
        "Total Unusual Items Excluding Goodwill": 0.0,
        "Net Income From Continuing Operation Net Minority Interest": NaN,
        "Reconciled Depreciation": NaN,
        "Reconciled Cost Of Revenue": NaN,
        "EBITDA": NaN,
        "EBIT": NaN,
        "Net Interest Income": NaN,
        "Interest Expense": NaN,
        "Normalized Income": NaN,
        "Net Income From Continuing And Discontinued Operation": NaN,
        "Total Expenses": NaN,
        "Total Operating Income As Reported": NaN,
        "Diluted Average Shares": NaN,
        "Basic Average Shares": NaN,
        "Diluted EPS": NaN,
        "Basic EPS": NaN,
        "Diluted NI Availto Com Stockholders": NaN,
        "Net Income Common Stockholders": NaN,
        "Net Income": NaN,
        "Net Income Including Noncontrolling Interests": NaN,
        "Net Income Continuous Operations": NaN,
        "Tax Provision": NaN,
        "Pretax Income": NaN,
        "Other Income Expense": NaN,
        "Other Non Operating Income Expenses": NaN,
        "Special Income Charges": 0.0,
        "Write Off": 0.0,
        "Earnings From Equity Interest": NaN,
        "Net Non Operating Interest Income Expense": NaN,
        "Interest Expense Non Operating": NaN,
        "Operating Income": NaN,
        "Operating Expense": NaN,
        "Other Taxes": NaN,
        "Depreciation Amortization Depletion Income Statement": NaN,
        "Depreciation And Amortization In Income Statement": NaN,
        "Gross Profit": NaN,
        "Cost Of Revenue": NaN,
        "Total Revenue": NaN,
        "Operating Revenue": NaN
    },
    "2023-12-31": {
        "Tax Effect Of Unusual Items": 0.0,
        "Tax Rate For Calcs": 0.24,
        "Normalized EBITDA": 11002578.0,
        "Total Unusual Items": NaN,
        "Total Unusual Items Excluding Goodwill": NaN,
        "Net Income From Continuing Operation Net Minority Interest": 5019992.0,
        "Reconciled Depreciation": 2761920.0,
        "Reconciled Cost Of Revenue": 14373150.0,
        "EBITDA": 11002578.0,
        "EBIT": 8240658.0,
        "Net Interest Income": -1636273.0,
        "Interest Expense": 1636273.0,
        "Normalized Income": 5019992.0,
        "Net Income From Continuing And Discontinued Operation": 5019992.0,
        "Total Expenses": 17767315.0,
        "Total Operating Income As Reported": 6652037.0,
        "Diluted Average Shares": 10031354.0,
        "Basic Average Shares": 10029243.0,
        "Diluted EPS": 0.5,
        "Basic EPS": 0.5,
        "Diluted NI Availto Com Stockholders": 5019992.0,
        "Net Income Common Stockholders": 5019992.0,
        "Net Income": 5019992.0,
        "Net Income Including Noncontrolling Interests": 5019992.0,
        "Net Income Continuous Operations": 5019992.0,
        "Tax Provision": 1584393.0,
        "Pretax Income": 6604385.0,
        "Other Income Expense": 1588621.0,
        "Other Non Operating Income Expenses": 120786.0,
        "Special Income Charges": NaN,
        "Write Off": NaN,
        "Earnings From Equity Interest": 1467835.0,
        "Net Non Operating Interest Income Expense": -1636273.0,
        "Interest Expense Non Operating": 1636273.0,
        "Operating Income": 6652037.0,
        "Operating Expense": 3329952.0,
        "Other Taxes": 632245.0,
        "Depreciation Amortization Depletion Income Statement": 2697707.0,
        "Depreciation And Amortization In Income Statement": 2697707.0,
        "Gross Profit": 9981989.0,
        "Cost Of Revenue": 14437363.0,
        "Total Revenue": 24419352.0,
        "Operating Revenue": 24391854.0
    },
    "2024-03-31": {
        "Tax Effect Of Unusual Items": 0.0,
        "Tax Rate For Calcs": 0.231279,
        "Normalized EBITDA": 12710501.0,
        "Net Income From Continuing Operation Net Minority Interest": 6443390.0,
        "Reconciled Depreciation": 2761921.0,
        "Reconciled Cost Of Revenue": 20564535.0,
        "EBITDA": 12710501.0,
        "EBIT": 9948580.0,
        "Net Interest Income": -1566613.0,
        "Interest Expense": 1566613.0,
        "Normalized Income": 6443390.0,
        "Net Income From Continuing And Discontinued Operation": 6443390.0,
        "Total Expenses": 24029667.0,
        "Total Operating Income As Reported": 8629709.0,
        "Diluted Average Shares": 10174006.0,
        "Basic Average Shares": 10170595.0,
        "Diluted EPS": 0.63,
        "Basic EPS": 0.63,
        "Diluted NI Availto Com Stockholders": 6443390.0,
        "Net Income Common Stockholders": 6443390.0,
        "Net Income": 6443390.0,
        "Net Income Including Noncontrolling Interests": 6443390.0,
        "Net Income Continuous Operations": 6443390.0,
        "Tax Provision": 1938577.0,
        "Pretax Income": 8381967.0,
        "Other Income Expense": 1318871.0,
        "Other Non Operating Income Expenses": 89487.0,
        "Earnings From Equity Interest": 1229384.0,
        "Net Non Operating Interest Income Expense": -1566613.0,
        "Interest Expense Non Operating": 1566613.0,
        "Operating Income": 8629709.0,
        "Operating Expense": 3400918.0,
        "Other Taxes": 703211.0,
        "Depreciation Amortization Depletion Income Statement": 2697707.0,
        "Depreciation And Amortization In Income Statement": 2697707.0,
        "Gross Profit": 12030627.0,
        "Cost Of Revenue": 20628749.0,
        "Total Revenue": 32659376.0,
        "Operating Revenue": 32632331.0
    },
    "2024-06-30": {
        "Tax Effect Of Unusual Items": 0.0,
        "Tax Rate For Calcs": 0.231,
        "Normalized EBITDA": 4532768.0,
        "Net Income From Continuing Operation Net Minority Interest": 156692.0,
        "Reconciled Depreciation": 2761920.0,
        "Reconciled Cost Of Revenue": 9506699.0,
        "EBITDA": 4532768.0,
        "EBIT": 1770848.0,
        "Net Interest Income": -1567093.0,
        "Interest Expense": 1567093.0,
        "Normalized Income": 156692.0,
        "Net Income From Continuing And Discontinued Operation": 156692.0,
        "Total Expenses": 12900609.0,
        "Total Operating Income As Reported": 1557593.0,
        "Diluted Average Shares": 10192797.0,
        "Basic Average Shares": 10188592.0,
        "Diluted EPS": 0.02,
        "Basic EPS": 0.02,
        "Diluted NI Availto Com Stockholders": 156692.0,
        "Net Income Common Stockholders": 156692.0,
        "Net Income": 156692.0,
        "Net Income Including Noncontrolling Interests": 156692.0,
        "Net Income Continuous Operations": 156692.0,
        "Tax Provision": 47063.0,
        "Pretax Income": 203755.0,
        "Other Income Expense": 213255.0,
        "Other Non Operating Income Expenses": -69349.0,
        "Earnings From Equity Interest": 282604.0,
        "Net Non Operating Interest Income Expense": -1567093.0,
        "Interest Expense Non Operating": 1567093.0,
        "Operating Income": 1557593.0,
        "Operating Expense": 3329697.0,
        "Other Taxes": 631990.0,
        "Depreciation Amortization Depletion Income Statement": 2697707.0,
        "Depreciation And Amortization In Income Statement": 2697707.0,
        "Gross Profit": 4887290.0,
        "Cost Of Revenue": 9570912.0,
        "Total Revenue": 14458202.0,
        "Operating Revenue": 14431379.0
    },
    "2024-09-30": {
        "Tax Effect Of Unusual Items": 0.0,
        "Tax Rate For Calcs": 0.21,
        "Normalized EBITDA": 4427279.0,
        "Net Income From Continuing Operation Net Minority Interest": 140822.0,
        "Reconciled Depreciation": 2232333.0,
        "Reconciled Cost Of Revenue": 9902342.0,
        "EBITDA": 4427279.0,
        "EBIT": 2002306.0,
        "Net Interest Income": -1734906.0,
        "Interest Expense": 1734906.0,
        "Normalized Income": 140822.0,
        "Net Income From Continuing And Discontinued Operation": 140822.0,
        "Total Expenses": 12861881.0,
        "Total Operating Income As Reported": 242421.0,
        "Diluted Average Shares": 10228365.0,
        "Basic Average Shares": 10223785.0,
        "Diluted EPS": 0.01,
        "Basic EPS": 0.01,
        "Diluted NI Availto Com Stockholders": 140822.0,
        "Net Income Common Stockholders": 140822.0,
        "Net Income": 140822.0,
        "Net Income Including Noncontrolling Interests": 140822.0,
        "Net Income Continuous Operations": 140822.0,
        "Tax Provision": 126578.0,
        "Pretax Income": 267400.0,
        "Other Income Expense": 1759885.0,
        "Other Non Operating Income Expenses": 887837.0,
        "Earnings From Equity Interest": 872048.0,
        "Net Non Operating Interest Income Expense": -1734906.0,
        "Interest Expense Non Operating": 1734906.0,
        "Operating Income": 242421.0,
        "Operating Expense": 3152179.0,
        "Other Taxes": 727206.0,
        "Depreciation Amortization Depletion Income Statement": 2424973.0,
        "Depreciation And Amortization In Income Statement": 2424973.0,
        "Gross Profit": 3394600.0,
        "Cost Of Revenue": 9709702.0,
        "Total Revenue": 13104302.0,
        "Operating Revenue": 13077537.0
    },
    "2024-12-31": {
        "Tax Effect Of Unusual Items": 0.0,
        "Tax Rate For Calcs": 0.234,
        "Normalized EBITDA": 11498930.0,
        "Net Income From Continuing Operation Net Minority Interest": 5269689.0,
        "Reconciled Depreciation": 2843360.0,
        "Reconciled Cost Of Revenue": 16395729.0,
        "EBITDA": 11498930.0,
        "EBIT": 8655570.0,
        "Net Interest Income": -1779930.0,
        "Interest Expense": 1779930.0,
        "Normalized Income": 5269689.0,
        "Net Income From Continuing And Discontinued Operation": 5269689.0,
        "Total Expenses": 19961465.0,
        "Total Operating Income As Reported": 7328021.0,
        "Diluted Average Shares": 10263997.0,
        "Basic Average Shares": 10259717.0,
        "Diluted EPS": 0.51,
        "Basic EPS": 0.51,
        "Diluted NI Availto Com Stockholders": 5269689.0,
        "Net Income Common Stockholders": 5269689.0,
        "Net Income": 5269689.0,
        "Net Income Including Noncontrolling Interests": 5269689.0,
        "Net Income Continuous Operations": 5269689.0,
        "Tax Provision": 1605951.0,
        "Pretax Income": 6875640.0,
        "Other Income Expense": 1327549.0,
        "Other Non Operating Income Expenses": 473336.0,
        "Earnings From Equity Interest": 854213.0,
        "Net Non Operating Interest Income Expense": -1779930.0,
        "Interest Expense Non Operating": 1779930.0,
        "Operating Income": 7328021.0,
        "Operating Expense": 3565736.0,
        "Other Taxes": 722376.0,
        "Depreciation Amortization Depletion Income Statement": 2843360.0,
        "Depreciation And Amortization In Income Statement": 2843360.0,
        "Gross Profit": 10893757.0,
        "Cost Of Revenue": 16395729.0,
        "Total Revenue": 27289486.0,
        "Operating Revenue": 27263204.0
    },
    "2025-03-31": {
        "Tax Effect Of Unusual Items": 0.0,
        "Tax Rate For Calcs": 0.235,
        "Normalized EBITDA": 14521518.0,
        "Net Income From Continuing Operation Net Minority Interest": 7676208.0,
        "Reconciled Depreciation": 2856768.0,
        "Reconciled Cost Of Revenue": 22390762.0,
        "EBITDA": 14521518.0,
        "EBIT": 11664750.0,
        "Net Interest Income": -1630275.0,
        "Interest Expense": 1630275.0,
        "Normalized Income": 7676208.0,
        "Net Income From Continuing And Discontinued Operation": 7676208.0,
        "Total Expenses": 26062155.0,
        "Total Operating Income As Reported": 10399942.0,
        "Diluted Average Shares": 10308368.0,
        "Basic Average Shares": 10304222.0,
        "Diluted EPS": 0.74,
        "Basic EPS": 0.74,
        "Diluted NI Availto Com Stockholders": 7676208.0,
        "Net Income Common Stockholders": 7676208.0,
        "Net Income": 7676208.0,
        "Net Income Including Noncontrolling Interests": 7676208.0,
        "Net Income Continuous Operations": 7676208.0,
        "Tax Provision": 2358267.0,
        "Pretax Income": 10034475.0,
        "Other Income Expense": 1264808.0,
        "Other Non Operating Income Expenses": 463633.0,
        "Earnings From Equity Interest": 801175.0,
        "Net Non Operating Interest Income Expense": -1630275.0,
        "Interest Expense Non Operating": 1630275.0,
        "Operating Income": 10399942.0,
        "Operating Expense": 3671393.0,
        "Other Taxes": 814625.0,
        "Depreciation Amortization Depletion Income Statement": 2856768.0,
        "Depreciation And Amortization In Income Statement": 2856768.0,
        "Gross Profit": 14071335.0,
        "Cost Of Revenue": 22390762.0,
        "Total Revenue": 36462097.0,
        "Operating Revenue": 36435936.0
    },
    "2025-06-30": {
        "Tax Effect Of Unusual Items": 0.0,
        "Tax Rate For Calcs": 0.231,
        "Normalized EBITDA": 5121986.0,
        "Net Income From Continuing Operation Net Minority Interest": 538412.0,
        "Reconciled Depreciation": 2909344.0,
        "Reconciled Cost Of Revenue": 12408644.0,
        "EBITDA": 5121986.0,
        "EBIT": 2212642.0,
        "Net Interest Income": -1512754.0,
        "Interest Expense": 1512754.0,
        "Normalized Income": 538412.0,
        "Net Income From Continuing And Discontinued Operation": 538412.0,
        "Total Expenses": 16068055.0,
        "Total Operating Income As Reported": 1196560.0,
        "Diluted Average Shares": 10324165.0,
        "Basic Average Shares": 10319232.0,
        "Diluted EPS": 0.05,
        "Basic EPS": 0.05,
        "Diluted NI Availto Com Stockholders": 538412.0,
        "Net Income Common Stockholders": 538412.0,
        "Net Income": 538412.0,
        "Net Income Including Noncontrolling Interests": 538412.0,
        "Net Income Continuous Operations": 538412.0,
        "Tax Provision": 161476.0,
        "Pretax Income": 699888.0,
        "Other Income Expense": 1016082.0,
        "Other Non Operating Income Expenses": 244000.0,
        "Earnings From Equity Interest": 772082.0,
        "Net Non Operating Interest Income Expense": -1512754.0,
        "Interest Expense Non Operating": 1512754.0,
        "Operating Income": 1196560.0,
        "Operating Expense": 3659411.0,
        "Other Taxes": 750067.0,
        "Depreciation Amortization Depletion Income Statement": 2909344.0,
        "Depreciation And Amortization In Income Statement": 2909344.0,
        "Gross Profit": 4855971.0,
        "Cost Of Revenue": 12408644.0,
        "Total Revenue": 17264615.0,
        "Operating Revenue": 17239550.0
    }
}