{
    "2023-03-31": {
        "Tax Effect Of Unusual Items": NaN,
        "Tax Rate For Calcs": NaN,
        "Normalized EBITDA": NaN,
        "Total Unusual Items": NaN,
        "Total Unusual Items Excluding Goodwill": NaN,
        "Net Income From Continuing Operation Net Minority Interest": NaN,
        "Reconciled Depreciation": NaN,
        "Reconciled Cost Of Revenue": NaN,
        "EBITDA": NaN,
        "EBIT": NaN,
        "Net Interest Income": NaN,
        "Interest Expense": NaN,
        "Normalized Income": NaN,
        "Net Income From Continuing And Discontinued Operation": NaN,
        "Total Expenses": NaN,
        "Total Operating Income As Reported": NaN,
        "Diluted Average Shares": NaN,
        "Basic Average Shares": NaN,
        "Diluted EPS": NaN,
        "Basic EPS": NaN,
        "Diluted NI Availto Com Stockholders": NaN,
        "Average Dilution Earnings": 0.0,
        "Net Income Common Stockholders": NaN,
        "Net Income": NaN,
        "Net Income Including Noncontrolling Interests": NaN,
        "Net Income Continuous Operations": NaN,
        "Tax Provision": NaN,
        "Pretax Income": NaN,
        "Other Income Expense": NaN,
        "Other Non Operating Income Expenses": NaN,
        "Special Income Charges": NaN,
        "Restructuring And Mergern Acquisition": NaN,
        "Gain On Sale Of Security": NaN,
        "Net Non Operating Interest Income Expense": NaN,
        "Total Other Finance Cost": NaN,
        "Interest Expense Non Operating": NaN,
        "Operating Income": NaN,
        "Operating Expense": NaN,
        "Research And Development": NaN,
        "Selling General And Administration": NaN,
        "General And Administrative Expense": 56170000.0,
        "Other Gand A": 50294000.0,
        "Salaries And Wages": 5876000.0,
        "Gross Profit": NaN,
        "Cost Of Revenue": NaN,
        "Total Revenue": NaN,
        "Operating Revenue": NaN
    },
    "2022-12-31": {
        "Tax Effect Of Unusual Items": 1698509.738421,
        "Tax Rate For Calcs": 0.080342,
        "Normalized EBITDA": 46495000.0,
        "Total Unusual Items": 21141000.0,
        "Total Unusual Items Excluding Goodwill": 21141000.0,
        "Net Income From Continuing Operation Net Minority Interest": 48729000.0,
        "Reconciled Depreciation": 14380000.0,
        "Reconciled Cost Of Revenue": 90700000.0,
        "EBITDA": 67636000.0,
        "EBIT": 53256000.0,
        "Net Interest Income": -725000.0,
        "Interest Expense": 270000.0,
        "Normalized Income": 29286509.738421,
        "Net Income From Continuing And Discontinued Operation": 48729000.0,
        "Total Expenses": 155050000.0,
        "Total Operating Income As Reported": 48837000.0,
        "Diluted Average Shares": 57105172.0,
        "Basic Average Shares": 55542248.0,
        "Diluted EPS": 0.85,
        "Basic EPS": 0.88,
        "Diluted NI Availto Com Stockholders": 48342000.0,
        "Average Dilution Earnings": NaN,
        "Net Income Common Stockholders": 48729000.0,
        "Net Income": 48729000.0,
        "Net Income Including Noncontrolling Interests": 48729000.0,
        "Net Income Continuous Operations": 48729000.0,
        "Tax Provision": 4257000.0,
        "Pretax Income": 52986000.0,
        "Other Income Expense": 21999000.0,
        "Other Non Operating Income Expenses": 858000.0,
        "Special Income Charges": 17125000.0,
        "Restructuring And Mergern Acquisition": -17125000.0,
        "Gain On Sale Of Security": 4016000.0,
        "Net Non Operating Interest Income Expense": -725000.0,
        "Total Other Finance Cost": 455000.0,
        "Interest Expense Non Operating": 270000.0,
        "Operating Income": 31712000.0,
        "Operating Expense": 64350000.0,
        "Research And Development": 11113000.0,
        "Selling General And Administration": 53237000.0,
        "Gross Profit": 96062000.0,
        "Cost Of Revenue": 90700000.0,
        "Total Revenue": 186762000.0,
        "Operating Revenue": 186762000.0
    },
    "2022-09-30": {
        "Tax Effect Of Unusual Items": NaN,
        "Tax Rate For Calcs": NaN,
        "Normalized EBITDA": NaN,
        "Total Unusual Items": NaN,
        "Total Unusual Items Excluding Goodwill": NaN,
        "Net Income From Continuing Operation Net Minority Interest": NaN,
        "Reconciled Depreciation": NaN,
        "Reconciled Cost Of Revenue": NaN,
        "EBITDA": NaN,
        "EBIT": NaN,
        "Net Interest Income": NaN,
        "Interest Expense": NaN,
        "Normalized Income": NaN,
        "Net Income From Continuing And Discontinued Operation": NaN,
        "Total Expenses": NaN,
        "Total Operating Income As Reported": NaN,
        "Diluted Average Shares": NaN,
        "Basic Average Shares": NaN,
        "Diluted EPS": NaN,
        "Basic EPS": NaN,
        "Diluted NI Availto Com Stockholders": NaN,
        "Average Dilution Earnings": 0.0,
        "Net Income Common Stockholders": NaN,
        "Net Income": NaN,
        "Net Income Including Noncontrolling Interests": NaN,
        "Net Income Continuous Operations": NaN,
        "Tax Provision": NaN,
        "Pretax Income": NaN,
        "Other Income Expense": NaN,
        "Other Non Operating Income Expenses": NaN,
        "Special Income Charges": NaN,
        "Restructuring And Mergern Acquisition": NaN,
        "Gain On Sale Of Security": NaN,
        "Net Non Operating Interest Income Expense": NaN,
        "Total Other Finance Cost": NaN,
        "Interest Expense Non Operating": NaN,
        "Operating Income": NaN,
        "Operating Expense": NaN,
        "Research And Development": NaN,
        "Selling General And Administration": NaN,
        "General And Administrative Expense": NaN,
        "Other Gand A": NaN,
        "Salaries And Wages": NaN,
        "Gross Profit": NaN,
        "Cost Of Revenue": NaN,
        "Total Revenue": NaN,
        "Operating Revenue": NaN
    },
    "2022-06-30": {
        "Tax Effect Of Unusual Items": 1260272.0,
        "Tax Rate For Calcs": 0.166,
        "Normalized EBITDA": 64534000.0,
        "Total Unusual Items": 7592000.0,
        "Total Unusual Items Excluding Goodwill": 7592000.0,
        "Net Income From Continuing Operation Net Minority Interest": 49861000.0,
        "Reconciled Depreciation": 12099000.0,
        "Reconciled Cost Of Revenue": 86260000.0,
        "EBITDA": 72126000.0,
        "EBIT": 60027000.0,
        "Net Interest Income": -724000.0,
        "Interest Expense": 271000.0,
        "Normalized Income": 43529272.0,
        "Net Income From Continuing And Discontinued Operation": 49861000.0,
        "Total Expenses": 151349000.0,
        "Total Operating Income As Reported": 63168000.0,
        "Diluted Average Shares": 56721000.0,
        "Basic Average Shares": 55444000.0,
        "Diluted EPS": 0.88,
        "Basic EPS": 0.9,
        "Diluted NI Availto Com Stockholders": 49861000.0,
        "Average Dilution Earnings": 0.0,
        "Net Income Common Stockholders": 49861000.0,
        "Net Income": 49861000.0,
        "Net Income Including Noncontrolling Interests": 49861000.0,
        "Net Income Continuous Operations": 49861000.0,
        "Tax Provision": 9895000.0,
        "Pretax Income": 59756000.0,
        "Other Income Expense": 4196000.0,
        "Other Non Operating Income Expenses": -3396000.0,
        "Special Income Charges": 6884000.0,
        "Restructuring And Mergern Acquisition": -6884000.0,
        "Gain On Sale Of Security": 708000.0,
        "Net Non Operating Interest Income Expense": -724000.0,
        "Total Other Finance Cost": 453000.0,
        "Interest Expense Non Operating": 271000.0,
        "Operating Income": 56284000.0,
        "Operating Expense": 65089000.0,
        "Research And Development": 10440000.0,
        "Selling General And Administration": 54649000.0,
        "Gross Profit": 121373000.0,
        "Cost Of Revenue": 86260000.0,
        "Total Revenue": 207633000.0,
        "Operating Revenue": 207633000.0
    },
    "2023-06-30": {
        "Tax Effect Of Unusual Items": NaN,
        "Tax Rate For Calcs": NaN,
        "Normalized EBITDA": NaN,
        "Total Unusual Items": NaN,
        "Total Unusual Items Excluding Goodwill": NaN,
        "Net Income From Continuing Operation Net Minority Interest": NaN,
        "Reconciled Depreciation": NaN,
        "Reconciled Cost Of Revenue": NaN,
        "EBITDA": NaN,
        "EBIT": NaN,
        "Net Interest Income": NaN,
        "Interest Expense": NaN,
        "Normalized Income": NaN,
        "Net Income From Continuing And Discontinued Operation": NaN,
        "Total Expenses": NaN,
        "Total Operating Income As Reported": NaN,
        "Diluted Average Shares": NaN,
        "Basic Average Shares": NaN,
        "Diluted EPS": NaN,
        "Basic EPS": NaN,
        "Diluted NI Availto Com Stockholders": NaN,
        "Average Dilution Earnings": 0.0,
        "Net Income Common Stockholders": NaN,
        "Net Income": NaN,
        "Net Income Including Noncontrolling Interests": NaN,
        "Net Income Continuous Operations": NaN,
        "Tax Provision": NaN,
        "Pretax Income": NaN,
        "Other Income Expense": NaN,
        "Other Non Operating Income Expenses": NaN,
        "Special Income Charges": NaN,
        "Restructuring And Mergern Acquisition": NaN,
        "Gain On Sale Of Security": NaN,
        "Net Non Operating Interest Income Expense": NaN,
        "Total Other Finance Cost": NaN,
        "Interest Expense Non Operating": NaN,
        "Operating Income": NaN,
        "Operating Expense": NaN,
        "Research And Development": NaN,
        "Selling General And Administration": NaN,
        "General And Administrative Expense": NaN,
        "Other Gand A": NaN,
        "Salaries And Wages": NaN,
        "Gross Profit": NaN,
        "Cost Of Revenue": NaN,
        "Total Revenue": NaN,
        "Operating Revenue": NaN
    },
    "2022-03-31": {
        "Diluted EPS": 0.81,
        "Total Revenue": 206,
        "Gross Profit": 124,
        "Operating Income": 60,
        "EBIT": 72,
        "Net Income": 47
    },
    "2021-12-31": {
        "Diluted EPS": 0.5,
        "Total Revenue": 187,
        "Gross Profit": 104,
        "Operating Income": 37,
        "EBIT": 51,
        "Net Income": 29
    },
    "2021-09-30": {
        "Diluted EPS": 0.58,
        "Total Revenue": 178,
        "Gross Profit": 103,
        "Operating Income": 45,
        "EBIT": 58,
        "Net Income": 33
    },
    "2021-06-30": {
        "Diluted EPS": 0.64,
        "Total Revenue": 163,
        "Gross Profit": 101,
        "Operating Income": 48,
        "EBIT": 60,
        "Net Income": 36
    },
    "2021-03-31": {
        "Diluted EPS": 0.52,
        "Total Revenue": 143,
        "Gross Profit": 83,
        "Operating Income": 36,
        "EBIT": 48,
        "Net Income": 29
    },
    "2020-12-31": {
        "Diluted EPS": 0.36,
        "Total Revenue": 109,
        "Gross Profit": 60,
        "Operating Income": 17,
        "EBIT": 28,
        "Net Income": 20
    },
    "2020-09-30": {
        "Diluted EPS": 0.27,
        "Total Revenue": 94,
        "Gross Profit": 54,
        "Operating Income": 21,
        "EBIT": 30,
        "Net Income": 15
    },
    "2020-06-30": {
        "Diluted EPS": 0.3,
        "Total Revenue": 87,
        "Gross Profit": 51,
        "Operating Income": 20,
        "EBIT": 29,
        "Net Income": 16
    },
    "2020-03-31": {
        "Diluted EPS": 0.18,
        "Total Revenue": 76,
        "Gross Profit": 44,
        "Operating Income": 12,
        "EBIT": 21,
        "Net Income": 10
    },
    "2019-12-31": {
        "Diluted EPS": 0.07,
        "Total Revenue": 69,
        "Gross Profit": 39,
        "Operating Income": 6,
        "EBIT": 20,
        "Net Income": 4
    },
    "2019-09-30": {
        "Diluted EPS": 0.03,
        "Total Revenue": 69,
        "Gross Profit": 38,
        "Operating Income": 8,
        "EBIT": 14,
        "Net Income": 2
    },
    "2019-06-30": {
        "Diluted EPS": 0.17,
        "Total Revenue": 71,
        "Gross Profit": 40,
        "Operating Income": 11,
        "EBIT": 16,
        "Net Income": 8
    },
    "2019-03-31": {
        "Diluted EPS": 0.17,
        "Total Revenue": 61,
        "Gross Profit": 34,
        "Operating Income": 11,
        "EBIT": 15,
        "Net Income": 8
    },
    "2018-12-31": {
        "Diluted EPS": 0.13,
        "Total Revenue": 52,
        "Gross Profit": 28,
        "Operating Income": 8,
        "EBIT": 16,
        "Net Income": 6
    },
    "2018-09-30": {
        "Diluted EPS": 0.1,
        "Total Revenue": 50,
        "Gross Profit": 27,
        "Operating Income": 8,
        "EBIT": 12,
        "Net Income": 5
    },
    "2018-06-30": {
        "Diluted EPS": 0.06,
        "Total Revenue": 48,
        "Gross Profit": 27,
        "Operating Income": 4,
        "EBIT": 8,
        "Net Income": 3
    },
    "2018-03-31": {
        "Diluted EPS": 0.08,
        "Total Revenue": 45,
        "Gross Profit": 25,
        "Operating Income": 6,
        "EBIT": 10,
        "Net Income": 3
    },
    "2017-12-31": {
        "Diluted EPS": 0.28,
        "Total Revenue": 42,
        "Gross Profit": 22,
        "Operating Income": 3,
        "EBIT": 7,
        "Net Income": 12
    },
    "2017-09-30": {
        "Diluted EPS": 0.11,
        "Total Revenue": 37,
        "Gross Profit": 17,
        "Operating Income": 0,
        "EBIT": 3,
        "Net Income": 5
    },
    "2017-06-30": {
        "Diluted EPS": 0.24,
        "Total Revenue": 32,
        "Gross Profit": 19,
        "Operating Income": 5,
        "EBIT": 7,
        "Net Income": 8
    },
    "2017-03-31": {
        "Diluted EPS": 0.09,
        "Total Revenue": 31,
        "Gross Profit": 17,
        "Operating Income": 6,
        "EBIT": 7,
        "Net Income": 3
    },
    "2016-12-31": {
        "Diluted EPS": 0.15,
        "Total Revenue": 26,
        "Gross Profit": 13,
        "Operating Income": 3,
        "EBIT": 4,
        "Net Income": 5
    },
    "2016-09-30": {
        "Diluted EPS": 0.03,
        "Total Revenue": 25,
        "Gross Profit": 13,
        "Operating Income": 4,
        "EBIT": 5,
        "Net Income": 1
    },
    "2016-06-30": {
        "Diluted EPS": 0.11,
        "Total Revenue": 29,
        "Gross Profit": 17,
        "Operating Income": 6,
        "EBIT": 7,
        "Net Income": 4
    },
    "2016-03-31": {
        "Diluted EPS": 0.05,
        "Total Revenue": 25,
        "Gross Profit": 14,
        "Operating Income": 3,
        "EBIT": 5,
        "Net Income": 2
    },
    "2015-12-31": {
        "Diluted EPS": 0.0,
        "Total Revenue": 21,
        "Gross Profit": 11,
        "Operating Income": 1,
        "EBIT": 3,
        "Net Income": 0
    },
    "2015-09-30": {
        "Diluted EPS": 0.08,
        "Total Revenue": 20,
        "Gross Profit": 11,
        "Operating Income": 4,
        "EBIT": 5,
        "Net Income": 3
    },
    "2015-06-30": {
        "Diluted EPS": 0.11,
        "Total Revenue": 21,
        "Gross Profit": 13,
        "Operating Income": 5,
        "EBIT": 6,
        "Net Income": 4
    },
    "2015-03-31": {
        "Diluted EPS": 0.09,
        "Total Revenue": 21,
        "Gross Profit": 13,
        "Operating Income": 4,
        "EBIT": 5,
        "Net Income": 3
    },
    "2014-12-31": {
        "Diluted EPS": -0.01,
        "Total Revenue": 16,
        "Gross Profit": 8,
        "Operating Income": 0,
        "EBIT": 1,
        "Net Income": 0
    },
    "2014-09-30": {
        "Diluted EPS": 0.04,
        "Total Revenue": 15,
        "Gross Profit": 8,
        "Operating Income": 2,
        "EBIT": 3,
        "Net Income": 1
    },
    "2014-06-30": {
        "Diluted EPS": 0.09,
        "Total Revenue": 16,
        "Gross Profit": 9,
        "Operating Income": 3,
        "EBIT": 4,
        "Net Income": 3
    },
    "2014-03-31": {
        "Diluted EPS": 0.13,
        "Total Revenue": 16,
        "Gross Profit": 10,
        "Operating Income": 5,
        "EBIT": 6,
        "Net Income": 4
    },
    "2013-12-31": {
        "Diluted EPS": 0.11,
        "Total Revenue": 15,
        "Gross Profit": 10,
        "Operating Income": 5,
        "EBIT": 6,
        "Net Income": 3
    },
    "2013-09-30": {
        "Diluted EPS": 0.18,
        "Total Revenue": 19,
        "Gross Profit": 12,
        "Operating Income": 8,
        "EBIT": 9,
        "Net Income": 6
    },
    "2013-06-30": {
        "Diluted EPS": 0.14,
        "Total Revenue": 18,
        "Gross Profit": 12,
        "Operating Income": 6,
        "EBIT": 7,
        "Net Income": 5
    },
    "2013-03-31": {
        "Diluted EPS": 0.07,
        "Total Revenue": 16,
        "Gross Profit": 9,
        "Operating Income": 4,
        "EBIT": 4,
        "Net Income": 2
    },
    "2012-12-31": {
        "Diluted EPS": 0.3,
        "Total Revenue": 19,
        "Gross Profit": 12,
        "Operating Income": 6,
        "EBIT": 7,
        "Net Income": 10
    },
    "2012-09-30": {
        "Diluted EPS": 0.06,
        "Total Revenue": 15,
        "Gross Profit": 8,
        "Operating Income": 2,
        "EBIT": 3,
        "Net Income": 2
    },
    "2012-06-30": {
        "Diluted EPS": 0.05,
        "Total Revenue": 16,
        "Gross Profit": 8,
        "Operating Income": 1,
        "EBIT": 2,
        "Net Income": 2
    },
    "2012-03-31": {
        "Diluted EPS": 0.04,
        "Total Revenue": 13,
        "Gross Profit": 7,
        "Operating Income": 1,
        "EBIT": 2,
        "Net Income": 1
    },
    "2011-12-31": {
        "Diluted EPS": 0.0,
        "Total Revenue": NaN,
        "Gross Profit": NaN,
        "Operating Income": NaN,
        "EBIT": NaN,
        "Net Income": NaN
    },
    "2011-09-30": {
        "Diluted EPS": 0.02,
        "Total Revenue": 9,
        "Gross Profit": 6,
        "Operating Income": 1,
        "EBIT": 1,
        "Net Income": 1
    },
    "2011-06-30": {
        "Diluted EPS": 0.0,
        "Total Revenue": 8,
        "Gross Profit": 6,
        "Operating Income": 0,
        "EBIT": 0,
        "Net Income": 0
    },
    "2011-03-31": {
        "Diluted EPS": -0.07,
        "Total Revenue": 6,
        "Gross Profit": 4,
        "Operating Income": -2,
        "EBIT": -2,
        "Net Income": -2
    },
    "2010-12-31": {
        "Diluted EPS": 0.01,
        "Total Revenue": 7,
        "Gross Profit": 5,
        "Operating Income": 7,
        "EBIT": 8,
        "Net Income": 0
    },
    "2010-09-30": {
        "Diluted EPS": 0.02,
        "Total Revenue": 7,
        "Gross Profit": 5,
        "Operating Income": 1,
        "EBIT": 1,
        "Net Income": 1
    },
    "2010-06-30": {
        "Diluted EPS": 0.03,
        "Total Revenue": 7,
        "Gross Profit": 5,
        "Operating Income": 1,
        "EBIT": 1,
        "Net Income": 1
    },
    "2010-03-31": {
        "Diluted EPS": 0.0,
        "Total Revenue": NaN,
        "Gross Profit": NaN,
        "Operating Income": NaN,
        "EBIT": NaN,
        "Net Income": NaN
    },
    "2009-12-31": {
        "Diluted EPS": -0.01,
        "Total Revenue": 6,
        "Gross Profit": 4,
        "Operating Income": 6,
        "EBIT": 6,
        "Net Income": 0
    },
    "2009-09-30": {
        "Diluted EPS": -0.03,
        "Total Revenue": 5,
        "Gross Profit": 4,
        "Operating Income": -1,
        "EBIT": -1,
        "Net Income": -1
    },
    "2009-06-30": {
        "Diluted EPS": -0.04,
        "Total Revenue": 5,
        "Gross Profit": 3,
        "Operating Income": -1,
        "EBIT": -1,
        "Net Income": -1
    },
    "2009-03-31": {
        "Diluted EPS": 0.0,
        "Total Revenue": NaN,
        "Gross Profit": NaN,
        "Operating Income": NaN,
        "EBIT": NaN,
        "Net Income": NaN
    },
    "2023-09-30": {
        "Tax Effect Of Unusual Items": NaN,
        "Tax Rate For Calcs": NaN,
        "Normalized EBITDA": NaN,
        "Total Unusual Items": NaN,
        "Total Unusual Items Excluding Goodwill": NaN,
        "Net Income From Continuing Operation Net Minority Interest": NaN,
        "Reconciled Depreciation": NaN,
        "Reconciled Cost Of Revenue": NaN,
        "EBITDA": NaN,
        "EBIT": NaN,
        "Net Interest Income": NaN,
        "Interest Expense": NaN,
        "Normalized Income": NaN,
        "Net Income From Continuing And Discontinued Operation": NaN,
        "Total Expenses": NaN,
        "Total Operating Income As Reported": NaN,
        "Diluted Average Shares": NaN,
        "Basic Average Shares": NaN,
        "Diluted EPS": NaN,
        "Basic EPS": NaN,
        "Diluted NI Availto Com Stockholders": NaN,
        "Average Dilution Earnings": 0.0,
        "Net Income Common Stockholders": NaN,
        "Net Income": NaN,
        "Net Income Including Noncontrolling Interests": NaN,
        "Net Income Continuous Operations": NaN,
        "Tax Provision": NaN,
        "Pretax Income": NaN,
        "Other Income Expense": NaN,
        "Other Non Operating Income Expenses": NaN,
        "Special Income Charges": NaN,
        "Restructuring And Mergern Acquisition": NaN,
        "Gain On Sale Of Security": NaN,
        "Net Non Operating Interest Income Expense": NaN,
        "Total Other Finance Cost": NaN,
        "Interest Expense Non Operating": NaN,
        "Operating Income": NaN,
        "Operating Expense": NaN,
        "Research And Development": NaN,
        "Selling General And Administration": NaN,
        "General And Administrative Expense": NaN,
        "Other Gand A": NaN,
        "Salaries And Wages": NaN,
        "Gross Profit": NaN,
        "Cost Of Revenue": NaN,
        "Total Revenue": NaN,
        "Operating Revenue": NaN
    },
    "2023-12-31": {
        "Tax Effect Of Unusual Items": NaN,
        "Tax Rate For Calcs": NaN,
        "Normalized EBITDA": NaN,
        "Total Unusual Items": NaN,
        "Total Unusual Items Excluding Goodwill": NaN,
        "Net Income From Continuing Operation Net Minority Interest": NaN,
        "Reconciled Depreciation": NaN,
        "Reconciled Cost Of Revenue": NaN,
        "EBITDA": NaN,
        "EBIT": NaN,
        "Net Interest Income": NaN,
        "Interest Expense": NaN,
        "Normalized Income": NaN,
        "Net Income From Continuing And Discontinued Operation": NaN,
        "Total Expenses": NaN,
        "Total Operating Income As Reported": NaN,
        "Diluted Average Shares": NaN,
        "Basic Average Shares": NaN,
        "Diluted EPS": NaN,
        "Basic EPS": NaN,
        "Diluted NI Availto Com Stockholders": NaN,
        "Net Income Common Stockholders": NaN,
        "Net Income": NaN,
        "Net Income Including Noncontrolling Interests": NaN,
        "Net Income Continuous Operations": NaN,
        "Tax Provision": NaN,
        "Pretax Income": NaN,
        "Other Income Expense": NaN,
        "Other Non Operating Income Expenses": NaN,
        "Special Income Charges": -13373000.0,
        "Restructuring And Mergern Acquisition": 697000.0,
        "Gain On Sale Of Security": NaN,
        "Net Non Operating Interest Income Expense": NaN,
        "Total Other Finance Cost": NaN,
        "Interest Expense Non Operating": NaN,
        "Operating Income": NaN,
        "Operating Expense": NaN,
        "Research And Development": NaN,
        "Selling General And Administration": NaN,
        "General And Administrative Expense": NaN,
        "Other Gand A": NaN,
        "Salaries And Wages": NaN,
        "Gross Profit": NaN,
        "Cost Of Revenue": NaN,
        "Total Revenue": NaN,
        "Operating Revenue": NaN
    },
    "2024-03-31": {
        "Tax Effect Of Unusual Items": NaN,
        "Tax Rate For Calcs": NaN,
        "Normalized EBITDA": NaN,
        "Total Unusual Items": NaN,
        "Total Unusual Items Excluding Goodwill": NaN,
        "Net Income From Continuing Operation Net Minority Interest": NaN,
        "Reconciled Depreciation": NaN,
        "Reconciled Cost Of Revenue": NaN,
        "EBITDA": NaN,
        "EBIT": NaN,
        "Net Interest Income": NaN,
        "Interest Expense": NaN,
        "Normalized Income": NaN,
        "Net Income From Continuing And Discontinued Operation": NaN,
        "Total Expenses": NaN,
        "Total Operating Income As Reported": NaN,
        "Diluted Average Shares": NaN,
        "Basic Average Shares": NaN,
        "Diluted EPS": NaN,
        "Basic EPS": NaN,
        "Diluted NI Availto Com Stockholders": NaN,
        "Net Income Common Stockholders": NaN,
        "Net Income": NaN,
        "Net Income Including Noncontrolling Interests": NaN,
        "Net Income Continuous Operations": NaN,
        "Tax Provision": NaN,
        "Pretax Income": NaN,
        "Other Income Expense": NaN,
        "Other Non Operating Income Expenses": NaN,
        "Special Income Charges": 0.0,
        "Restructuring And Mergern Acquisition": 0.0,
        "Gain On Sale Of Security": NaN,
        "Net Non Operating Interest Income Expense": NaN,
        "Total Other Finance Cost": NaN,
        "Interest Expense Non Operating": NaN,
        "Operating Income": NaN,
        "Operating Expense": NaN,
        "Research And Development": NaN,
        "Selling General And Administration": NaN,
        "General And Administrative Expense": 60986000.0,
        "Other Gand A": 53758000.0,
        "Salaries And Wages": 7228000.0,
        "Gross Profit": NaN,
        "Cost Of Revenue": NaN,
        "Total Revenue": NaN,
        "Operating Revenue": NaN
    },
    "2024-06-30": {
        "Tax Effect Of Unusual Items": 3454974.410103,
        "Tax Rate For Calcs": 0.367121,
        "Normalized EBITDA": 26031000.0,
        "Total Unusual Items": 9411000.0,
        "Total Unusual Items Excluding Goodwill": 9411000.0,
        "Net Income From Continuing Operation Net Minority Interest": 5713000.0,
        "Reconciled Depreciation": 21297000.0,
        "Reconciled Cost Of Revenue": 77314000.0,
        "EBITDA": 35442000.0,
        "EBIT": 14145000.0,
        "Net Interest Income": -5638000.0,
        "Interest Expense": 5118000.0,
        "Normalized Income": -243025.589897,
        "Net Income From Continuing And Discontinued Operation": 5713000.0,
        "Total Expenses": 153370000.0,
        "Total Operating Income As Reported": 5469000.0,
        "Diluted Average Shares": 56434065.0,
        "Basic Average Shares": 55884250.0,
        "Diluted EPS": 0.06,
        "Basic EPS": 0.06,
        "Diluted NI Availto Com Stockholders": 5713000.0,
        "Net Income Common Stockholders": 5713000.0,
        "Net Income": 5713000.0,
        "Net Income Including Noncontrolling Interests": 5713000.0,
        "Net Income Continuous Operations": 5713000.0,
        "Tax Provision": 3314000.0,
        "Pretax Income": 9027000.0,
        "Other Income Expense": 9196000.0,
        "Other Non Operating Income Expenses": -215000.0,
        "Special Income Charges": 0.0,
        "Restructuring And Mergern Acquisition": 0.0,
        "Gain On Sale Of Security": 9411000.0,
        "Net Non Operating Interest Income Expense": -5638000.0,
        "Total Other Finance Cost": 520000.0,
        "Interest Expense Non Operating": 5118000.0,
        "Operating Income": 5469000.0,
        "Operating Expense": 76056000.0,
        "Research And Development": 10575000.0,
        "Selling General And Administration": 65481000.0,
        "General And Administrative Expense": NaN,
        "Other Gand A": NaN,
        "Salaries And Wages": NaN,
        "Gross Profit": 81525000.0,
        "Cost Of Revenue": 77314000.0,
        "Total Revenue": 158839000.0,
        "Operating Revenue": 158839000.0
    },
    "2024-09-30": {
        "Tax Effect Of Unusual Items": 1917300.0,
        "Tax Rate For Calcs": 0.21,
        "Normalized EBITDA": 3549000.0,
        "Total Unusual Items": 9130000.0,
        "Total Unusual Items Excluding Goodwill": 9130000.0,
        "Net Income From Continuing Operation Net Minority Interest": -654000.0,
        "Reconciled Depreciation": 8706000.0,
        "Reconciled Cost Of Revenue": 77383000.0,
        "EBITDA": 12679000.0,
        "EBIT": 3973000.0,
        "Net Interest Income": -5551000.0,
        "Interest Expense": 5122000.0,
        "Normalized Income": -7866700.0,
        "Net Income From Continuing And Discontinued Operation": -654000.0,
        "Total Expenses": 162703000.0,
        "Total Operating Income As Reported": -7832000.0,
        "Diluted Average Shares": 56012322.0,
        "Basic Average Shares": 56012322.0,
        "Diluted EPS": -0.01,
        "Basic EPS": -0.01,
        "Diluted NI Availto Com Stockholders": -654000.0,
        "Net Income Common Stockholders": -654000.0,
        "Net Income": -654000.0,
        "Net Income Including Noncontrolling Interests": -654000.0,
        "Net Income Continuous Operations": -654000.0,
        "Tax Provision": -495000.0,
        "Pretax Income": -1149000.0,
        "Other Income Expense": 12234000.0,
        "Other Non Operating Income Expenses": 3104000.0,
        "Special Income Charges": 0.0,
        "Restructuring And Mergern Acquisition": 0.0,
        "Gain On Sale Of Security": 9130000.0,
        "Net Non Operating Interest Income Expense": -5551000.0,
        "Total Other Finance Cost": 429000.0,
        "Interest Expense Non Operating": 5122000.0,
        "Operating Income": -7832000.0,
        "Operating Expense": 85320000.0,
        "Research And Development": 9710000.0,
        "Selling General And Administration": 75610000.0,
        "General And Administrative Expense": NaN,
        "Other Gand A": NaN,
        "Salaries And Wages": NaN,
        "Gross Profit": 77488000.0,
        "Cost Of Revenue": 77383000.0,
        "Total Revenue": 154871000.0,
        "Operating Revenue": 154871000.0
    },
    "2024-12-31": {
        "Tax Effect Of Unusual Items": 626253.056361,
        "Tax Rate For Calcs": 0.122747,
        "Normalized EBITDA": -2992000.0,
        "Total Unusual Items": 5102000.0,
        "Total Unusual Items Excluding Goodwill": 5102000.0,
        "Net Income From Continuing Operation Net Minority Interest": -33869000.0,
        "Reconciled Depreciation": 35256000.0,
        "Reconciled Cost Of Revenue": 128706000.0,
        "EBITDA": 2110000.0,
        "EBIT": -33146000.0,
        "Net Interest Income": -5873000.0,
        "Interest Expense": 5462000.0,
        "Normalized Income": -38344746.943639,
        "Net Income From Continuing And Discontinued Operation": -33869000.0,
        "Total Expenses": 200857000.0,
        "Total Operating Income As Reported": -36501000.0,
        "Diluted Average Shares": 56056993.0,
        "Basic Average Shares": 56056993.0,
        "Diluted EPS": -0.6,
        "Basic EPS": -0.6,
        "Diluted NI Availto Com Stockholders": -33869000.0,
        "Net Income Common Stockholders": -33869000.0,
        "Net Income": -33869000.0,
        "Net Income Including Noncontrolling Interests": -33869000.0,
        "Net Income Continuous Operations": -33869000.0,
        "Tax Provision": -4739000.0,
        "Pretax Income": -38608000.0,
        "Other Income Expense": 575000.0,
        "Other Non Operating Income Expenses": -4527000.0,
        "Special Income Charges": -3191000.0,
        "Restructuring And Mergern Acquisition": 3191000.0,
        "Gain On Sale Of Security": 8293000.0,
        "Net Non Operating Interest Income Expense": -5873000.0,
        "Total Other Finance Cost": 411000.0,
        "Interest Expense Non Operating": 5462000.0,
        "Operating Income": -33310000.0,
        "Operating Expense": 72151000.0,
        "Research And Development": 11677000.0,
        "Selling General And Administration": 60474000.0,
        "General And Administrative Expense": NaN,
        "Other Gand A": NaN,
        "Salaries And Wages": NaN,
        "Gross Profit": 38841000.0,
        "Cost Of Revenue": 128706000.0,
        "Total Revenue": 167547000.0,
        "Operating Revenue": 167547000.0
    },
    "2025-03-31": {
        "Tax Effect Of Unusual Items": 1945524.0,
        "Tax Rate For Calcs": 0.266,
        "Normalized EBITDA": 29067000.0,
        "Total Unusual Items": 7314000.0,
        "Total Unusual Items Excluding Goodwill": 7314000.0,
        "Net Income From Continuing Operation Net Minority Interest": 5830000.0,
        "Reconciled Depreciation": 23188000.0,
        "Reconciled Cost Of Revenue": 78415000.0,
        "EBITDA": 36381000.0,
        "EBIT": 13193000.0,
        "Net Interest Income": -5663000.0,
        "Interest Expense": 5250000.0,
        "Normalized Income": 461524.0,
        "Net Income From Continuing And Discontinued Operation": 5830000.0,
        "Total Expenses": 162594000.0,
        "Total Operating Income As Reported": 6578000.0,
        "Diluted Average Shares": 56558000.0,
        "Basic Average Shares": 56123000.0,
        "Diluted EPS": 0.1,
        "Basic EPS": 0.1,
        "Diluted NI Availto Com Stockholders": 5830000.0,
        "Net Income Common Stockholders": 5830000.0,
        "Net Income": 5830000.0,
        "Net Income Including Noncontrolling Interests": 5830000.0,
        "Net Income Continuous Operations": 5830000.0,
        "Tax Provision": 2113000.0,
        "Pretax Income": 7943000.0,
        "Other Income Expense": 7028000.0,
        "Other Non Operating Income Expenses": -286000.0,
        "Special Income Charges": NaN,
        "Restructuring And Mergern Acquisition": NaN,
        "Gain On Sale Of Security": 7314000.0,
        "Net Non Operating Interest Income Expense": -5663000.0,
        "Total Other Finance Cost": 413000.0,
        "Interest Expense Non Operating": 5250000.0,
        "Operating Income": 6578000.0,
        "Operating Expense": 84179000.0,
        "Research And Development": 12924000.0,
        "Selling General And Administration": 71255000.0,
        "General And Administrative Expense": NaN,
        "Other Gand A": NaN,
        "Salaries And Wages": NaN,
        "Gross Profit": 90757000.0,
        "Cost Of Revenue": 78415000.0,
        "Total Revenue": 169172000.0,
        "Operating Revenue": 169172000.0
    },
    "2025-06-30": {
        "Tax Effect Of Unusual Items": 2670374.746088,
        "Tax Rate For Calcs": 0.183859,
        "Normalized EBITDA": 33811000.0,
        "Total Unusual Items": 14524000.0,
        "Total Unusual Items Excluding Goodwill": 14524000.0,
        "Net Income From Continuing Operation Net Minority Interest": 14866000.0,
        "Reconciled Depreciation": 24766000.0,
        "Reconciled Cost Of Revenue": 91224000.0,
        "EBITDA": 48335000.0,
        "EBIT": 23569000.0,
        "Net Interest Income": -5768000.0,
        "Interest Expense": 5354000.0,
        "Normalized Income": 3012374.746088,
        "Net Income From Continuing And Discontinued Operation": 14866000.0,
        "Total Expenses": 176409000.0,
        "Total Operating Income As Reported": 13896000.0,
        "Diluted Average Shares": 56510000.0,
        "Basic Average Shares": 56234000.0,
        "Diluted EPS": 0.26,
        "Basic EPS": 0.26,
        "Diluted NI Availto Com Stockholders": 14866000.0,
        "Net Income Common Stockholders": 14866000.0,
        "Net Income": 14866000.0,
        "Net Income Including Noncontrolling Interests": 14866000.0,
        "Net Income Continuous Operations": 14866000.0,
        "Tax Provision": 3349000.0,
        "Pretax Income": 18215000.0,
        "Other Income Expense": 18026000.0,
        "Other Non Operating Income Expenses": 3502000.0,
        "Special Income Charges": 7939000.0,
        "Restructuring And Mergern Acquisition": -7939000.0,
        "Gain On Sale Of Security": 6585000.0,
        "Net Non Operating Interest Income Expense": -5768000.0,
        "Total Other Finance Cost": 414000.0,
        "Interest Expense Non Operating": 5354000.0,
        "Operating Income": 5957000.0,
        "Operating Expense": 85185000.0,
        "Research And Development": 13958000.0,
        "Selling General And Administration": 71227000.0,
        "General And Administrative Expense": NaN,
        "Other Gand A": NaN,
        "Salaries And Wages": NaN,
        "Gross Profit": 91142000.0,
        "Cost Of Revenue": 91224000.0,
        "Total Revenue": 182366000.0,
        "Operating Revenue": 182366000.0
    }
}