{
    "2023-03-31": {
        "Tax Effect Of Unusual Items": NaN,
        "Tax Rate For Calcs": NaN,
        "Normalized EBITDA": NaN,
        "Total Unusual Items": NaN,
        "Total Unusual Items Excluding Goodwill": NaN,
        "Net Income From Continuing Operation Net Minority Interest": NaN,
        "Reconciled Depreciation": NaN,
        "Reconciled Cost Of Revenue": NaN,
        "EBITDA": NaN,
        "EBIT": NaN,
        "Net Interest Income": NaN,
        "Interest Expense": NaN,
        "Interest Income": NaN,
        "Normalized Income": NaN,
        "Net Income From Continuing And Discontinued Operation": NaN,
        "Total Expenses": NaN,
        "Total Operating Income As Reported": NaN,
        "Diluted Average Shares": 65709095.0,
        "Basic Average Shares": 65594977.0,
        "Diluted EPS": 0.97,
        "Basic EPS": 0.97,
        "Diluted NI Availto Com Stockholders": NaN,
        "Net Income Common Stockholders": NaN,
        "Net Income": NaN,
        "Minority Interests": NaN,
        "Net Income Including Noncontrolling Interests": NaN,
        "Net Income Continuous Operations": NaN,
        "Tax Provision": NaN,
        "Pretax Income": NaN,
        "Other Income Expense": NaN,
        "Gain On Sale Of Security": NaN,
        "Net Non Operating Interest Income Expense": NaN,
        "Interest Expense Non Operating": NaN,
        "Interest Income Non Operating": NaN,
        "Operating Income": NaN,
        "Operating Expense": NaN,
        "Selling General And Administration": NaN,
        "General And Administrative Expense": NaN,
        "Other Gand A": NaN,
        "Gross Profit": NaN,
        "Cost Of Revenue": NaN,
        "Total Revenue": NaN,
        "Operating Revenue": NaN
    },
    "2022-12-31": {
        "Tax Effect Of Unusual Items": NaN,
        "Tax Rate For Calcs": NaN,
        "Normalized EBITDA": NaN,
        "Total Unusual Items": NaN,
        "Total Unusual Items Excluding Goodwill": NaN,
        "Net Income From Continuing Operation Net Minority Interest": NaN,
        "Reconciled Depreciation": NaN,
        "Reconciled Cost Of Revenue": NaN,
        "EBITDA": NaN,
        "EBIT": NaN,
        "Net Interest Income": NaN,
        "Interest Expense": NaN,
        "Interest Income": NaN,
        "Normalized Income": NaN,
        "Net Income From Continuing And Discontinued Operation": NaN,
        "Total Expenses": NaN,
        "Total Operating Income As Reported": NaN,
        "Diluted Average Shares": 65663227.0,
        "Basic Average Shares": 65592597.0,
        "Diluted EPS": 0.86,
        "Basic EPS": 0.86,
        "Diluted NI Availto Com Stockholders": NaN,
        "Net Income Common Stockholders": NaN,
        "Net Income": NaN,
        "Minority Interests": NaN,
        "Net Income Including Noncontrolling Interests": NaN,
        "Net Income Continuous Operations": NaN,
        "Tax Provision": NaN,
        "Pretax Income": NaN,
        "Other Income Expense": NaN,
        "Gain On Sale Of Security": NaN,
        "Net Non Operating Interest Income Expense": NaN,
        "Interest Expense Non Operating": NaN,
        "Interest Income Non Operating": NaN,
        "Operating Income": NaN,
        "Operating Expense": NaN,
        "Selling General And Administration": NaN,
        "General And Administrative Expense": NaN,
        "Other Gand A": NaN,
        "Gross Profit": NaN,
        "Cost Of Revenue": NaN,
        "Total Revenue": NaN,
        "Operating Revenue": NaN
    },
    "2022-09-30": {
        "Tax Effect Of Unusual Items": 68708.0,
        "Tax Rate For Calcs": 0.193,
        "Normalized EBITDA": 103108000.0,
        "Total Unusual Items": 356000.0,
        "Total Unusual Items Excluding Goodwill": 356000.0,
        "Net Income From Continuing Operation Net Minority Interest": 45792000.0,
        "Reconciled Depreciation": 37763000.0,
        "Reconciled Cost Of Revenue": 62101000.0,
        "EBITDA": 103464000.0,
        "EBIT": 65701000.0,
        "Net Interest Income": -5243000.0,
        "Interest Expense": 8814000.0,
        "Interest Income": 3571000.0,
        "Normalized Income": 45504708.0,
        "Net Income From Continuing And Discontinued Operation": 45792000.0,
        "Total Expenses": 69655000.0,
        "Total Operating Income As Reported": 61774000.0,
        "Diluted Average Shares": 65660152.0,
        "Basic Average Shares": 65579834.0,
        "Diluted EPS": 0.7,
        "Basic EPS": 0.7,
        "Diluted NI Availto Com Stockholders": 45792000.0,
        "Net Income Common Stockholders": 45792000.0,
        "Net Income": 45792000.0,
        "Minority Interests": -141000.0,
        "Net Income Including Noncontrolling Interests": 45933000.0,
        "Net Income Continuous Operations": 45933000.0,
        "Tax Provision": 10954000.0,
        "Pretax Income": 56887000.0,
        "Other Income Expense": 356000.0,
        "Special Income Charges": NaN,
        "Impairment Of Capital Assets": NaN,
        "Gain On Sale Of Security": 356000.0,
        "Net Non Operating Interest Income Expense": -5243000.0,
        "Interest Expense Non Operating": 8814000.0,
        "Interest Income Non Operating": 3571000.0,
        "Operating Income": 61774000.0,
        "Operating Expense": 7554000.0,
        "Selling General And Administration": 7554000.0,
        "General And Administrative Expense": 7554000.0,
        "Other Gand A": 7554000.0,
        "Gross Profit": 69328000.0,
        "Cost Of Revenue": 62101000.0,
        "Total Revenue": 131429000.0,
        "Operating Revenue": 131429000.0
    },
    "2022-06-30": {
        "Tax Effect Of Unusual Items": -197190.0,
        "Tax Rate For Calcs": 0.09,
        "Normalized EBITDA": 113011000.0,
        "Total Unusual Items": -2191000.0,
        "Total Unusual Items Excluding Goodwill": -2191000.0,
        "Net Income From Continuing Operation Net Minority Interest": 71140000.0,
        "Reconciled Depreciation": 43988000.0,
        "Reconciled Cost Of Revenue": 69224000.0,
        "EBITDA": 110820000.0,
        "EBIT": 66832000.0,
        "Net Interest Income": -280000.0,
        "Interest Expense": 1398000.0,
        "Interest Income": 1118000.0,
        "Normalized Income": 73133810.0,
        "Net Income From Continuing And Discontinued Operation": 71140000.0,
        "Total Expenses": 78536000.0,
        "Total Operating Income As Reported": 67905000.0,
        "Diluted Average Shares": 65678320.0,
        "Basic Average Shares": 65569190.0,
        "Diluted EPS": 1.08,
        "Basic EPS": 1.08,
        "Diluted NI Availto Com Stockholders": 71140000.0,
        "Net Income Common Stockholders": 71140000.0,
        "Net Income": 71140000.0,
        "Minority Interests": -205000.0,
        "Net Income Including Noncontrolling Interests": 71345000.0,
        "Net Income Continuous Operations": 71345000.0,
        "Tax Provision": -5911000.0,
        "Pretax Income": 65434000.0,
        "Other Income Expense": -2191000.0,
        "Special Income Charges": NaN,
        "Impairment Of Capital Assets": NaN,
        "Gain On Sale Of Security": -2191000.0,
        "Net Non Operating Interest Income Expense": -280000.0,
        "Interest Expense Non Operating": 1398000.0,
        "Interest Income Non Operating": 1118000.0,
        "Operating Income": 67905000.0,
        "Operating Expense": 9312000.0,
        "Selling General And Administration": 9312000.0,
        "General And Administrative Expense": 9312000.0,
        "Other Gand A": 9312000.0,
        "Gross Profit": 77217000.0,
        "Cost Of Revenue": 69224000.0,
        "Total Revenue": 146441000.0,
        "Operating Revenue": 146441000.0
    },
    "2023-06-30": {
        "Tax Effect Of Unusual Items": NaN,
        "Tax Rate For Calcs": NaN,
        "Normalized EBITDA": NaN,
        "Total Unusual Items": NaN,
        "Total Unusual Items Excluding Goodwill": NaN,
        "Net Income From Continuing Operation Net Minority Interest": NaN,
        "Reconciled Depreciation": NaN,
        "Reconciled Cost Of Revenue": NaN,
        "EBITDA": NaN,
        "EBIT": NaN,
        "Net Interest Income": NaN,
        "Interest Expense": NaN,
        "Interest Income": NaN,
        "Normalized Income": NaN,
        "Net Income From Continuing And Discontinued Operation": NaN,
        "Total Expenses": NaN,
        "Total Operating Income As Reported": NaN,
        "Diluted Average Shares": 65762903.0,
        "Basic Average Shares": 65605391.0,
        "Diluted EPS": 0.97,
        "Basic EPS": 0.97,
        "Diluted NI Availto Com Stockholders": NaN,
        "Net Income Common Stockholders": NaN,
        "Net Income": NaN,
        "Minority Interests": NaN,
        "Net Income Including Noncontrolling Interests": NaN,
        "Net Income Continuous Operations": NaN,
        "Tax Provision": NaN,
        "Pretax Income": NaN,
        "Other Income Expense": NaN,
        "Gain On Sale Of Security": NaN,
        "Net Non Operating Interest Income Expense": NaN,
        "Interest Expense Non Operating": NaN,
        "Interest Income Non Operating": NaN,
        "Operating Income": NaN,
        "Operating Expense": NaN,
        "Selling General And Administration": NaN,
        "General And Administrative Expense": NaN,
        "Other Gand A": NaN,
        "Gross Profit": NaN,
        "Cost Of Revenue": NaN,
        "Total Revenue": NaN,
        "Operating Revenue": NaN
    },
    "2022-03-31": {
        "Diluted EPS": 1.0,
        "Total Revenue": 162,
        "Gross Profit": 140,
        "Operating Income": 81,
        "EBIT": 129,
        "Net Income": 66
    },
    "2021-12-31": {
        "Diluted EPS": 0.0,
        "Total Revenue": NaN,
        "Gross Profit": NaN,
        "Operating Income": NaN,
        "EBIT": NaN,
        "Net Income": NaN
    },
    "2021-09-30": {
        "Diluted EPS": 1.07,
        "Total Revenue": 174,
        "Gross Profit": 147,
        "Operating Income": 87,
        "EBIT": 138,
        "Net Income": 70
    },
    "2021-06-30": {
        "Diluted EPS": 1.24,
        "Total Revenue": 168,
        "Gross Profit": 143,
        "Operating Income": 86,
        "EBIT": 134,
        "Net Income": 82
    },
    "2021-03-31": {
        "Diluted EPS": 0.82,
        "Total Revenue": 143,
        "Gross Profit": 121,
        "Operating Income": 71,
        "EBIT": 112,
        "Net Income": 54
    },
    "2020-12-31": {
        "Diluted EPS": 0.91,
        "Total Revenue": 158,
        "Gross Profit": 134,
        "Operating Income": 158,
        "EBIT": 206,
        "Net Income": 60
    },
    "2020-09-30": {
        "Diluted EPS": 1.63,
        "Total Revenue": 147,
        "Gross Profit": 125,
        "Operating Income": 103,
        "EBIT": 103,
        "Net Income": 107
    },
    "2020-06-30": {
        "Diluted EPS": 0.0,
        "Total Revenue": NaN,
        "Gross Profit": NaN,
        "Operating Income": NaN,
        "EBIT": NaN,
        "Net Income": NaN
    },
    "2020-03-31": {
        "Diluted EPS": 0.59,
        "Total Revenue": 136,
        "Gross Profit": 114,
        "Operating Income": 52,
        "EBIT": 182,
        "Net Income": 39
    },
    "2019-12-31": {
        "Diluted EPS": 0.63,
        "Total Revenue": 124,
        "Gross Profit": 103,
        "Operating Income": 124,
        "EBIT": 164,
        "Net Income": 41
    },
    "2019-09-30": {
        "Diluted EPS": 1.07,
        "Total Revenue": 119,
        "Gross Profit": 99,
        "Operating Income": 49,
        "EBIT": 49,
        "Net Income": 70
    },
    "2019-06-30": {
        "Diluted EPS": 0.0,
        "Total Revenue": NaN,
        "Gross Profit": NaN,
        "Operating Income": NaN,
        "EBIT": NaN,
        "Net Income": NaN
    },
    "2019-03-31": {
        "Diluted EPS": 0.44,
        "Total Revenue": 110,
        "Gross Profit": 91,
        "Operating Income": 43,
        "EBIT": 176,
        "Net Income": 29
    },
    "2018-12-31": {
        "Diluted EPS": 0.36,
        "Total Revenue": 98,
        "Gross Profit": 79,
        "Operating Income": 98,
        "EBIT": 140,
        "Net Income": 24
    },
    "2018-09-30": {
        "Diluted EPS": 0.23,
        "Total Revenue": 100,
        "Gross Profit": 83,
        "Operating Income": 25,
        "EBIT": 25,
        "Net Income": 15
    },
    "2018-06-30": {
        "Diluted EPS": 0.0,
        "Total Revenue": NaN,
        "Gross Profit": NaN,
        "Operating Income": NaN,
        "EBIT": NaN,
        "Net Income": NaN
    },
    "2018-03-31": {
        "Diluted EPS": -2.35,
        "Total Revenue": 116,
        "Gross Profit": 95,
        "Operating Income": -193,
        "EBIT": -61,
        "Net Income": -154
    },
    "2017-12-31": {
        "Diluted EPS": -0.23,
        "Total Revenue": 114,
        "Gross Profit": 94,
        "Operating Income": 114,
        "EBIT": 160,
        "Net Income": -15
    },
    "2017-09-30": {
        "Diluted EPS": 0.44,
        "Total Revenue": 112,
        "Gross Profit": 92,
        "Operating Income": 42,
        "EBIT": 42,
        "Net Income": 29
    },
    "2017-06-30": {
        "Diluted EPS": 0.0,
        "Total Revenue": NaN,
        "Gross Profit": NaN,
        "Operating Income": NaN,
        "EBIT": NaN,
        "Net Income": NaN
    },
    "2017-03-31": {
        "Diluted EPS": 0.36,
        "Total Revenue": 107,
        "Gross Profit": 85,
        "Operating Income": 36,
        "EBIT": 166,
        "Net Income": 24
    },
    "2016-12-31": {
        "Diluted EPS": 0.43,
        "Total Revenue": 107,
        "Gross Profit": 84,
        "Operating Income": 107,
        "EBIT": 150,
        "Net Income": 28
    },
    "2016-09-30": {
        "Diluted EPS": 0.46,
        "Total Revenue": 118,
        "Gross Profit": 95,
        "Operating Income": 41,
        "EBIT": 41,
        "Net Income": 30
    },
    "2016-06-30": {
        "Diluted EPS": 0.0,
        "Total Revenue": NaN,
        "Gross Profit": NaN,
        "Operating Income": NaN,
        "EBIT": NaN,
        "Net Income": NaN
    },
    "2016-03-31": {
        "Diluted EPS": -1.04,
        "Total Revenue": 93,
        "Gross Profit": 76,
        "Operating Income": -72,
        "EBIT": 43,
        "Net Income": -68
    },
    "2015-12-31": {
        "Diluted EPS": 0.23,
        "Total Revenue": 98,
        "Gross Profit": 76,
        "Operating Income": 98,
        "EBIT": 142,
        "Net Income": 15
    },
    "2015-09-30": {
        "Diluted EPS": -0.69,
        "Total Revenue": 74,
        "Gross Profit": 63,
        "Operating Income": 21,
        "EBIT": 21,
        "Net Income": -45
    },
    "2015-06-30": {
        "Diluted EPS": 0.0,
        "Total Revenue": NaN,
        "Gross Profit": NaN,
        "Operating Income": NaN,
        "EBIT": NaN,
        "Net Income": NaN
    },
    "2015-03-31": {
        "Diluted EPS": 0.38,
        "Total Revenue": 74,
        "Gross Profit": 64,
        "Operating Income": 32,
        "EBIT": 107,
        "Net Income": 25
    },
    "2014-12-31": {
        "Diluted EPS": -0.1,
        "Total Revenue": 61,
        "Gross Profit": 55,
        "Operating Income": 61,
        "EBIT": 84,
        "Net Income": -7
    },
    "2014-09-30": {
        "Diluted EPS": 0.29,
        "Total Revenue": 69,
        "Gross Profit": 62,
        "Operating Income": 30,
        "EBIT": 30,
        "Net Income": 19
    },
    "2014-06-30": {
        "Diluted EPS": 0.0,
        "Total Revenue": NaN,
        "Gross Profit": NaN,
        "Operating Income": NaN,
        "EBIT": NaN,
        "Net Income": NaN
    },
    "2014-03-31": {
        "Diluted EPS": 0.31,
        "Total Revenue": 58,
        "Gross Profit": 56,
        "Operating Income": 29,
        "EBIT": 102,
        "Net Income": 20
    },
    "2013-12-31": {
        "Diluted EPS": 0.16,
        "Total Revenue": 53,
        "Gross Profit": 52,
        "Operating Income": 53,
        "EBIT": 78,
        "Net Income": 11
    },
    "2013-09-30": {
        "Diluted EPS": 0.23,
        "Total Revenue": 56,
        "Gross Profit": 56,
        "Operating Income": 26,
        "EBIT": 26,
        "Net Income": 15
    },
    "2013-06-30": {
        "Diluted EPS": 0.0,
        "Total Revenue": NaN,
        "Gross Profit": NaN,
        "Operating Income": NaN,
        "EBIT": NaN,
        "Net Income": NaN
    },
    "2013-03-31": {
        "Diluted EPS": 0.1,
        "Total Revenue": 74,
        "Gross Profit": 74,
        "Operating Income": 43,
        "EBIT": 114,
        "Net Income": 6
    },
    "2012-12-31": {
        "Diluted EPS": 0.42,
        "Total Revenue": 80,
        "Gross Profit": 80,
        "Operating Income": 80,
        "EBIT": 103,
        "Net Income": 27
    },
    "2012-09-30": {
        "Diluted EPS": 0.41,
        "Total Revenue": 78,
        "Gross Profit": 78,
        "Operating Income": 48,
        "EBIT": 48,
        "Net Income": 25
    },
    "2012-06-30": {
        "Diluted EPS": 0.0,
        "Total Revenue": NaN,
        "Gross Profit": NaN,
        "Operating Income": NaN,
        "EBIT": NaN,
        "Net Income": NaN
    },
    "2012-03-31": {
        "Diluted EPS": 0.44,
        "Total Revenue": 70,
        "Gross Profit": 70,
        "Operating Income": 43,
        "EBIT": 101,
        "Net Income": 26
    },
    "2011-12-31": {
        "Diluted EPS": 0.42,
        "Total Revenue": 69,
        "Gross Profit": 69,
        "Operating Income": 69,
        "EBIT": 90,
        "Net Income": 23
    },
    "2011-09-30": {
        "Diluted EPS": 0.4,
        "Total Revenue": 64,
        "Gross Profit": 64,
        "Operating Income": 37,
        "EBIT": 37,
        "Net Income": 22
    },
    "2011-06-30": {
        "Diluted EPS": 0.0,
        "Total Revenue": NaN,
        "Gross Profit": NaN,
        "Operating Income": NaN,
        "EBIT": NaN,
        "Net Income": NaN
    },
    "2011-03-31": {
        "Diluted EPS": 0.35,
        "Total Revenue": 56,
        "Gross Profit": 56,
        "Operating Income": 32,
        "EBIT": 83,
        "Net Income": 20
    },
    "2010-12-31": {
        "Diluted EPS": 0.33,
        "Total Revenue": 56,
        "Gross Profit": 56,
        "Operating Income": 56,
        "EBIT": 72,
        "Net Income": 18
    },
    "2010-09-30": {
        "Diluted EPS": 0.21,
        "Total Revenue": 45,
        "Gross Profit": 45,
        "Operating Income": 21,
        "EBIT": 21,
        "Net Income": 12
    },
    "2010-06-30": {
        "Diluted EPS": 0.0,
        "Total Revenue": NaN,
        "Gross Profit": NaN,
        "Operating Income": NaN,
        "EBIT": NaN,
        "Net Income": NaN
    },
    "2010-03-31": {
        "Diluted EPS": -0.13,
        "Total Revenue": 35,
        "Gross Profit": 33,
        "Operating Income": -1,
        "EBIT": 35,
        "Net Income": -6
    },
    "2009-12-31": {
        "Diluted EPS": 0.23,
        "Total Revenue": 35,
        "Gross Profit": 33,
        "Operating Income": 35,
        "EBIT": 47,
        "Net Income": 10
    },
    "2009-09-30": {
        "Diluted EPS": 0.17,
        "Total Revenue": 26,
        "Gross Profit": 25,
        "Operating Income": 11,
        "EBIT": 11,
        "Net Income": 7
    },
    "2009-06-30": {
        "Diluted EPS": 0.0,
        "Total Revenue": NaN,
        "Gross Profit": NaN,
        "Operating Income": NaN,
        "EBIT": NaN,
        "Net Income": NaN
    },
    "2009-03-31": {
        "Diluted EPS": 0.12,
        "Total Revenue": 21,
        "Gross Profit": 20,
        "Operating Income": 7,
        "EBIT": 30,
        "Net Income": 4
    },
    "2023-09-30": {
        "Tax Effect Of Unusual Items": NaN,
        "Tax Rate For Calcs": NaN,
        "Normalized EBITDA": NaN,
        "Total Unusual Items": NaN,
        "Total Unusual Items Excluding Goodwill": NaN,
        "Net Income From Continuing Operation Net Minority Interest": NaN,
        "Reconciled Depreciation": NaN,
        "Reconciled Cost Of Revenue": NaN,
        "EBITDA": NaN,
        "EBIT": NaN,
        "Net Interest Income": NaN,
        "Interest Expense": NaN,
        "Interest Income": NaN,
        "Normalized Income": NaN,
        "Net Income From Continuing And Discontinued Operation": NaN,
        "Total Expenses": NaN,
        "Total Operating Income As Reported": NaN,
        "Diluted Average Shares": 65757076.0,
        "Basic Average Shares": 65619406.0,
        "Diluted EPS": 0.75,
        "Basic EPS": 0.75,
        "Diluted NI Availto Com Stockholders": NaN,
        "Net Income Common Stockholders": NaN,
        "Net Income": NaN,
        "Minority Interests": NaN,
        "Net Income Including Noncontrolling Interests": NaN,
        "Net Income Continuous Operations": NaN,
        "Tax Provision": NaN,
        "Pretax Income": NaN,
        "Other Income Expense": NaN,
        "Gain On Sale Of Security": NaN,
        "Net Non Operating Interest Income Expense": NaN,
        "Interest Expense Non Operating": NaN,
        "Interest Income Non Operating": NaN,
        "Operating Income": NaN,
        "Operating Expense": NaN,
        "Selling General And Administration": NaN,
        "General And Administrative Expense": NaN,
        "Other Gand A": NaN,
        "Gross Profit": NaN,
        "Cost Of Revenue": NaN,
        "Total Revenue": NaN,
        "Operating Revenue": NaN
    },
    "2023-12-31": {
        "Tax Effect Of Unusual Items": 4200.110066,
        "Tax Rate For Calcs": 0.175005,
        "Normalized EBITDA": 122384000.0,
        "Total Unusual Items": 24000.0,
        "Total Unusual Items Excluding Goodwill": 24000.0,
        "Net Income From Continuing Operation Net Minority Interest": 62779000.0,
        "Reconciled Depreciation": 40090000.0,
        "Reconciled Cost Of Revenue": 63235000.0,
        "EBITDA": 122408000.0,
        "EBIT": 82318000.0,
        "Net Interest Income": -3396000.0,
        "Interest Expense": 6000000.0,
        "Interest Income": 2604000.0,
        "Normalized Income": 62759200.110066,
        "Net Income From Continuing And Discontinued Operation": 62779000.0,
        "Total Expenses": 72976000.0,
        "Total Operating Income As Reported": 79690000.0,
        "Diluted Average Shares": NaN,
        "Basic Average Shares": NaN,
        "Diluted EPS": NaN,
        "Basic EPS": NaN,
        "Diluted NI Availto Com Stockholders": 62779000.0,
        "Net Income Common Stockholders": 62779000.0,
        "Net Income": 62779000.0,
        "Minority Interests": -183000.0,
        "Net Income Including Noncontrolling Interests": 62962000.0,
        "Net Income Continuous Operations": 62962000.0,
        "Tax Provision": 13356000.0,
        "Pretax Income": 76318000.0,
        "Other Income Expense": 24000.0,
        "Gain On Sale Of Security": 24000.0,
        "Net Non Operating Interest Income Expense": -3396000.0,
        "Interest Expense Non Operating": 6000000.0,
        "Interest Income Non Operating": 2604000.0,
        "Operating Income": 79690000.0,
        "Operating Expense": 9741000.0,
        "Selling General And Administration": 9741000.0,
        "General And Administrative Expense": 9741000.0,
        "Other Gand A": 9741000.0,
        "Gross Profit": 89431000.0,
        "Cost Of Revenue": 63235000.0,
        "Total Revenue": 152666000.0,
        "Operating Revenue": 152666000.0
    },
    "2024-03-31": {
        "Tax Effect Of Unusual Items": NaN,
        "Tax Rate For Calcs": NaN,
        "Normalized EBITDA": NaN,
        "Total Unusual Items": NaN,
        "Total Unusual Items Excluding Goodwill": NaN,
        "Net Income From Continuing Operation Net Minority Interest": NaN,
        "Reconciled Depreciation": NaN,
        "Reconciled Cost Of Revenue": NaN,
        "EBITDA": NaN,
        "EBIT": NaN,
        "Net Interest Income": NaN,
        "Interest Expense": NaN,
        "Interest Income": NaN,
        "Normalized Income": NaN,
        "Net Income From Continuing And Discontinued Operation": NaN,
        "Total Expenses": NaN,
        "Total Operating Income As Reported": NaN,
        "Diluted Average Shares": 65740260.0,
        "Basic Average Shares": 65637428.0,
        "Diluted EPS": 0.72,
        "Basic EPS": 0.72,
        "Diluted NI Availto Com Stockholders": NaN,
        "Net Income Common Stockholders": NaN,
        "Net Income": NaN,
        "Minority Interests": NaN,
        "Net Income Including Noncontrolling Interests": NaN,
        "Net Income Continuous Operations": NaN,
        "Tax Provision": NaN,
        "Pretax Income": NaN,
        "Other Income Expense": NaN,
        "Gain On Sale Of Security": NaN,
        "Net Non Operating Interest Income Expense": NaN,
        "Interest Expense Non Operating": NaN,
        "Interest Income Non Operating": NaN,
        "Operating Income": NaN,
        "Operating Expense": NaN,
        "Selling General And Administration": NaN,
        "General And Administrative Expense": NaN,
        "Other Gand A": NaN,
        "Gross Profit": NaN,
        "Cost Of Revenue": NaN,
        "Total Revenue": NaN,
        "Operating Revenue": NaN
    },
    "2024-06-30": {
        "Tax Effect Of Unusual Items": -11907.0,
        "Tax Rate For Calcs": 0.189,
        "Normalized EBITDA": 138637000.0,
        "Total Unusual Items": -63000.0,
        "Total Unusual Items Excluding Goodwill": -63000.0,
        "Net Income From Continuing Operation Net Minority Interest": 81208000.0,
        "Reconciled Depreciation": 35747000.0,
        "Reconciled Cost Of Revenue": 61502000.0,
        "EBITDA": 138574000.0,
        "EBIT": 102827000.0,
        "Net Interest Income": -1709000.0,
        "Interest Expense": 2516000.0,
        "Interest Income": 807000.0,
        "Normalized Income": 81259093.0,
        "Net Income From Continuing And Discontinued Operation": 81208000.0,
        "Total Expenses": 72013000.0,
        "Total Operating Income As Reported": 102083000.0,
        "Diluted Average Shares": 65767538.0,
        "Basic Average Shares": 65650801.0,
        "Diluted EPS": 1.23,
        "Basic EPS": 1.23,
        "Diluted NI Availto Com Stockholders": 81208000.0,
        "Net Income Common Stockholders": 81208000.0,
        "Net Income": 81208000.0,
        "Minority Interests": -112000.0,
        "Net Income Including Noncontrolling Interests": 81320000.0,
        "Net Income Continuous Operations": 81320000.0,
        "Tax Provision": 18991000.0,
        "Pretax Income": 100311000.0,
        "Other Income Expense": -63000.0,
        "Gain On Sale Of Security": -63000.0,
        "Net Non Operating Interest Income Expense": -1709000.0,
        "Interest Expense Non Operating": 2516000.0,
        "Interest Income Non Operating": 807000.0,
        "Operating Income": 102083000.0,
        "Operating Expense": 10511000.0,
        "Selling General And Administration": 10511000.0,
        "General And Administrative Expense": 10511000.0,
        "Other Gand A": 10511000.0,
        "Gross Profit": 112594000.0,
        "Cost Of Revenue": 61502000.0,
        "Total Revenue": 174096000.0,
        "Operating Revenue": 174096000.0
    },
    "2024-09-30": {
        "Tax Effect Of Unusual Items": -77775.0,
        "Tax Rate For Calcs": 0.183,
        "Normalized EBITDA": 155649000.0,
        "Total Unusual Items": -425000.0,
        "Total Unusual Items Excluding Goodwill": -425000.0,
        "Net Income From Continuing Operation Net Minority Interest": 96242000.0,
        "Reconciled Depreciation": 36177000.0,
        "Reconciled Cost Of Revenue": 64889000.0,
        "EBITDA": 155224000.0,
        "EBIT": 119047000.0,
        "Net Interest Income": -581000.0,
        "Interest Expense": 1207000.0,
        "Interest Income": 626000.0,
        "Normalized Income": 96589225.0,
        "Net Income From Continuing And Discontinued Operation": 96242000.0,
        "Total Expenses": 74991000.0,
        "Total Operating Income As Reported": 118846000.0,
        "Diluted Average Shares": 65795014.0,
        "Basic Average Shares": 65670381.0,
        "Diluted EPS": 1.46,
        "Basic EPS": 1.46,
        "Diluted NI Availto Com Stockholders": 96242000.0,
        "Net Income Common Stockholders": 96242000.0,
        "Net Income": 96242000.0,
        "Minority Interests": -88000.0,
        "Net Income Including Noncontrolling Interests": 96330000.0,
        "Net Income Continuous Operations": 96330000.0,
        "Tax Provision": 21510000.0,
        "Pretax Income": 117840000.0,
        "Other Income Expense": -425000.0,
        "Gain On Sale Of Security": -425000.0,
        "Net Non Operating Interest Income Expense": -581000.0,
        "Interest Expense Non Operating": 1207000.0,
        "Interest Income Non Operating": 626000.0,
        "Operating Income": 118846000.0,
        "Operating Expense": 10102000.0,
        "Selling General And Administration": 10102000.0,
        "General And Administrative Expense": 10102000.0,
        "Other Gand A": 10102000.0,
        "Gross Profit": 128948000.0,
        "Cost Of Revenue": 64889000.0,
        "Total Revenue": 193837000.0,
        "Operating Revenue": 193837000.0
    },
    "2024-12-31": {
        "Tax Effect Of Unusual Items": -4684.705724,
        "Tax Rate For Calcs": 0.195196,
        "Normalized EBITDA": 168779000.0,
        "Total Unusual Items": -24000.0,
        "Total Unusual Items Excluding Goodwill": -24000.0,
        "Net Income From Continuing Operation Net Minority Interest": 107408000.0,
        "Reconciled Depreciation": 33737000.0,
        "Reconciled Cost Of Revenue": 60207000.0,
        "EBITDA": 168755000.0,
        "EBIT": 135018000.0,
        "Net Interest Income": 179000.0,
        "Interest Expense": 1419000.0,
        "Interest Income": 1598000.0,
        "Normalized Income": 107427315.294276,
        "Net Income From Continuing And Discontinued Operation": 107408000.0,
        "Total Expenses": 69116000.0,
        "Total Operating Income As Reported": 133444000.0,
        "Diluted Average Shares": NaN,
        "Basic Average Shares": NaN,
        "Diluted EPS": NaN,
        "Basic EPS": NaN,
        "Diluted NI Availto Com Stockholders": 107408000.0,
        "Net Income Common Stockholders": 107408000.0,
        "Net Income": 107408000.0,
        "Minority Interests": -113000.0,
        "Net Income Including Noncontrolling Interests": 107521000.0,
        "Net Income Continuous Operations": 107521000.0,
        "Tax Provision": 26078000.0,
        "Pretax Income": 133599000.0,
        "Other Income Expense": -24000.0,
        "Gain On Sale Of Security": -24000.0,
        "Net Non Operating Interest Income Expense": 179000.0,
        "Interest Expense Non Operating": 1419000.0,
        "Interest Income Non Operating": 1598000.0,
        "Operating Income": 133444000.0,
        "Operating Expense": 8909000.0,
        "Selling General And Administration": 8909000.0,
        "General And Administrative Expense": 8909000.0,
        "Other Gand A": 8909000.0,
        "Gross Profit": 142353000.0,
        "Cost Of Revenue": 60207000.0,
        "Total Revenue": 202560000.0,
        "Operating Revenue": 202560000.0
    },
    "2025-03-31": {
        "Tax Effect Of Unusual Items": -3108.0,
        "Tax Rate For Calcs": 0.084,
        "Normalized EBITDA": 158155000.0,
        "Total Unusual Items": -37000.0,
        "Total Unusual Items Excluding Goodwill": -37000.0,
        "Net Income From Continuing Operation Net Minority Interest": 113498000.0,
        "Reconciled Depreciation": 32995000.0,
        "Reconciled Cost Of Revenue": 59262000.0,
        "EBITDA": 158118000.0,
        "EBIT": 125123000.0,
        "Net Interest Income": 893000.0,
        "Interest Expense": 1156000.0,
        "Interest Income": 2049000.0,
        "Normalized Income": 113531892.0,
        "Net Income From Continuing And Discontinued Operation": 113498000.0,
        "Total Expenses": 70325000.0,
        "Total Operating Income As Reported": 123111000.0,
        "Diluted Average Shares": 65791551.0,
        "Basic Average Shares": 65705157.0,
        "Diluted EPS": 1.72,
        "Basic EPS": 1.72,
        "Diluted NI Availto Com Stockholders": 113498000.0,
        "Net Income Common Stockholders": 113498000.0,
        "Net Income": 113498000.0,
        "Minority Interests": -80000.0,
        "Net Income Including Noncontrolling Interests": 113578000.0,
        "Net Income Continuous Operations": 113578000.0,
        "Tax Provision": 10389000.0,
        "Pretax Income": 123967000.0,
        "Other Income Expense": -37000.0,
        "Gain On Sale Of Security": -37000.0,
        "Net Non Operating Interest Income Expense": 893000.0,
        "Interest Expense Non Operating": 1156000.0,
        "Interest Income Non Operating": 2049000.0,
        "Operating Income": 123111000.0,
        "Operating Expense": 11063000.0,
        "Selling General And Administration": 11063000.0,
        "General And Administrative Expense": 11063000.0,
        "Other Gand A": 11063000.0,
        "Gross Profit": 134174000.0,
        "Cost Of Revenue": 59262000.0,
        "Total Revenue": 193436000.0,
        "Operating Revenue": 193436000.0
    },
    "2025-06-30": {
        "Tax Effect Of Unusual Items": 222.0,
        "Tax Rate For Calcs": 0.074,
        "Normalized EBITDA": 175706000.0,
        "Total Unusual Items": 3000.0,
        "Total Unusual Items Excluding Goodwill": 3000.0,
        "Net Income From Continuing Operation Net Minority Interest": 132349000.0,
        "Reconciled Depreciation": 31153000.0,
        "Reconciled Cost Of Revenue": 57534000.0,
        "EBITDA": 175709000.0,
        "EBIT": 144556000.0,
        "Net Interest Income": 1169000.0,
        "Interest Expense": 1544000.0,
        "Interest Income": 2713000.0,
        "Normalized Income": 132346222.0,
        "Net Income From Continuing And Discontinued Operation": 132349000.0,
        "Total Expenses": 67803000.0,
        "Total Operating Income As Reported": 141840000.0,
        "Diluted Average Shares": 65820530.0,
        "Basic Average Shares": 65748410.0,
        "Diluted EPS": 2.01,
        "Basic EPS": 2.01,
        "Diluted NI Availto Com Stockholders": 132349000.0,
        "Net Income Common Stockholders": 132349000.0,
        "Net Income": 132349000.0,
        "Minority Interests": -125000.0,
        "Net Income Including Noncontrolling Interests": 132474000.0,
        "Net Income Continuous Operations": 132474000.0,
        "Tax Provision": 10538000.0,
        "Pretax Income": 143012000.0,
        "Other Income Expense": 3000.0,
        "Gain On Sale Of Security": 3000.0,
        "Net Non Operating Interest Income Expense": 1169000.0,
        "Interest Expense Non Operating": 1544000.0,
        "Interest Income Non Operating": 2713000.0,
        "Operating Income": 141840000.0,
        "Operating Expense": 10269000.0,
        "Selling General And Administration": 10269000.0,
        "General And Administrative Expense": 10269000.0,
        "Other Gand A": 10269000.0,
        "Gross Profit": 152109000.0,
        "Cost Of Revenue": 57534000.0,
        "Total Revenue": 209643000.0,
        "Operating Revenue": 209643000.0
    }
}