{
    "2023-03-31": {
        "Tax Effect Of Unusual Items": NaN,
        "Tax Rate For Calcs": NaN,
        "Normalized EBITDA": NaN,
        "Total Unusual Items": NaN,
        "Total Unusual Items Excluding Goodwill": NaN,
        "Net Income From Continuing Operation Net Minority Interest": NaN,
        "Reconciled Depreciation": NaN,
        "Reconciled Cost Of Revenue": NaN,
        "EBITDA": NaN,
        "EBIT": NaN,
        "Net Interest Income": NaN,
        "Interest Expense": NaN,
        "Interest Income": NaN,
        "Normalized Income": NaN,
        "Net Income From Continuing And Discontinued Operation": NaN,
        "Total Expenses": NaN,
        "Total Operating Income As Reported": NaN,
        "Diluted Average Shares": NaN,
        "Basic Average Shares": NaN,
        "Diluted EPS": NaN,
        "Basic EPS": NaN,
        "Diluted NI Availto Com Stockholders": NaN,
        "Net Income Common Stockholders": NaN,
        "Net Income": NaN,
        "Net Income Including Noncontrolling Interests": NaN,
        "Net Income Continuous Operations": NaN,
        "Tax Provision": 0.0,
        "Pretax Income": NaN,
        "Other Income Expense": NaN,
        "Special Income Charges": NaN,
        "Impairment Of Capital Assets": NaN,
        "Gain On Sale Of Security": NaN,
        "Net Non Operating Interest Income Expense": NaN,
        "Interest Expense Non Operating": NaN,
        "Interest Income Non Operating": NaN,
        "Operating Income": NaN,
        "Operating Expense": NaN,
        "Other Operating Expenses": NaN,
        "Research And Development": NaN,
        "Selling General And Administration": NaN,
        "General And Administrative Expense": NaN,
        "Other Gand A": NaN,
        "Gross Profit": NaN,
        "Cost Of Revenue": NaN,
        "Total Revenue": NaN,
        "Operating Revenue": NaN
    },
    "2022-12-31": {
        "Tax Effect Of Unusual Items": NaN,
        "Tax Rate For Calcs": NaN,
        "Normalized EBITDA": NaN,
        "Total Unusual Items": NaN,
        "Total Unusual Items Excluding Goodwill": NaN,
        "Net Income From Continuing Operation Net Minority Interest": NaN,
        "Reconciled Depreciation": NaN,
        "Reconciled Cost Of Revenue": NaN,
        "EBITDA": NaN,
        "EBIT": NaN,
        "Net Interest Income": NaN,
        "Interest Expense": NaN,
        "Interest Income": NaN,
        "Normalized Income": NaN,
        "Net Income From Continuing And Discontinued Operation": NaN,
        "Total Expenses": NaN,
        "Total Operating Income As Reported": NaN,
        "Diluted Average Shares": NaN,
        "Basic Average Shares": NaN,
        "Diluted EPS": NaN,
        "Basic EPS": NaN,
        "Diluted NI Availto Com Stockholders": NaN,
        "Net Income Common Stockholders": NaN,
        "Net Income": NaN,
        "Net Income Including Noncontrolling Interests": NaN,
        "Net Income Continuous Operations": NaN,
        "Tax Provision": -43000.0,
        "Pretax Income": NaN,
        "Other Income Expense": NaN,
        "Special Income Charges": NaN,
        "Impairment Of Capital Assets": NaN,
        "Gain On Sale Of Security": NaN,
        "Net Non Operating Interest Income Expense": NaN,
        "Interest Expense Non Operating": NaN,
        "Interest Income Non Operating": NaN,
        "Operating Income": NaN,
        "Operating Expense": NaN,
        "Other Operating Expenses": NaN,
        "Provision For Doubtful Accounts": -703000.0,
        "Research And Development": NaN,
        "Selling General And Administration": NaN,
        "General And Administrative Expense": NaN,
        "Other Gand A": NaN,
        "Gross Profit": NaN,
        "Cost Of Revenue": NaN,
        "Total Revenue": NaN,
        "Operating Revenue": NaN
    },
    "2022-09-30": {
        "Tax Effect Of Unusual Items": NaN,
        "Tax Rate For Calcs": NaN,
        "Normalized EBITDA": NaN,
        "Total Unusual Items": NaN,
        "Total Unusual Items Excluding Goodwill": NaN,
        "Net Income From Continuing Operation Net Minority Interest": NaN,
        "Reconciled Depreciation": NaN,
        "Reconciled Cost Of Revenue": NaN,
        "EBITDA": NaN,
        "EBIT": NaN,
        "Net Interest Income": NaN,
        "Interest Expense": NaN,
        "Interest Income": NaN,
        "Normalized Income": NaN,
        "Net Income From Continuing And Discontinued Operation": NaN,
        "Total Expenses": NaN,
        "Total Operating Income As Reported": NaN,
        "Diluted Average Shares": NaN,
        "Basic Average Shares": NaN,
        "Diluted EPS": NaN,
        "Basic EPS": NaN,
        "Diluted NI Availto Com Stockholders": NaN,
        "Net Income Common Stockholders": NaN,
        "Net Income": NaN,
        "Net Income Including Noncontrolling Interests": NaN,
        "Net Income Continuous Operations": NaN,
        "Tax Provision": NaN,
        "Pretax Income": NaN,
        "Other Income Expense": NaN,
        "Special Income Charges": NaN,
        "Impairment Of Capital Assets": NaN,
        "Gain On Sale Of Security": NaN,
        "Net Non Operating Interest Income Expense": NaN,
        "Interest Expense Non Operating": NaN,
        "Interest Income Non Operating": NaN,
        "Operating Income": NaN,
        "Operating Expense": NaN,
        "Other Operating Expenses": NaN,
        "Provision For Doubtful Accounts": 229000.0,
        "Research And Development": NaN,
        "Selling General And Administration": NaN,
        "General And Administrative Expense": NaN,
        "Other Gand A": NaN,
        "Gross Profit": NaN,
        "Cost Of Revenue": NaN,
        "Total Revenue": NaN,
        "Operating Revenue": NaN
    },
    "2022-06-30": {
        "Tax Effect Of Unusual Items": 0.0,
        "Tax Rate For Calcs": 0.0,
        "Normalized EBITDA": -59737000.0,
        "Total Unusual Items": 1061000.0,
        "Total Unusual Items Excluding Goodwill": 1061000.0,
        "Net Income From Continuing Operation Net Minority Interest": -68179000.0,
        "Reconciled Depreciation": 2643000.0,
        "Reconciled Cost Of Revenue": 12951000.0,
        "EBITDA": -58676000.0,
        "EBIT": -61319000.0,
        "Net Interest Income": -6707000.0,
        "Interest Expense": 6860000.0,
        "Interest Income": 153000.0,
        "Normalized Income": -69240000.0,
        "Net Income From Continuing And Discontinued Operation": -68179000.0,
        "Total Expenses": 95182000.0,
        "Total Operating Income As Reported": -62533000.0,
        "Diluted Average Shares": 43111000.0,
        "Basic Average Shares": 43111000.0,
        "Diluted EPS": -1.58,
        "Basic EPS": -1.58,
        "Diluted NI Availto Com Stockholders": -68179000.0,
        "Net Income Common Stockholders": -68179000.0,
        "Net Income": -68179000.0,
        "Net Income Including Noncontrolling Interests": -68179000.0,
        "Net Income Continuous Operations": -68179000.0,
        "Tax Provision": 0.0,
        "Pretax Income": -68179000.0,
        "Other Income Expense": 1061000.0,
        "Gain On Sale Of Security": 1061000.0,
        "Net Non Operating Interest Income Expense": -6707000.0,
        "Interest Expense Non Operating": 6860000.0,
        "Interest Income Non Operating": 153000.0,
        "Operating Income": -62533000.0,
        "Operating Expense": 82231000.0,
        "Other Operating Expenses": 391000.0,
        "Provision For Doubtful Accounts": 391000.0,
        "Research And Development": 61008000.0,
        "Selling General And Administration": 20832000.0,
        "General And Administrative Expense": 20832000.0,
        "Other Gand A": 20832000.0,
        "Gross Profit": 19698000.0,
        "Cost Of Revenue": 12951000.0,
        "Total Revenue": 32649000.0,
        "Operating Revenue": 32649000.0
    },
    "2023-06-30": {
        "Tax Effect Of Unusual Items": NaN,
        "Tax Rate For Calcs": NaN,
        "Normalized EBITDA": NaN,
        "Total Unusual Items": NaN,
        "Total Unusual Items Excluding Goodwill": NaN,
        "Net Income From Continuing Operation Net Minority Interest": NaN,
        "Reconciled Depreciation": NaN,
        "Reconciled Cost Of Revenue": NaN,
        "EBITDA": NaN,
        "EBIT": NaN,
        "Net Interest Income": NaN,
        "Interest Expense": NaN,
        "Interest Income": NaN,
        "Normalized Income": NaN,
        "Net Income From Continuing And Discontinued Operation": NaN,
        "Total Expenses": NaN,
        "Total Operating Income As Reported": NaN,
        "Diluted Average Shares": NaN,
        "Basic Average Shares": NaN,
        "Diluted EPS": NaN,
        "Basic EPS": NaN,
        "Diluted NI Availto Com Stockholders": NaN,
        "Net Income Common Stockholders": NaN,
        "Net Income": NaN,
        "Net Income Including Noncontrolling Interests": NaN,
        "Net Income Continuous Operations": NaN,
        "Tax Provision": 0.0,
        "Pretax Income": NaN,
        "Other Income Expense": NaN,
        "Special Income Charges": NaN,
        "Impairment Of Capital Assets": NaN,
        "Gain On Sale Of Security": NaN,
        "Net Non Operating Interest Income Expense": NaN,
        "Interest Expense Non Operating": NaN,
        "Interest Income Non Operating": NaN,
        "Operating Income": NaN,
        "Operating Expense": NaN,
        "Other Operating Expenses": NaN,
        "Research And Development": NaN,
        "Selling General And Administration": NaN,
        "General And Administrative Expense": NaN,
        "Other Gand A": NaN,
        "Gross Profit": NaN,
        "Cost Of Revenue": NaN,
        "Total Revenue": NaN,
        "Operating Revenue": NaN
    },
    "2022-03-31": {
        "Diluted EPS": -1.79,
        "Total Revenue": 22,
        "Gross Profit": 7,
        "Operating Income": -72,
        "EBIT": -67,
        "Net Income": -77
    },
    "2021-12-31": {
        "Diluted EPS": 6.84,
        "Total Revenue": 399,
        "Gross Profit": 376,
        "Operating Income": 314,
        "EBIT": 318,
        "Net Income": 294
    },
    "2021-09-30": {
        "Diluted EPS": -1.37,
        "Total Revenue": 31,
        "Gross Profit": 17,
        "Operating Income": -57,
        "EBIT": -53,
        "Net Income": -58
    },
    "2021-06-30": {
        "Diluted EPS": -1.36,
        "Total Revenue": 22,
        "Gross Profit": 12,
        "Operating Income": -52,
        "EBIT": -48,
        "Net Income": -58
    },
    "2021-03-31": {
        "Diluted EPS": -1.2,
        "Total Revenue": 19,
        "Gross Profit": 14,
        "Operating Income": -44,
        "EBIT": -41,
        "Net Income": -50
    },
    "2020-12-31": {
        "Diluted EPS": -1.22,
        "Total Revenue": 21,
        "Gross Profit": 11,
        "Operating Income": -54,
        "EBIT": -51,
        "Net Income": -46
    },
    "2020-09-30": {
        "Diluted EPS": 0.23,
        "Total Revenue": 99,
        "Gross Profit": 82,
        "Operating Income": 14,
        "EBIT": 17,
        "Net Income": 9
    },
    "2020-06-30": {
        "Diluted EPS": -0.91,
        "Total Revenue": 17,
        "Gross Profit": 12,
        "Operating Income": -42,
        "EBIT": -40,
        "Net Income": -34
    },
    "2020-03-31": {
        "Diluted EPS": -1.08,
        "Total Revenue": 18,
        "Gross Profit": 14,
        "Operating Income": -38,
        "EBIT": -36,
        "Net Income": -40
    },
    "2019-12-31": {
        "Diluted EPS": -0.71,
        "Total Revenue": 12,
        "Gross Profit": 8,
        "Operating Income": -40,
        "EBIT": -39,
        "Net Income": -26
    },
    "2019-09-30": {
        "Diluted EPS": -0.94,
        "Total Revenue": 15,
        "Gross Profit": 12,
        "Operating Income": -36,
        "EBIT": -34,
        "Net Income": -35
    },
    "2019-06-30": {
        "Diluted EPS": -0.04,
        "Total Revenue": 8,
        "Gross Profit": 6,
        "Operating Income": -37,
        "EBIT": -36,
        "Net Income": -1
    },
    "2019-03-31": {
        "Diluted EPS": -0.89,
        "Total Revenue": 1,
        "Gross Profit": 1,
        "Operating Income": -36,
        "EBIT": -35,
        "Net Income": -32
    },
    "2018-12-31": {
        "Diluted EPS": -0.05,
        "Total Revenue": 41,
        "Gross Profit": 38,
        "Operating Income": 2,
        "EBIT": 4,
        "Net Income": 4
    },
    "2018-09-30": {
        "Diluted EPS": -0.56,
        "Total Revenue": 5,
        "Gross Profit": 5,
        "Operating Income": -23,
        "EBIT": -22,
        "Net Income": -19
    },
    "2018-06-30": {
        "Diluted EPS": 0.3,
        "Total Revenue": 40,
        "Gross Profit": 36,
        "Operating Income": 6,
        "EBIT": 8,
        "Net Income": 11
    },
    "2018-03-31": {
        "Diluted EPS": 3.04,
        "Total Revenue": 132,
        "Gross Profit": 130,
        "Operating Income": 102,
        "EBIT": 103,
        "Net Income": 104
    },
    "2017-12-31": {
        "Diluted EPS": -0.49,
        "Total Revenue": 2,
        "Gross Profit": 2,
        "Operating Income": -17,
        "EBIT": -15,
        "Net Income": -16
    },
    "2017-09-30": {
        "Diluted EPS": -0.67,
        "Total Revenue": 1,
        "Gross Profit": 1,
        "Operating Income": -21,
        "EBIT": -20,
        "Net Income": -21
    },
    "2017-06-30": {
        "Diluted EPS": -0.47,
        "Total Revenue": 7,
        "Gross Profit": 5,
        "Operating Income": -15,
        "EBIT": -14,
        "Net Income": -14
    },
    "2017-03-31": {
        "Diluted EPS": -0.82,
        "Total Revenue": 0,
        "Gross Profit": 0,
        "Operating Income": -23,
        "EBIT": -22,
        "Net Income": -22
    },
    "2016-12-31": {
        "Diluted EPS": -0.73,
        "Total Revenue": 2,
        "Gross Profit": 1,
        "Operating Income": -20,
        "EBIT": -20,
        "Net Income": -20
    },
    "2016-09-30": {
        "Diluted EPS": -0.69,
        "Total Revenue": 0,
        "Gross Profit": 0,
        "Operating Income": -19,
        "EBIT": -18,
        "Net Income": -18
    },
    "2016-06-30": {
        "Diluted EPS": -0.55,
        "Total Revenue": 2,
        "Gross Profit": 2,
        "Operating Income": -15,
        "EBIT": -14,
        "Net Income": -14
    },
    "2016-03-31": {
        "Diluted EPS": -0.41,
        "Total Revenue": 0,
        "Gross Profit": 0,
        "Operating Income": -11,
        "EBIT": -11,
        "Net Income": -11
    },
    "2015-12-31": {
        "Diluted EPS": 3.11,
        "Total Revenue": 4,
        "Gross Profit": 4,
        "Operating Income": -6,
        "EBIT": -5,
        "Net Income": -5
    },
    "2015-09-30": {
        "Diluted EPS": -1.52,
        "Total Revenue": 1,
        "Gross Profit": 1,
        "Operating Income": -7,
        "EBIT": -7,
        "Net Income": -7
    },
    "2015-06-30": {
        "Diluted EPS": -3.24,
        "Total Revenue": 1,
        "Gross Profit": 1,
        "Operating Income": -6,
        "EBIT": -6,
        "Net Income": -9
    },
    "2015-03-31": {
        "Diluted EPS": -0.94,
        "Total Revenue": 1,
        "Gross Profit": 1,
        "Operating Income": -4,
        "EBIT": -4,
        "Net Income": -2
    },
    "2014-12-31": {
        "Diluted EPS": 0.0,
        "Total Revenue": NaN,
        "Gross Profit": NaN,
        "Operating Income": NaN,
        "EBIT": NaN,
        "Net Income": NaN
    },
    "2014-09-30": {
        "Diluted EPS": -0.73,
        "Total Revenue": 0,
        "Gross Profit": 0,
        "Operating Income": -2,
        "EBIT": -2,
        "Net Income": -2
    },
    "2013-12-31": {
        "Diluted EPS": 0.0,
        "Total Revenue": NaN,
        "Gross Profit": NaN,
        "Operating Income": NaN,
        "EBIT": NaN,
        "Net Income": NaN
    },
    "2023-09-30": {
        "Tax Effect Of Unusual Items": NaN,
        "Tax Rate For Calcs": NaN,
        "Normalized EBITDA": NaN,
        "Total Unusual Items": NaN,
        "Total Unusual Items Excluding Goodwill": NaN,
        "Net Income From Continuing Operation Net Minority Interest": NaN,
        "Reconciled Depreciation": NaN,
        "Reconciled Cost Of Revenue": NaN,
        "EBITDA": NaN,
        "EBIT": NaN,
        "Net Interest Income": NaN,
        "Interest Expense": NaN,
        "Interest Income": NaN,
        "Normalized Income": NaN,
        "Net Income From Continuing And Discontinued Operation": NaN,
        "Total Expenses": NaN,
        "Total Operating Income As Reported": NaN,
        "Diluted Average Shares": NaN,
        "Basic Average Shares": NaN,
        "Diluted EPS": NaN,
        "Basic EPS": NaN,
        "Diluted NI Availto Com Stockholders": NaN,
        "Net Income Common Stockholders": NaN,
        "Net Income": NaN,
        "Net Income Including Noncontrolling Interests": NaN,
        "Net Income Continuous Operations": NaN,
        "Tax Provision": 0.0,
        "Pretax Income": NaN,
        "Other Income Expense": NaN,
        "Special Income Charges": NaN,
        "Impairment Of Capital Assets": NaN,
        "Gain On Sale Of Security": NaN,
        "Net Non Operating Interest Income Expense": NaN,
        "Interest Expense Non Operating": NaN,
        "Interest Income Non Operating": NaN,
        "Operating Income": NaN,
        "Operating Expense": NaN,
        "Other Operating Expenses": NaN,
        "Research And Development": NaN,
        "Selling General And Administration": NaN,
        "General And Administrative Expense": NaN,
        "Other Gand A": NaN,
        "Gross Profit": NaN,
        "Cost Of Revenue": NaN,
        "Total Revenue": NaN,
        "Operating Revenue": NaN
    },
    "2023-12-31": {
        "Tax Effect Of Unusual Items": NaN,
        "Tax Rate For Calcs": NaN,
        "Normalized EBITDA": NaN,
        "Total Unusual Items": NaN,
        "Total Unusual Items Excluding Goodwill": NaN,
        "Net Income From Continuing Operation Net Minority Interest": NaN,
        "Reconciled Depreciation": NaN,
        "Reconciled Cost Of Revenue": NaN,
        "EBITDA": NaN,
        "EBIT": NaN,
        "Net Interest Income": NaN,
        "Interest Expense": NaN,
        "Interest Income": NaN,
        "Normalized Income": NaN,
        "Net Income From Continuing And Discontinued Operation": NaN,
        "Total Expenses": NaN,
        "Total Operating Income As Reported": NaN,
        "Diluted Average Shares": NaN,
        "Basic Average Shares": NaN,
        "Diluted EPS": NaN,
        "Basic EPS": NaN,
        "Diluted NI Availto Com Stockholders": NaN,
        "Net Income Common Stockholders": NaN,
        "Net Income": NaN,
        "Net Income Including Noncontrolling Interests": NaN,
        "Net Income Continuous Operations": NaN,
        "Tax Provision": -152000.0,
        "Pretax Income": NaN,
        "Other Income Expense": NaN,
        "Special Income Charges": NaN,
        "Impairment Of Capital Assets": NaN,
        "Gain On Sale Of Security": NaN,
        "Net Non Operating Interest Income Expense": NaN,
        "Interest Expense Non Operating": NaN,
        "Interest Income Non Operating": NaN,
        "Operating Income": NaN,
        "Operating Expense": NaN,
        "Other Operating Expenses": NaN,
        "Research And Development": NaN,
        "Selling General And Administration": NaN,
        "General And Administrative Expense": NaN,
        "Other Gand A": NaN,
        "Gross Profit": NaN,
        "Cost Of Revenue": NaN,
        "Total Revenue": NaN,
        "Operating Revenue": NaN
    },
    "2024-03-31": {
        "Tax Effect Of Unusual Items": 0.0,
        "Tax Rate For Calcs": 0.0,
        "Normalized EBITDA": -57545000.0,
        "Total Unusual Items": 368000.0,
        "Total Unusual Items Excluding Goodwill": 368000.0,
        "Net Income From Continuing Operation Net Minority Interest": -63330000.0,
        "Reconciled Depreciation": 4180000.0,
        "Reconciled Cost Of Revenue": 4283000.0,
        "EBITDA": -57177000.0,
        "EBIT": -61357000.0,
        "Net Interest Income": -1936000.0,
        "Interest Expense": 1973000.0,
        "Interest Income": 37000.0,
        "Normalized Income": -63698000.0,
        "Net Income From Continuing And Discontinued Operation": -63330000.0,
        "Total Expenses": 77384000.0,
        "Total Operating Income As Reported": -63863000.0,
        "Diluted Average Shares": 45733000.0,
        "Basic Average Shares": 45733000.0,
        "Diluted EPS": -1.38,
        "Basic EPS": -1.38,
        "Diluted NI Availto Com Stockholders": -63330000.0,
        "Net Income Common Stockholders": -63330000.0,
        "Net Income": -63330000.0,
        "Net Income Including Noncontrolling Interests": -63330000.0,
        "Net Income Continuous Operations": -63330000.0,
        "Tax Provision": NaN,
        "Pretax Income": -63330000.0,
        "Other Income Expense": 368000.0,
        "Special Income Charges": -2101000.0,
        "Impairment Of Capital Assets": 2101000.0,
        "Gain On Sale Of Security": 2469000.0,
        "Net Non Operating Interest Income Expense": -1936000.0,
        "Interest Expense Non Operating": 1973000.0,
        "Interest Income Non Operating": 37000.0,
        "Operating Income": -61762000.0,
        "Operating Expense": 73101000.0,
        "Other Operating Expenses": -34000.0,
        "Research And Development": 54844000.0,
        "Selling General And Administration": 18291000.0,
        "General And Administrative Expense": 18291000.0,
        "Other Gand A": 18291000.0,
        "Gross Profit": 11339000.0,
        "Cost Of Revenue": 4283000.0,
        "Total Revenue": 15622000.0,
        "Operating Revenue": 15622000.0
    },
    "2024-06-30": {
        "Tax Effect Of Unusual Items": 0.0,
        "Tax Rate For Calcs": 0.0,
        "Normalized EBITDA": -51957000.0,
        "Total Unusual Items": 3468000.0,
        "Total Unusual Items Excluding Goodwill": 3468000.0,
        "Net Income From Continuing Operation Net Minority Interest": -52989000.0,
        "Reconciled Depreciation": 4051000.0,
        "Reconciled Cost Of Revenue": 10579000.0,
        "EBITDA": -48489000.0,
        "EBIT": -52540000.0,
        "Net Interest Income": -420000.0,
        "Interest Expense": 449000.0,
        "Interest Income": 29000.0,
        "Normalized Income": -56457000.0,
        "Net Income From Continuing And Discontinued Operation": -52989000.0,
        "Total Expenses": 78332000.0,
        "Total Operating Income As Reported": -56037000.0,
        "Diluted Average Shares": 50601000.0,
        "Basic Average Shares": 50601000.0,
        "Diluted EPS": -1.05,
        "Basic EPS": -1.05,
        "Diluted NI Availto Com Stockholders": -52989000.0,
        "Net Income Common Stockholders": -52989000.0,
        "Net Income": -52989000.0,
        "Net Income Including Noncontrolling Interests": -52989000.0,
        "Net Income Continuous Operations": -52989000.0,
        "Pretax Income": -52989000.0,
        "Other Income Expense": 3468000.0,
        "Special Income Charges": 0.0,
        "Impairment Of Capital Assets": 0.0,
        "Gain On Sale Of Security": 3468000.0,
        "Net Non Operating Interest Income Expense": -420000.0,
        "Interest Expense Non Operating": 449000.0,
        "Interest Income Non Operating": 29000.0,
        "Operating Income": -56037000.0,
        "Operating Expense": 67753000.0,
        "Other Operating Expenses": 29000.0,
        "Research And Development": 48869000.0,
        "Selling General And Administration": 18855000.0,
        "General And Administrative Expense": 18855000.0,
        "Other Gand A": 18855000.0,
        "Gross Profit": 11716000.0,
        "Cost Of Revenue": 10579000.0,
        "Total Revenue": 22295000.0,
        "Operating Revenue": 22295000.0
    },
    "2024-09-30": {
        "Tax Effect Of Unusual Items": 0.0,
        "Tax Rate For Calcs": 0.0,
        "Normalized EBITDA": -58092000.0,
        "Total Unusual Items": 3276000.0,
        "Total Unusual Items Excluding Goodwill": 3276000.0,
        "Net Income From Continuing Operation Net Minority Interest": -59597000.0,
        "Reconciled Depreciation": 3961000.0,
        "Reconciled Cost Of Revenue": 12387000.0,
        "EBITDA": -54816000.0,
        "EBIT": -58777000.0,
        "Net Interest Income": -795000.0,
        "Interest Expense": 820000.0,
        "Interest Income": 25000.0,
        "Normalized Income": -62873000.0,
        "Net Income From Continuing And Discontinued Operation": -59597000.0,
        "Total Expenses": 86275000.0,
        "Total Operating Income As Reported": -62078000.0,
        "Diluted Average Shares": 50800000.0,
        "Basic Average Shares": 50800000.0,
        "Diluted EPS": -1.17,
        "Basic EPS": -1.17,
        "Diluted NI Availto Com Stockholders": -59597000.0,
        "Net Income Common Stockholders": -59597000.0,
        "Net Income": -59597000.0,
        "Net Income Including Noncontrolling Interests": -59597000.0,
        "Net Income Continuous Operations": -59597000.0,
        "Pretax Income": -59597000.0,
        "Other Income Expense": 3276000.0,
        "Special Income Charges": 0.0,
        "Impairment Of Capital Assets": 0.0,
        "Gain On Sale Of Security": 3276000.0,
        "Net Non Operating Interest Income Expense": -795000.0,
        "Interest Expense Non Operating": 820000.0,
        "Interest Income Non Operating": 25000.0,
        "Operating Income": -62078000.0,
        "Operating Expense": 73888000.0,
        "Other Operating Expenses": 37000.0,
        "Research And Development": 54429000.0,
        "Selling General And Administration": 19422000.0,
        "General And Administrative Expense": 19422000.0,
        "Other Gand A": 19422000.0,
        "Gross Profit": 11810000.0,
        "Cost Of Revenue": 12387000.0,
        "Total Revenue": 24197000.0,
        "Operating Revenue": 24197000.0
    },
    "2024-12-31": {
        "Tax Effect Of Unusual Items": 0.0,
        "Tax Rate For Calcs": 0.0,
        "Normalized EBITDA": -47262000.0,
        "Total Unusual Items": 9516000.0,
        "Total Unusual Items Excluding Goodwill": 9516000.0,
        "Net Income From Continuing Operation Net Minority Interest": -51186000.0,
        "Reconciled Depreciation": 4023000.0,
        "Reconciled Cost Of Revenue": 6318000.0,
        "EBITDA": -37746000.0,
        "EBIT": -41769000.0,
        "Net Interest Income": -9334000.0,
        "Interest Expense": 9417000.0,
        "Interest Income": 83000.0,
        "Normalized Income": -60702000.0,
        "Net Income From Continuing And Discontinued Operation": -51186000.0,
        "Total Expenses": 72582000.0,
        "Total Operating Income As Reported": -51368000.0,
        "Diluted Average Shares": 50871000.0,
        "Basic Average Shares": 50871000.0,
        "Diluted EPS": -1.01,
        "Basic EPS": -1.01,
        "Diluted NI Availto Com Stockholders": -51186000.0,
        "Net Income Common Stockholders": -51186000.0,
        "Net Income": -51186000.0,
        "Net Income Including Noncontrolling Interests": -51186000.0,
        "Net Income Continuous Operations": -51186000.0,
        "Pretax Income": -51186000.0,
        "Other Income Expense": 9516000.0,
        "Special Income Charges": 0.0,
        "Impairment Of Capital Assets": 0.0,
        "Gain On Sale Of Security": 9516000.0,
        "Net Non Operating Interest Income Expense": -9334000.0,
        "Interest Expense Non Operating": 9417000.0,
        "Interest Income Non Operating": 83000.0,
        "Operating Income": -51368000.0,
        "Operating Expense": 66264000.0,
        "Other Operating Expenses": 833000.0,
        "Research And Development": 50380000.0,
        "Selling General And Administration": 20051000.0,
        "General And Administrative Expense": 20051000.0,
        "Other Gand A": 20051000.0,
        "Gross Profit": 14896000.0,
        "Cost Of Revenue": 6318000.0,
        "Total Revenue": 21214000.0,
        "Operating Revenue": 21214000.0
    },
    "2025-03-31": {
        "Tax Effect Of Unusual Items": 525210.0,
        "Tax Rate For Calcs": 0.21,
        "Normalized EBITDA": 16107000.0,
        "Total Unusual Items": 2501000.0,
        "Total Unusual Items Excluding Goodwill": 2501000.0,
        "Net Income From Continuing Operation Net Minority Interest": 6083000.0,
        "Reconciled Depreciation": 3955000.0,
        "Reconciled Cost Of Revenue": 3436000.0,
        "EBITDA": 18608000.0,
        "EBIT": 14653000.0,
        "Net Interest Income": -8545000.0,
        "Interest Expense": 8570000.0,
        "Interest Income": 25000.0,
        "Normalized Income": 4107210.0,
        "Net Income From Continuing And Discontinued Operation": 6083000.0,
        "Total Expenses": 76885000.0,
        "Total Operating Income As Reported": 12127000.0,
        "Diluted Average Shares": 51434000.0,
        "Basic Average Shares": 51362000.0,
        "Diluted EPS": 0.12,
        "Basic EPS": 0.12,
        "Diluted NI Availto Com Stockholders": 6083000.0,
        "Net Income Common Stockholders": 6083000.0,
        "Net Income": 6083000.0,
        "Net Income Including Noncontrolling Interests": 6083000.0,
        "Net Income Continuous Operations": 6083000.0,
        "Pretax Income": 6083000.0,
        "Other Income Expense": 2501000.0,
        "Special Income Charges": 0.0,
        "Impairment Of Capital Assets": 0.0,
        "Gain On Sale Of Security": 2501000.0,
        "Net Non Operating Interest Income Expense": -8545000.0,
        "Interest Expense Non Operating": 8570000.0,
        "Interest Income Non Operating": 25000.0,
        "Operating Income": 12127000.0,
        "Operating Expense": 73449000.0,
        "Other Operating Expenses": 15000.0,
        "Research And Development": 53087000.0,
        "Selling General And Administration": 20347000.0,
        "General And Administrative Expense": 20347000.0,
        "Other Gand A": 20347000.0,
        "Gross Profit": 85576000.0,
        "Cost Of Revenue": 3436000.0,
        "Total Revenue": 89012000.0,
        "Operating Revenue": 89012000.0
    },
    "2025-06-30": {
        "Tax Effect Of Unusual Items": 0.0,
        "Tax Rate For Calcs": 0.0,
        "Normalized EBITDA": -59352000.0,
        "Total Unusual Items": 3379000.0,
        "Total Unusual Items Excluding Goodwill": 3379000.0,
        "Net Income From Continuing Operation Net Minority Interest": -70871000.0,
        "Reconciled Depreciation": 3905000.0,
        "Reconciled Cost Of Revenue": 5209000.0,
        "EBITDA": -55973000.0,
        "EBIT": -59878000.0,
        "Net Interest Income": -10972000.0,
        "Interest Expense": 10993000.0,
        "Interest Income": 21000.0,
        "Normalized Income": -74250000.0,
        "Net Income From Continuing And Discontinued Operation": -70871000.0,
        "Total Expenses": 84637000.0,
        "Total Operating Income As Reported": -63278000.0,
        "Diluted Average Shares": 51483000.0,
        "Basic Average Shares": 51483000.0,
        "Diluted EPS": -1.38,
        "Basic EPS": -1.38,
        "Diluted NI Availto Com Stockholders": -70871000.0,
        "Net Income Common Stockholders": -70871000.0,
        "Net Income": -70871000.0,
        "Net Income Including Noncontrolling Interests": -70871000.0,
        "Net Income Continuous Operations": -70871000.0,
        "Pretax Income": -70871000.0,
        "Other Income Expense": 3379000.0,
        "Special Income Charges": 0.0,
        "Impairment Of Capital Assets": 0.0,
        "Gain On Sale Of Security": 3379000.0,
        "Net Non Operating Interest Income Expense": -10972000.0,
        "Interest Expense Non Operating": 10993000.0,
        "Interest Income Non Operating": 21000.0,
        "Operating Income": -63278000.0,
        "Operating Expense": 79428000.0,
        "Other Operating Expenses": 45000.0,
        "Research And Development": 59500000.0,
        "Selling General And Administration": 19883000.0,
        "General And Administrative Expense": 19883000.0,
        "Other Gand A": 19883000.0,
        "Gross Profit": 16150000.0,
        "Cost Of Revenue": 5209000.0,
        "Total Revenue": 21359000.0,
        "Operating Revenue": 21359000.0
    }
}