{
    "2023-05-31": {
        "Tax Effect Of Unusual Items": NaN,
        "Tax Rate For Calcs": NaN,
        "Normalized EBITDA": NaN,
        "Total Unusual Items": NaN,
        "Total Unusual Items Excluding Goodwill": NaN,
        "Net Income From Continuing Operation Net Minority Interest": NaN,
        "Reconciled Depreciation": NaN,
        "Reconciled Cost Of Revenue": NaN,
        "EBITDA": NaN,
        "EBIT": NaN,
        "Net Interest Income": NaN,
        "Interest Expense": -110000.0,
        "Interest Income": NaN,
        "Normalized Income": NaN,
        "Net Income From Continuing And Discontinued Operation": NaN,
        "Total Expenses": NaN,
        "Total Operating Income As Reported": NaN,
        "Diluted Average Shares": NaN,
        "Basic Average Shares": NaN,
        "Diluted EPS": NaN,
        "Basic EPS": NaN,
        "Diluted NI Availto Com Stockholders": NaN,
        "Net Income Common Stockholders": NaN,
        "Net Income": NaN,
        "Net Income Including Noncontrolling Interests": NaN,
        "Net Income Continuous Operations": NaN,
        "Tax Provision": NaN,
        "Pretax Income": NaN,
        "Other Income Expense": NaN,
        "Other Non Operating Income Expenses": NaN,
        "Special Income Charges": NaN,
        "Impairment Of Capital Assets": NaN,
        "Net Non Operating Interest Income Expense": NaN,
        "Total Other Finance Cost": NaN,
        "Interest Expense Non Operating": -110000.0,
        "Interest Income Non Operating": NaN,
        "Operating Income": NaN,
        "Operating Expense": NaN,
        "Depreciation Amortization Depletion Income Statement": NaN,
        "Depreciation And Amortization In Income Statement": NaN,
        "Amortization": NaN,
        "Amortization Of Intangibles Income Statement": NaN,
        "Depreciation Income Statement": NaN,
        "Selling General And Administration": NaN,
        "Gross Profit": NaN,
        "Cost Of Revenue": NaN,
        "Total Revenue": NaN,
        "Operating Revenue": NaN
    },
    "2023-02-28": {
        "Tax Effect Of Unusual Items": NaN,
        "Tax Rate For Calcs": NaN,
        "Normalized EBITDA": NaN,
        "Total Unusual Items": NaN,
        "Total Unusual Items Excluding Goodwill": NaN,
        "Net Income From Continuing Operation Net Minority Interest": NaN,
        "Reconciled Depreciation": NaN,
        "Reconciled Cost Of Revenue": NaN,
        "EBITDA": NaN,
        "EBIT": NaN,
        "Net Interest Income": NaN,
        "Interest Expense": 147000.0,
        "Interest Income": NaN,
        "Normalized Income": NaN,
        "Net Income From Continuing And Discontinued Operation": NaN,
        "Total Expenses": NaN,
        "Total Operating Income As Reported": NaN,
        "Diluted Average Shares": NaN,
        "Basic Average Shares": NaN,
        "Diluted EPS": NaN,
        "Basic EPS": NaN,
        "Diluted NI Availto Com Stockholders": NaN,
        "Net Income Common Stockholders": NaN,
        "Net Income": NaN,
        "Net Income Including Noncontrolling Interests": NaN,
        "Net Income Continuous Operations": NaN,
        "Tax Provision": NaN,
        "Pretax Income": NaN,
        "Other Income Expense": NaN,
        "Other Non Operating Income Expenses": NaN,
        "Special Income Charges": NaN,
        "Impairment Of Capital Assets": NaN,
        "Net Non Operating Interest Income Expense": NaN,
        "Total Other Finance Cost": 147000.0,
        "Interest Expense Non Operating": 147000.0,
        "Interest Income Non Operating": NaN,
        "Operating Income": NaN,
        "Operating Expense": NaN,
        "Depreciation Amortization Depletion Income Statement": NaN,
        "Depreciation And Amortization In Income Statement": NaN,
        "Amortization": NaN,
        "Amortization Of Intangibles Income Statement": NaN,
        "Depreciation Income Statement": NaN,
        "Selling General And Administration": NaN,
        "Gross Profit": NaN,
        "Cost Of Revenue": NaN,
        "Total Revenue": NaN,
        "Operating Revenue": NaN
    },
    "2022-11-30": {
        "Tax Effect Of Unusual Items": NaN,
        "Tax Rate For Calcs": NaN,
        "Normalized EBITDA": NaN,
        "Total Unusual Items": NaN,
        "Total Unusual Items Excluding Goodwill": NaN,
        "Net Income From Continuing Operation Net Minority Interest": NaN,
        "Reconciled Depreciation": NaN,
        "Reconciled Cost Of Revenue": NaN,
        "EBITDA": NaN,
        "EBIT": NaN,
        "Net Interest Income": NaN,
        "Interest Expense": 199000.0,
        "Interest Income": NaN,
        "Normalized Income": NaN,
        "Net Income From Continuing And Discontinued Operation": NaN,
        "Total Expenses": NaN,
        "Total Operating Income As Reported": NaN,
        "Diluted Average Shares": NaN,
        "Basic Average Shares": NaN,
        "Diluted EPS": NaN,
        "Basic EPS": NaN,
        "Diluted NI Availto Com Stockholders": NaN,
        "Net Income Common Stockholders": NaN,
        "Net Income": NaN,
        "Net Income Including Noncontrolling Interests": NaN,
        "Net Income Continuous Operations": NaN,
        "Tax Provision": NaN,
        "Pretax Income": NaN,
        "Other Income Expense": NaN,
        "Other Non Operating Income Expenses": NaN,
        "Special Income Charges": NaN,
        "Impairment Of Capital Assets": NaN,
        "Net Non Operating Interest Income Expense": NaN,
        "Total Other Finance Cost": NaN,
        "Interest Expense Non Operating": 199000.0,
        "Interest Income Non Operating": NaN,
        "Operating Income": NaN,
        "Operating Expense": NaN,
        "Depreciation Amortization Depletion Income Statement": NaN,
        "Depreciation And Amortization In Income Statement": NaN,
        "Amortization": NaN,
        "Amortization Of Intangibles Income Statement": NaN,
        "Depreciation Income Statement": NaN,
        "Selling General And Administration": NaN,
        "Gross Profit": NaN,
        "Cost Of Revenue": NaN,
        "Total Revenue": NaN,
        "Operating Revenue": NaN
    },
    "2022-08-31": {
        "Tax Effect Of Unusual Items": NaN,
        "Tax Rate For Calcs": NaN,
        "Normalized EBITDA": NaN,
        "Total Unusual Items": NaN,
        "Total Unusual Items Excluding Goodwill": NaN,
        "Net Income From Continuing Operation Net Minority Interest": NaN,
        "Reconciled Depreciation": NaN,
        "Reconciled Cost Of Revenue": NaN,
        "EBITDA": NaN,
        "EBIT": NaN,
        "Net Interest Income": NaN,
        "Interest Expense": 316000.0,
        "Interest Income": NaN,
        "Normalized Income": NaN,
        "Net Income From Continuing And Discontinued Operation": NaN,
        "Total Expenses": NaN,
        "Total Operating Income As Reported": NaN,
        "Diluted Average Shares": NaN,
        "Basic Average Shares": NaN,
        "Diluted EPS": NaN,
        "Basic EPS": NaN,
        "Diluted NI Availto Com Stockholders": NaN,
        "Net Income Common Stockholders": NaN,
        "Net Income": NaN,
        "Net Income Including Noncontrolling Interests": NaN,
        "Net Income Continuous Operations": NaN,
        "Tax Provision": NaN,
        "Pretax Income": NaN,
        "Other Income Expense": NaN,
        "Other Non Operating Income Expenses": NaN,
        "Special Income Charges": NaN,
        "Impairment Of Capital Assets": NaN,
        "Net Non Operating Interest Income Expense": NaN,
        "Total Other Finance Cost": NaN,
        "Interest Expense Non Operating": 316000.0,
        "Interest Income Non Operating": NaN,
        "Operating Income": NaN,
        "Operating Expense": NaN,
        "Depreciation Amortization Depletion Income Statement": NaN,
        "Depreciation And Amortization In Income Statement": NaN,
        "Amortization": NaN,
        "Amortization Of Intangibles Income Statement": NaN,
        "Depreciation Income Statement": NaN,
        "Selling General And Administration": NaN,
        "Gross Profit": NaN,
        "Cost Of Revenue": NaN,
        "Total Revenue": NaN,
        "Operating Revenue": NaN
    },
    "2022-05-31": {
        "Tax Effect Of Unusual Items": 0.0,
        "Tax Rate For Calcs": 0.261,
        "Normalized EBITDA": 30260000.0,
        "Total Unusual Items": NaN,
        "Total Unusual Items Excluding Goodwill": NaN,
        "Net Income From Continuing Operation Net Minority Interest": 20527000.0,
        "Reconciled Depreciation": 2181000.0,
        "Reconciled Cost Of Revenue": 127356000.0,
        "EBIT": 28079000.0,
        "Net Interest Income": -320000.0,
        "Interest Expense": 320000.0,
        "Normalized Income": 20527000.0,
        "Net Income From Continuing And Discontinued Operation": 20527000.0,
        "Total Expenses": 188893000.0,
        "Total Operating Income As Reported": 28138000.0,
        "Diluted Average Shares": 33556000.0,
        "Basic Average Shares": 32959000.0,
        "Diluted EPS": 0.61,
        "Basic EPS": 0.62,
        "Diluted NI Availto Com Stockholders": 20527000.0,
        "Net Income Common Stockholders": 20527000.0,
        "Net Income": 20527000.0,
        "Net Income Including Noncontrolling Interests": 20527000.0,
        "Net Income Continuous Operations": 20527000.0,
        "Tax Provision": 7232000.0,
        "Pretax Income": 27759000.0,
        "Other Income Expense": -59000.0,
        "Other Non Operating Income Expenses": -59000.0,
        "Special Income Charges": NaN,
        "Impairment Of Capital Assets": NaN,
        "Net Non Operating Interest Income Expense": -320000.0,
        "Total Other Finance Cost": NaN,
        "Interest Expense Non Operating": 320000.0,
        "Operating Income": 28138000.0,
        "Operating Expense": 61537000.0,
        "Depreciation Amortization Depletion Income Statement": 2181000.0,
        "Depreciation And Amortization In Income Statement": 2181000.0,
        "Amortization": 1300000.0,
        "Amortization Of Intangibles Income Statement": 1300000.0,
        "Depreciation Income Statement": 881000.0,
        "Selling General And Administration": 59356000.0,
        "Gross Profit": 89675000.0,
        "Cost Of Revenue": 127356000.0,
        "Total Revenue": 217031000.0,
        "Operating Revenue": 217031000.0
    },
    "2022-02-28": {
        "Diluted EPS": 0.58,
        "Total Revenue": 205,
        "Gross Profit": 77,
        "Operating Income": 18,
        "EBIT": 20,
        "Net Income": 19
    },
    "2021-11-30": {
        "Diluted EPS": 0.42,
        "Total Revenue": 200,
        "Gross Profit": 79,
        "Operating Income": 20,
        "EBIT": 22,
        "Net Income": 14
    },
    "2021-08-31": {
        "Diluted EPS": 0.39,
        "Total Revenue": 183,
        "Gross Profit": 71,
        "Operating Income": 18,
        "EBIT": 20,
        "Net Income": 13
    },
    "2021-05-31": {
        "Diluted EPS": 0.72,
        "Total Revenue": 172,
        "Gross Profit": 68,
        "Operating Income": 15,
        "EBIT": 18,
        "Net Income": 23
    },
    "2021-02-28": {
        "Diluted EPS": 0.02,
        "Total Revenue": 157,
        "Gross Profit": 57,
        "Operating Income": 2,
        "EBIT": 4,
        "Net Income": 1
    },
    "2020-11-30": {
        "Diluted EPS": -0.03,
        "Total Revenue": 153,
        "Gross Profit": 58,
        "Operating Income": 1,
        "EBIT": 4,
        "Net Income": -1
    },
    "2020-08-31": {
        "Diluted EPS": 0.07,
        "Total Revenue": 147,
        "Gross Profit": 58,
        "Operating Income": 4,
        "EBIT": 7,
        "Net Income": 2
    },
    "2020-05-31": {
        "Diluted EPS": 0.14,
        "Total Revenue": 179,
        "Gross Profit": 72,
        "Operating Income": 7,
        "EBIT": 10,
        "Net Income": 4
    },
    "2020-02-29": {
        "Diluted EPS": 0.21,
        "Total Revenue": 168,
        "Gross Profit": 61,
        "Operating Income": 3,
        "EBIT": 6,
        "Net Income": 7
    },
    "2019-11-30": {
        "Diluted EPS": 0.38,
        "Total Revenue": 185,
        "Gross Profit": 74,
        "Operating Income": 18,
        "EBIT": 21,
        "Net Income": 12
    },
    "2019-08-31": {
        "Diluted EPS": 0.15,
        "Total Revenue": 172,
        "Gross Profit": 68,
        "Operating Income": 8,
        "EBIT": 11,
        "Net Income": 5
    },
    "2019-05-31": {
        "Diluted EPS": 0.29,
        "Total Revenue": 182,
        "Gross Profit": 73,
        "Operating Income": 14,
        "EBIT": 16,
        "Net Income": 9
    },
    "2019-02-28": {
        "Diluted EPS": 0.18,
        "Total Revenue": 179,
        "Gross Profit": 68,
        "Operating Income": 10,
        "EBIT": 12,
        "Net Income": 6
    },
    "2018-11-30": {
        "Diluted EPS": 0.33,
        "Total Revenue": 189,
        "Gross Profit": 73,
        "Operating Income": 16,
        "EBIT": 18,
        "Net Income": 11
    },
    "2018-08-31": {
        "Diluted EPS": 0.18,
        "Total Revenue": 179,
        "Gross Profit": 68,
        "Operating Income": 10,
        "EBIT": 12,
        "Net Income": 6
    },
    "2018-05-31": {
        "Diluted EPS": 0.12,
        "Total Revenue": 184,
        "Gross Profit": 70,
        "Operating Income": 9,
        "EBIT": 12,
        "Net Income": 4
    },
    "2018-02-28": {
        "Diluted EPS": 0.14,
        "Total Revenue": 172,
        "Gross Profit": 63,
        "Operating Income": 5,
        "EBIT": 7,
        "Net Income": 5
    },
    "2017-11-30": {
        "Diluted EPS": 0.27,
        "Total Revenue": 157,
        "Gross Profit": 59,
        "Operating Income": 11,
        "EBIT": 12,
        "Net Income": 8
    },
    "2017-08-31": {
        "Diluted EPS": 0.07,
        "Total Revenue": 141,
        "Gross Profit": 54,
        "Operating Income": 5,
        "EBIT": 6,
        "Net Income": 2
    },
    "2017-05-31": {
        "Diluted EPS": 0.16,
        "Total Revenue": 149,
        "Gross Profit": 58,
        "Operating Income": 9,
        "EBIT": 10,
        "Net Income": 4
    },
    "2017-02-28": {
        "Diluted EPS": 0.09,
        "Total Revenue": 144,
        "Gross Profit": 52,
        "Operating Income": 6,
        "EBIT": 7,
        "Net Income": 3
    },
    "2016-11-30": {
        "Diluted EPS": 0.16,
        "Total Revenue": 148,
        "Gross Profit": 57,
        "Operating Income": 10,
        "EBIT": 10,
        "Net Income": 6
    },
    "2016-08-31": {
        "Diluted EPS": 0.15,
        "Total Revenue": 143,
        "Gross Profit": 55,
        "Operating Income": 10,
        "EBIT": 11,
        "Net Income": 6
    },
    "2016-05-31": {
        "Diluted EPS": 0.23,
        "Total Revenue": 153,
        "Gross Profit": 61,
        "Operating Income": 16,
        "EBIT": 17,
        "Net Income": 9
    },
    "2016-02-29": {
        "Diluted EPS": 0.16,
        "Total Revenue": 147,
        "Gross Profit": 55,
        "Operating Income": 11,
        "EBIT": 12,
        "Net Income": 6
    },
    "2015-11-30": {
        "Diluted EPS": 0.23,
        "Total Revenue": 151,
        "Gross Profit": 59,
        "Operating Income": 15,
        "EBIT": 16,
        "Net Income": 9
    },
    "2015-08-31": {
        "Diluted EPS": 0.19,
        "Total Revenue": 148,
        "Gross Profit": 57,
        "Operating Income": 13,
        "EBIT": 14,
        "Net Income": 7
    },
    "2015-05-31": {
        "Diluted EPS": 0.21,
        "Total Revenue": 149,
        "Gross Profit": 58,
        "Operating Income": 15,
        "EBIT": 15,
        "Net Income": 8
    },
    "2015-02-28": {
        "Diluted EPS": 0.16,
        "Total Revenue": 147,
        "Gross Profit": 55,
        "Operating Income": 10,
        "EBIT": 11,
        "Net Income": 6
    },
    "2014-11-30": {
        "Diluted EPS": 0.21,
        "Total Revenue": 151,
        "Gross Profit": 59,
        "Operating Income": 15,
        "EBIT": 16,
        "Net Income": 8
    },
    "2014-08-31": {
        "Diluted EPS": 0.14,
        "Total Revenue": 143,
        "Gross Profit": 56,
        "Operating Income": 11,
        "EBIT": 12,
        "Net Income": 5
    },
    "2014-05-31": {
        "Diluted EPS": 0.18,
        "Total Revenue": 157,
        "Gross Profit": 61,
        "Operating Income": 13,
        "EBIT": 15,
        "Net Income": 7
    },
    "2014-02-28": {
        "Diluted EPS": 0.06,
        "Total Revenue": 133,
        "Gross Profit": 48,
        "Operating Income": 5,
        "EBIT": 6,
        "Net Income": 2
    },
    "2013-11-30": {
        "Diluted EPS": 0.18,
        "Total Revenue": 146,
        "Gross Profit": 57,
        "Operating Income": 13,
        "EBIT": 14,
        "Net Income": 7
    },
    "2013-08-31": {
        "Diluted EPS": 0.09,
        "Total Revenue": 132,
        "Gross Profit": 50,
        "Operating Income": 7,
        "EBIT": 8,
        "Net Income": 4
    },
    "2013-05-31": {
        "Diluted EPS": 0.13,
        "Total Revenue": 140,
        "Gross Profit": 55,
        "Operating Income": 11,
        "EBIT": 12,
        "Net Income": 5
    },
    "2013-02-28": {
        "Diluted EPS": 0.11,
        "Total Revenue": 138,
        "Gross Profit": 51,
        "Operating Income": 8,
        "EBIT": 10,
        "Net Income": 4
    },
    "2012-11-30": {
        "Diluted EPS": 0.14,
        "Total Revenue": 141,
        "Gross Profit": 55,
        "Operating Income": 11,
        "EBIT": 13,
        "Net Income": 6
    },
    "2012-08-31": {
        "Diluted EPS": 0.12,
        "Total Revenue": 137,
        "Gross Profit": 53,
        "Operating Income": 10,
        "EBIT": 11,
        "Net Income": 5
    },
    "2012-05-31": {
        "Diluted EPS": 0.2,
        "Total Revenue": 146,
        "Gross Profit": 59,
        "Operating Income": 15,
        "EBIT": 16,
        "Net Income": 9
    },
    "2012-02-29": {
        "Diluted EPS": 0.1,
        "Total Revenue": 143,
        "Gross Profit": 54,
        "Operating Income": 8,
        "EBIT": 10,
        "Net Income": 4
    },
    "2011-11-30": {
        "Diluted EPS": 0.58,
        "Total Revenue": 145,
        "Gross Profit": 55,
        "Operating Income": 43,
        "EBIT": 46,
        "Net Income": 25
    },
    "2011-08-31": {
        "Diluted EPS": 0.06,
        "Total Revenue": 138,
        "Gross Profit": 52,
        "Operating Income": 7,
        "EBIT": 10,
        "Net Income": 3
    },
    "2011-05-31": {
        "Diluted EPS": 0.1,
        "Total Revenue": 146,
        "Gross Profit": 56,
        "Operating Income": 12,
        "EBIT": 15,
        "Net Income": 5
    },
    "2011-02-28": {
        "Diluted EPS": 0.02,
        "Total Revenue": 138,
        "Gross Profit": 51,
        "Operating Income": 3,
        "EBIT": 6,
        "Net Income": 1
    },
    "2010-11-30": {
        "Diluted EPS": 0.38,
        "Total Revenue": 139,
        "Gross Profit": 55,
        "Operating Income": 33,
        "EBIT": 36,
        "Net Income": 17
    },
    "2010-08-31": {
        "Diluted EPS": 0.03,
        "Total Revenue": 124,
        "Gross Profit": 49,
        "Operating Income": 4,
        "EBIT": 7,
        "Net Income": 1
    },
    "2010-05-31": {
        "Diluted EPS": 0.05,
        "Total Revenue": 134,
        "Gross Profit": 55,
        "Operating Income": 8,
        "EBIT": 11,
        "Net Income": 2
    },
    "2010-02-28": {
        "Diluted EPS": -0.11,
        "Total Revenue": 125,
        "Gross Profit": 48,
        "Operating Income": 0,
        "EBIT": 3,
        "Net Income": -5
    },
    "2009-11-30": {
        "Diluted EPS": -0.04,
        "Total Revenue": 122,
        "Gross Profit": 46,
        "Operating Income": 0,
        "EBIT": 2,
        "Net Income": -2
    },
    "2009-08-31": {
        "Diluted EPS": -0.16,
        "Total Revenue": 118,
        "Gross Profit": 45,
        "Operating Income": -9,
        "EBIT": -6,
        "Net Income": -7
    },
    "2009-05-31": {
        "Diluted EPS": -0.14,
        "Total Revenue": 132,
        "Gross Profit": 50,
        "Operating Income": -3,
        "EBIT": -1,
        "Net Income": -6
    },
    "2009-02-28": {
        "Diluted EPS": 0.05,
        "Total Revenue": 156,
        "Gross Profit": 58,
        "Operating Income": 5,
        "EBIT": 7,
        "Net Income": 2
    },
    "2023-08-31": {
        "Tax Effect Of Unusual Items": NaN,
        "Tax Rate For Calcs": NaN,
        "Normalized EBITDA": NaN,
        "Total Unusual Items": NaN,
        "Total Unusual Items Excluding Goodwill": NaN,
        "Net Income From Continuing Operation Net Minority Interest": NaN,
        "Reconciled Depreciation": NaN,
        "Reconciled Cost Of Revenue": NaN,
        "EBITDA": NaN,
        "EBIT": NaN,
        "Net Interest Income": NaN,
        "Interest Income": 312000.0,
        "Normalized Income": NaN,
        "Net Income From Continuing And Discontinued Operation": NaN,
        "Total Expenses": NaN,
        "Total Operating Income As Reported": NaN,
        "Diluted Average Shares": NaN,
        "Basic Average Shares": NaN,
        "Diluted EPS": NaN,
        "Basic EPS": NaN,
        "Diluted NI Availto Com Stockholders": NaN,
        "Net Income Common Stockholders": NaN,
        "Net Income": NaN,
        "Net Income Including Noncontrolling Interests": NaN,
        "Net Income Continuous Operations": NaN,
        "Tax Provision": NaN,
        "Pretax Income": NaN,
        "Other Income Expense": NaN,
        "Other Non Operating Income Expenses": NaN,
        "Special Income Charges": NaN,
        "Impairment Of Capital Assets": NaN,
        "Net Non Operating Interest Income Expense": NaN,
        "Total Other Finance Cost": NaN,
        "Interest Income Non Operating": 312000.0,
        "Operating Income": NaN,
        "Operating Expense": NaN,
        "Depreciation Amortization Depletion Income Statement": NaN,
        "Depreciation And Amortization In Income Statement": NaN,
        "Amortization": NaN,
        "Amortization Of Intangibles Income Statement": NaN,
        "Depreciation Income Statement": NaN,
        "Selling General And Administration": NaN,
        "Gross Profit": NaN,
        "Cost Of Revenue": NaN,
        "Total Revenue": NaN,
        "Operating Revenue": NaN
    },
    "2023-11-30": {
        "Tax Effect Of Unusual Items": NaN,
        "Tax Rate For Calcs": NaN,
        "Normalized EBITDA": NaN,
        "Total Unusual Items": NaN,
        "Total Unusual Items Excluding Goodwill": NaN,
        "Net Income From Continuing Operation Net Minority Interest": NaN,
        "Reconciled Depreciation": NaN,
        "Reconciled Cost Of Revenue": NaN,
        "EBITDA": NaN,
        "EBIT": NaN,
        "Net Interest Income": NaN,
        "Interest Income": 293000.0,
        "Normalized Income": NaN,
        "Net Income From Continuing And Discontinued Operation": NaN,
        "Total Expenses": NaN,
        "Total Operating Income As Reported": NaN,
        "Diluted Average Shares": NaN,
        "Basic Average Shares": NaN,
        "Diluted EPS": NaN,
        "Basic EPS": NaN,
        "Diluted NI Availto Com Stockholders": NaN,
        "Net Income Common Stockholders": NaN,
        "Net Income": NaN,
        "Net Income Including Noncontrolling Interests": NaN,
        "Net Income Continuous Operations": NaN,
        "Tax Provision": NaN,
        "Pretax Income": NaN,
        "Other Income Expense": NaN,
        "Other Non Operating Income Expenses": NaN,
        "Special Income Charges": NaN,
        "Impairment Of Capital Assets": NaN,
        "Net Non Operating Interest Income Expense": NaN,
        "Total Other Finance Cost": NaN,
        "Interest Income Non Operating": 293000.0,
        "Operating Income": NaN,
        "Operating Expense": NaN,
        "Depreciation Amortization Depletion Income Statement": NaN,
        "Depreciation And Amortization In Income Statement": NaN,
        "Amortization": NaN,
        "Amortization Of Intangibles Income Statement": NaN,
        "Depreciation Income Statement": NaN,
        "Selling General And Administration": NaN,
        "Gross Profit": NaN,
        "Cost Of Revenue": NaN,
        "Total Revenue": NaN,
        "Operating Revenue": NaN
    },
    "2024-02-29": {
        "Tax Effect Of Unusual Items": NaN,
        "Tax Rate For Calcs": NaN,
        "Normalized EBITDA": NaN,
        "Total Unusual Items": NaN,
        "Total Unusual Items Excluding Goodwill": NaN,
        "Net Income From Continuing Operation Net Minority Interest": NaN,
        "Reconciled Depreciation": NaN,
        "Reconciled Cost Of Revenue": NaN,
        "EBITDA": NaN,
        "EBIT": NaN,
        "Net Interest Income": NaN,
        "Interest Income": NaN,
        "Normalized Income": NaN,
        "Net Income From Continuing And Discontinued Operation": NaN,
        "Total Expenses": NaN,
        "Total Operating Income As Reported": NaN,
        "Diluted Average Shares": NaN,
        "Basic Average Shares": NaN,
        "Diluted EPS": NaN,
        "Basic EPS": NaN,
        "Diluted NI Availto Com Stockholders": NaN,
        "Net Income Common Stockholders": NaN,
        "Net Income": NaN,
        "Net Income Including Noncontrolling Interests": NaN,
        "Net Income Continuous Operations": NaN,
        "Tax Provision": NaN,
        "Pretax Income": NaN,
        "Other Income Expense": NaN,
        "Other Non Operating Income Expenses": NaN,
        "Special Income Charges": NaN,
        "Impairment Of Capital Assets": NaN,
        "Net Non Operating Interest Income Expense": NaN,
        "Total Other Finance Cost": -225000.0,
        "Interest Income Non Operating": NaN,
        "Operating Income": NaN,
        "Operating Expense": NaN,
        "Depreciation Amortization Depletion Income Statement": NaN,
        "Depreciation And Amortization In Income Statement": NaN,
        "Amortization": NaN,
        "Amortization Of Intangibles Income Statement": NaN,
        "Depreciation Income Statement": NaN,
        "Selling General And Administration": NaN,
        "Gross Profit": NaN,
        "Cost Of Revenue": NaN,
        "Total Revenue": NaN,
        "Operating Revenue": NaN
    },
    "2024-05-31": {
        "Tax Effect Of Unusual Items": NaN,
        "Tax Rate For Calcs": NaN,
        "Normalized EBITDA": NaN,
        "Total Unusual Items": NaN,
        "Total Unusual Items Excluding Goodwill": NaN,
        "Net Income From Continuing Operation Net Minority Interest": NaN,
        "Reconciled Depreciation": NaN,
        "Reconciled Cost Of Revenue": NaN,
        "EBITDA": NaN,
        "EBIT": NaN,
        "Net Interest Income": NaN,
        "Interest Income": NaN,
        "Normalized Income": NaN,
        "Net Income From Continuing And Discontinued Operation": NaN,
        "Total Expenses": NaN,
        "Total Operating Income As Reported": NaN,
        "Diluted Average Shares": NaN,
        "Basic Average Shares": NaN,
        "Diluted EPS": NaN,
        "Basic EPS": NaN,
        "Diluted NI Availto Com Stockholders": NaN,
        "Net Income Common Stockholders": NaN,
        "Net Income": NaN,
        "Net Income Including Noncontrolling Interests": NaN,
        "Net Income Continuous Operations": NaN,
        "Tax Provision": NaN,
        "Pretax Income": NaN,
        "Other Income Expense": NaN,
        "Other Non Operating Income Expenses": NaN,
        "Special Income Charges": NaN,
        "Impairment Of Capital Assets": NaN,
        "Net Non Operating Interest Income Expense": NaN,
        "Total Other Finance Cost": -234000.0,
        "Interest Income Non Operating": NaN,
        "Operating Income": NaN,
        "Operating Expense": NaN,
        "Depreciation Amortization Depletion Income Statement": NaN,
        "Depreciation And Amortization In Income Statement": NaN,
        "Amortization": NaN,
        "Amortization Of Intangibles Income Statement": NaN,
        "Depreciation Income Statement": NaN,
        "Selling General And Administration": NaN,
        "Gross Profit": NaN,
        "Cost Of Revenue": NaN,
        "Total Revenue": NaN,
        "Operating Revenue": NaN
    },
    "2024-08-31": {
        "Tax Effect Of Unusual Items": -809550.0,
        "Tax Rate For Calcs": 0.21,
        "Normalized EBITDA": 6421000.0,
        "Total Unusual Items": -3855000.0,
        "Total Unusual Items Excluding Goodwill": -3855000.0,
        "Net Income From Continuing Operation Net Minority Interest": -5707000.0,
        "Reconciled Depreciation": 3514000.0,
        "Reconciled Cost Of Revenue": 85459000.0,
        "EBITDA": 2566000.0,
        "EBIT": -948000.0,
        "Net Interest Income": 148000.0,
        "Interest Income": 148000.0,
        "Normalized Income": -2661550.0,
        "Net Income From Continuing And Discontinued Operation": -5707000.0,
        "Total Expenses": 137883000.0,
        "Total Operating Income As Reported": -4803000.0,
        "Diluted Average Shares": 33407000.0,
        "Basic Average Shares": 33407000.0,
        "Diluted EPS": -0.17,
        "Basic EPS": -0.17,
        "Diluted NI Availto Com Stockholders": -5707000.0,
        "Net Income Common Stockholders": -5707000.0,
        "Net Income": -5707000.0,
        "Net Income Including Noncontrolling Interests": -5707000.0,
        "Net Income Continuous Operations": -5707000.0,
        "Tax Provision": 1054000.0,
        "Pretax Income": -4653000.0,
        "Other Income Expense": -3853000.0,
        "Other Non Operating Income Expenses": 2000.0,
        "Special Income Charges": -3855000.0,
        "Impairment Of Capital Assets": 3855000.0,
        "Net Non Operating Interest Income Expense": 148000.0,
        "Total Other Finance Cost": NaN,
        "Interest Income Non Operating": 148000.0,
        "Operating Income": -948000.0,
        "Operating Expense": 50935000.0,
        "Depreciation Amortization Depletion Income Statement": 2025000.0,
        "Depreciation And Amortization In Income Statement": 2025000.0,
        "Amortization": 1485000.0,
        "Amortization Of Intangibles Income Statement": 1485000.0,
        "Depreciation Income Statement": 540000.0,
        "Selling General And Administration": 48910000.0,
        "Gross Profit": 49987000.0,
        "Cost Of Revenue": 86948000.0,
        "Total Revenue": 136935000.0,
        "Operating Revenue": 136935000.0
    },
    "2024-11-30": {
        "Tax Effect Of Unusual Items": -8027682.0,
        "Tax Rate For Calcs": 0.101,
        "Normalized EBITDA": 84263000.0,
        "Total Unusual Items": -79482000.0,
        "Total Unusual Items Excluding Goodwill": -79482000.0,
        "Net Income From Continuing Operation Net Minority Interest": -68715000.0,
        "Reconciled Depreciation": 542000.0,
        "Reconciled Cost Of Revenue": 91021000.0,
        "EBITDA": 4781000.0,
        "EBIT": 2750000.0,
        "Net Interest Income": 215000.0,
        "Interest Income": 215000.0,
        "Normalized Income": 2739318.0,
        "Net Income From Continuing And Discontinued Operation": -68715000.0,
        "Total Expenses": 142868000.0,
        "Total Operating Income As Reported": -76732000.0,
        "Diluted Average Shares": 33046000.0,
        "Basic Average Shares": 33046000.0,
        "Diluted EPS": -2.08,
        "Basic EPS": -2.08,
        "Diluted NI Availto Com Stockholders": -68715000.0,
        "Net Income Common Stockholders": -68715000.0,
        "Net Income": -68715000.0,
        "Net Income Including Noncontrolling Interests": -68715000.0,
        "Net Income Continuous Operations": -68715000.0,
        "Tax Provision": -7732000.0,
        "Pretax Income": -76447000.0,
        "Other Income Expense": -79412000.0,
        "Other Non Operating Income Expenses": 70000.0,
        "Special Income Charges": -79482000.0,
        "Impairment Of Capital Assets": 79482000.0,
        "Net Non Operating Interest Income Expense": 215000.0,
        "Total Other Finance Cost": NaN,
        "Interest Income Non Operating": 215000.0,
        "Operating Income": 2750000.0,
        "Operating Expense": 53336000.0,
        "Depreciation Amortization Depletion Income Statement": 2031000.0,
        "Depreciation And Amortization In Income Statement": 2031000.0,
        "Amortization": 1569000.0,
        "Amortization Of Intangibles Income Statement": 1569000.0,
        "Depreciation Income Statement": 462000.0,
        "Selling General And Administration": 51305000.0,
        "Gross Profit": 56086000.0,
        "Cost Of Revenue": 89532000.0,
        "Total Revenue": 145618000.0,
        "Operating Revenue": 145618000.0
    },
    "2025-02-28": {
        "Tax Effect Of Unusual Items": -4750407.0,
        "Tax Rate For Calcs": 0.113,
        "Normalized EBITDA": 36833000.0,
        "Total Unusual Items": -42039000.0,
        "Total Unusual Items Excluding Goodwill": -42039000.0,
        "Net Income From Continuing Operation Net Minority Interest": -44052000.0,
        "Reconciled Depreciation": 2480000.0,
        "Reconciled Cost Of Revenue": 83455000.0,
        "EBITDA": -5206000.0,
        "EBIT": -7686000.0,
        "Net Interest Income": 106000.0,
        "Interest Income": NaN,
        "Normalized Income": -6763407.0,
        "Net Income From Continuing And Discontinued Operation": -44052000.0,
        "Total Expenses": 137124000.0,
        "Total Operating Income As Reported": -49725000.0,
        "Diluted Average Shares": 32938000.0,
        "Basic Average Shares": 32938000.0,
        "Diluted EPS": -1.34,
        "Basic EPS": -1.34,
        "Diluted NI Availto Com Stockholders": -44052000.0,
        "Net Income Common Stockholders": -44052000.0,
        "Net Income": -44052000.0,
        "Net Income Including Noncontrolling Interests": -44052000.0,
        "Net Income Continuous Operations": -44052000.0,
        "Tax Provision": -5589000.0,
        "Pretax Income": -49641000.0,
        "Other Income Expense": -42061000.0,
        "Other Non Operating Income Expenses": -22000.0,
        "Special Income Charges": -42039000.0,
        "Impairment Of Capital Assets": 42039000.0,
        "Net Non Operating Interest Income Expense": 106000.0,
        "Total Other Finance Cost": -106000.0,
        "Interest Income Non Operating": NaN,
        "Operating Income": -7686000.0,
        "Operating Expense": 53060000.0,
        "Depreciation Amortization Depletion Income Statement": 1871000.0,
        "Depreciation And Amortization In Income Statement": 1871000.0,
        "Amortization": 1407000.0,
        "Amortization Of Intangibles Income Statement": 1407000.0,
        "Depreciation Income Statement": 464000.0,
        "Selling General And Administration": 51189000.0,
        "Gross Profit": 45374000.0,
        "Cost Of Revenue": 84064000.0,
        "Total Revenue": 129438000.0,
        "Operating Revenue": 129438000.0
    },
    "2025-05-31": {
        "Tax Effect Of Unusual Items": -15567930.0,
        "Tax Rate For Calcs": 0.21,
        "Normalized EBITDA": 84590000.0,
        "Total Unusual Items": -74133000.0,
        "Total Unusual Items Excluding Goodwill": -74133000.0,
        "Net Income From Continuing Operation Net Minority Interest": -73306000.0,
        "Reconciled Depreciation": 1212000.0,
        "Reconciled Cost Of Revenue": 83972000.0,
        "EBITDA": 10457000.0,
        "EBIT": 8636000.0,
        "Net Interest Income": 75000.0,
        "Interest Income": NaN,
        "Normalized Income": -14740930.0,
        "Net Income From Continuing And Discontinued Operation": -73306000.0,
        "Total Expenses": 130704000.0,
        "Total Operating Income As Reported": -65497000.0,
        "Diluted Average Shares": 32875000.0,
        "Basic Average Shares": 32875000.0,
        "Diluted EPS": -2.23,
        "Basic EPS": -2.23,
        "Diluted NI Availto Com Stockholders": -73306000.0,
        "Net Income Common Stockholders": -73306000.0,
        "Net Income": -73306000.0,
        "Net Income Including Noncontrolling Interests": -73306000.0,
        "Net Income Continuous Operations": -73306000.0,
        "Tax Provision": 7972000.0,
        "Pretax Income": -65334000.0,
        "Other Income Expense": -74045000.0,
        "Other Non Operating Income Expenses": 88000.0,
        "Special Income Charges": -74133000.0,
        "Impairment Of Capital Assets": 69033000.0,
        "Net Non Operating Interest Income Expense": 75000.0,
        "Total Other Finance Cost": -75000.0,
        "Interest Income Non Operating": NaN,
        "Operating Income": 8636000.0,
        "Operating Expense": 47341000.0,
        "Depreciation Amortization Depletion Income Statement": 1821000.0,
        "Depreciation And Amortization In Income Statement": 1821000.0,
        "Amortization": 1419000.0,
        "Amortization Of Intangibles Income Statement": 1419000.0,
        "Depreciation Income Statement": 402000.0,
        "Selling General And Administration": 45520000.0,
        "Gross Profit": 55977000.0,
        "Cost Of Revenue": 83363000.0,
        "Total Revenue": 139340000.0,
        "Operating Revenue": 139340000.0
    },
    "2025-08-31": {
        "Tax Effect Of Unusual Items": 0.0,
        "Tax Rate For Calcs": 0.21,
        "Normalized EBITDA": 998000.0,
        "Total Unusual Items": 0.0,
        "Total Unusual Items Excluding Goodwill": 0.0,
        "Net Income From Continuing Operation Net Minority Interest": -2405000.0,
        "Reconciled Depreciation": 2986000.0,
        "Reconciled Cost Of Revenue": 71315000.0,
        "EBITDA": 998000.0,
        "EBIT": -1988000.0,
        "Net Interest Income": -44000.0,
        "Interest Income": NaN,
        "Normalized Income": -2405000.0,
        "Net Income From Continuing And Discontinued Operation": -2405000.0,
        "Total Expenses": 122217000.0,
        "Total Operating Income As Reported": -1988000.0,
        "Diluted Average Shares": 33062000.0,
        "Basic Average Shares": 33062000.0,
        "Diluted EPS": -0.07,
        "Basic EPS": -0.07,
        "Diluted NI Availto Com Stockholders": -2405000.0,
        "Net Income Common Stockholders": -2405000.0,
        "Net Income": -2405000.0,
        "Net Income Including Noncontrolling Interests": -2405000.0,
        "Net Income Continuous Operations": -2405000.0,
        "Tax Provision": 477000.0,
        "Pretax Income": -1928000.0,
        "Other Income Expense": 104000.0,
        "Other Non Operating Income Expenses": 104000.0,
        "Special Income Charges": 0.0,
        "Impairment Of Capital Assets": 0.0,
        "Net Non Operating Interest Income Expense": -44000.0,
        "Total Other Finance Cost": 44000.0,
        "Interest Income Non Operating": NaN,
        "Operating Income": -1988000.0,
        "Operating Expense": 49457000.0,
        "Depreciation Amortization Depletion Income Statement": 1541000.0,
        "Depreciation And Amortization In Income Statement": 1541000.0,
        "Amortization": 1193000.0,
        "Amortization Of Intangibles Income Statement": 1193000.0,
        "Depreciation Income Statement": 348000.0,
        "Selling General And Administration": 47916000.0,
        "Gross Profit": 47469000.0,
        "Cost Of Revenue": 72760000.0,
        "Total Revenue": 120229000.0,
        "Operating Revenue": 120229000.0
    }
}