{
    "2023-03-31": {
        "Tax Effect Of Unusual Items": NaN,
        "Tax Rate For Calcs": NaN,
        "Normalized EBITDA": NaN,
        "Net Income From Continuing Operation Net Minority Interest": NaN,
        "Reconciled Depreciation": NaN,
        "Reconciled Cost Of Revenue": NaN,
        "EBITDA": NaN,
        "EBIT": NaN,
        "Net Interest Income": NaN,
        "Interest Expense": NaN,
        "Interest Income": NaN,
        "Normalized Income": NaN,
        "Net Income From Continuing And Discontinued Operation": NaN,
        "Total Expenses": NaN,
        "Total Operating Income As Reported": NaN,
        "Diluted Average Shares": 17788653.0,
        "Basic Average Shares": 17678686.0,
        "Diluted EPS": 0.81,
        "Basic EPS": 0.81,
        "Diluted NI Availto Com Stockholders": NaN,
        "Net Income Common Stockholders": NaN,
        "Net Income": NaN,
        "Net Income Including Noncontrolling Interests": NaN,
        "Net Income Continuous Operations": NaN,
        "Tax Provision": NaN,
        "Pretax Income": NaN,
        "Other Income Expense": NaN,
        "Other Non Operating Income Expenses": NaN,
        "Net Non Operating Interest Income Expense": NaN,
        "Interest Expense Non Operating": NaN,
        "Interest Income Non Operating": NaN,
        "Operating Income": NaN,
        "Operating Expense": NaN,
        "Selling General And Administration": NaN,
        "Selling And Marketing Expense": NaN,
        "General And Administrative Expense": NaN,
        "Other Gand A": NaN,
        "Gross Profit": NaN,
        "Cost Of Revenue": NaN,
        "Total Revenue": NaN,
        "Operating Revenue": NaN
    },
    "2022-12-31": {
        "Tax Effect Of Unusual Items": 0.0,
        "Tax Rate For Calcs": 0.125133,
        "Normalized EBITDA": 27385000.0,
        "Net Income From Continuing Operation Net Minority Interest": 18954000.0,
        "Reconciled Depreciation": 5669000.0,
        "Reconciled Cost Of Revenue": 109670000.0,
        "EBITDA": 27385000.0,
        "EBIT": 21716000.0,
        "Net Interest Income": 1550000.0,
        "Interest Expense": 51000.0,
        "Interest Income": 1601000.0,
        "Normalized Income": 18954000.0,
        "Net Income From Continuing And Discontinued Operation": 18954000.0,
        "Total Expenses": 129580000.0,
        "Total Operating Income As Reported": 19680000.0,
        "Diluted Average Shares": NaN,
        "Basic Average Shares": NaN,
        "Diluted EPS": NaN,
        "Basic EPS": NaN,
        "Diluted NI Availto Com Stockholders": 18954000.0,
        "Net Income Common Stockholders": 18954000.0,
        "Net Income": 18954000.0,
        "Net Income Including Noncontrolling Interests": 18954000.0,
        "Net Income Continuous Operations": 18954000.0,
        "Tax Provision": 2711000.0,
        "Pretax Income": 21665000.0,
        "Other Income Expense": 471000.0,
        "Other Non Operating Income Expenses": 435000.0,
        "Net Non Operating Interest Income Expense": 1550000.0,
        "Interest Expense Non Operating": 51000.0,
        "Interest Income Non Operating": 1601000.0,
        "Operating Income": 19644000.0,
        "Operating Expense": 19910000.0,
        "Selling General And Administration": 19910000.0,
        "Selling And Marketing Expense": 10286000.0,
        "General And Administrative Expense": 9624000.0,
        "Other Gand A": 9624000.0,
        "Gross Profit": 39554000.0,
        "Cost Of Revenue": 109670000.0,
        "Total Revenue": 149224000.0,
        "Operating Revenue": 149224000.0
    },
    "2022-09-30": {
        "Tax Effect Of Unusual Items": NaN,
        "Tax Rate For Calcs": NaN,
        "Normalized EBITDA": NaN,
        "Net Income From Continuing Operation Net Minority Interest": NaN,
        "Reconciled Depreciation": NaN,
        "Reconciled Cost Of Revenue": NaN,
        "EBITDA": NaN,
        "EBIT": NaN,
        "Net Interest Income": NaN,
        "Interest Expense": NaN,
        "Interest Income": NaN,
        "Normalized Income": NaN,
        "Net Income From Continuing And Discontinued Operation": NaN,
        "Total Expenses": NaN,
        "Total Operating Income As Reported": NaN,
        "Diluted Average Shares": 17825797.0,
        "Basic Average Shares": 17668435.0,
        "Diluted EPS": 1.03,
        "Basic EPS": 1.04,
        "Diluted NI Availto Com Stockholders": NaN,
        "Net Income Common Stockholders": NaN,
        "Net Income": NaN,
        "Net Income Including Noncontrolling Interests": NaN,
        "Net Income Continuous Operations": NaN,
        "Tax Provision": NaN,
        "Pretax Income": NaN,
        "Other Income Expense": NaN,
        "Other Non Operating Income Expenses": NaN,
        "Net Non Operating Interest Income Expense": NaN,
        "Interest Expense Non Operating": NaN,
        "Interest Income Non Operating": NaN,
        "Operating Income": NaN,
        "Operating Expense": NaN,
        "Selling General And Administration": NaN,
        "Selling And Marketing Expense": NaN,
        "General And Administrative Expense": NaN,
        "Other Gand A": NaN,
        "Gross Profit": NaN,
        "Cost Of Revenue": NaN,
        "Total Revenue": NaN,
        "Operating Revenue": NaN
    },
    "2022-06-30": {
        "Tax Effect Of Unusual Items": 0.0,
        "Tax Rate For Calcs": 0.205,
        "Normalized EBITDA": 32839000.0,
        "Net Income From Continuing Operation Net Minority Interest": 20757000.0,
        "Reconciled Depreciation": 6709000.0,
        "Reconciled Cost Of Revenue": 97099000.0,
        "EBITDA": 32839000.0,
        "EBIT": 26130000.0,
        "Net Interest Income": 164000.0,
        "Interest Expense": 26000.0,
        "Interest Income": 190000.0,
        "Normalized Income": 20757000.0,
        "Net Income From Continuing And Discontinued Operation": 20757000.0,
        "Total Expenses": 115463000.0,
        "Total Operating Income As Reported": 25190000.0,
        "Diluted Average Shares": 17799707.0,
        "Basic Average Shares": 17652148.0,
        "Diluted EPS": 1.17,
        "Basic EPS": 1.18,
        "Diluted NI Availto Com Stockholders": 20757000.0,
        "Net Income Common Stockholders": 20757000.0,
        "Net Income": 20757000.0,
        "Net Income Including Noncontrolling Interests": 20757000.0,
        "Net Income Continuous Operations": 20757000.0,
        "Tax Provision": 5347000.0,
        "Pretax Income": 26104000.0,
        "Other Income Expense": 750000.0,
        "Other Non Operating Income Expenses": 750000.0,
        "Net Non Operating Interest Income Expense": 164000.0,
        "Interest Expense Non Operating": 26000.0,
        "Interest Income Non Operating": 190000.0,
        "Operating Income": 25190000.0,
        "Operating Expense": 18364000.0,
        "Selling General And Administration": 18364000.0,
        "Selling And Marketing Expense": 8630000.0,
        "General And Administrative Expense": 9734000.0,
        "Other Gand A": 9734000.0,
        "Gross Profit": 43554000.0,
        "Cost Of Revenue": 97099000.0,
        "Total Revenue": 140653000.0,
        "Operating Revenue": 140653000.0
    },
    "2023-06-30": {
        "Tax Effect Of Unusual Items": NaN,
        "Tax Rate For Calcs": NaN,
        "Normalized EBITDA": NaN,
        "Net Income From Continuing Operation Net Minority Interest": NaN,
        "Reconciled Depreciation": NaN,
        "Reconciled Cost Of Revenue": NaN,
        "EBITDA": NaN,
        "EBIT": NaN,
        "Net Interest Income": NaN,
        "Interest Expense": NaN,
        "Interest Income": NaN,
        "Normalized Income": NaN,
        "Net Income From Continuing And Discontinued Operation": NaN,
        "Total Expenses": NaN,
        "Total Operating Income As Reported": NaN,
        "Diluted Average Shares": 17826205.0,
        "Basic Average Shares": 17714471.0,
        "Diluted EPS": 0.91,
        "Basic EPS": 0.91,
        "Diluted NI Availto Com Stockholders": NaN,
        "Net Income Common Stockholders": NaN,
        "Net Income": NaN,
        "Net Income Including Noncontrolling Interests": NaN,
        "Net Income Continuous Operations": NaN,
        "Tax Provision": NaN,
        "Pretax Income": NaN,
        "Other Income Expense": NaN,
        "Other Non Operating Income Expenses": NaN,
        "Net Non Operating Interest Income Expense": NaN,
        "Interest Expense Non Operating": NaN,
        "Interest Income Non Operating": NaN,
        "Operating Income": NaN,
        "Operating Expense": NaN,
        "Selling General And Administration": NaN,
        "Selling And Marketing Expense": NaN,
        "General And Administrative Expense": NaN,
        "Other Gand A": NaN,
        "Gross Profit": NaN,
        "Cost Of Revenue": NaN,
        "Total Revenue": NaN,
        "Operating Revenue": NaN
    },
    "2022-03-31": {
        "Diluted EPS": 1.7,
        "Total Revenue": 167,
        "Gross Profit": 58,
        "Operating Income": 39,
        "EBIT": 45,
        "Net Income": 30
    },
    "2021-12-31": {
        "Diluted EPS": 2.14,
        "Total Revenue": 168,
        "Gross Profit": 63,
        "Operating Income": 45,
        "EBIT": 49,
        "Net Income": 38
    },
    "2021-09-30": {
        "Diluted EPS": 1.98,
        "Total Revenue": 178,
        "Gross Profit": 65,
        "Operating Income": 47,
        "EBIT": 54,
        "Net Income": 35
    },
    "2021-06-30": {
        "Diluted EPS": 2.5,
        "Total Revenue": 200,
        "Gross Profit": 79,
        "Operating Income": 60,
        "EBIT": 67,
        "Net Income": 44
    },
    "2021-03-31": {
        "Diluted EPS": 2.16,
        "Total Revenue": 184,
        "Gross Profit": 73,
        "Operating Income": 52,
        "EBIT": 59,
        "Net Income": 38
    },
    "2020-12-31": {
        "Diluted EPS": 1.78,
        "Total Revenue": 169,
        "Gross Profit": 64,
        "Operating Income": 42,
        "EBIT": 48,
        "Net Income": 32
    },
    "2020-09-30": {
        "Diluted EPS": 1.39,
        "Total Revenue": 146,
        "Gross Profit": 51,
        "Operating Income": 33,
        "EBIT": 40,
        "Net Income": 25
    },
    "2020-06-30": {
        "Diluted EPS": 1.05,
        "Total Revenue": 130,
        "Gross Profit": 40,
        "Operating Income": 24,
        "EBIT": 31,
        "Net Income": 19
    },
    "2020-03-31": {
        "Diluted EPS": 0.87,
        "Total Revenue": 124,
        "Gross Profit": 36,
        "Operating Income": 20,
        "EBIT": 27,
        "Net Income": 15
    },
    "2019-12-31": {
        "Diluted EPS": 0.46,
        "Total Revenue": 105,
        "Gross Profit": 25,
        "Operating Income": 10,
        "EBIT": 17,
        "Net Income": 8
    },
    "2019-09-30": {
        "Diluted EPS": 0.27,
        "Total Revenue": 95,
        "Gross Profit": 20,
        "Operating Income": 6,
        "EBIT": 13,
        "Net Income": 5
    },
    "2019-06-30": {
        "Diluted EPS": 0.35,
        "Total Revenue": 96,
        "Gross Profit": 22,
        "Operating Income": 7,
        "EBIT": 15,
        "Net Income": 6
    },
    "2019-03-31": {
        "Diluted EPS": 0.74,
        "Total Revenue": 114,
        "Gross Profit": 33,
        "Operating Income": 16,
        "EBIT": 24,
        "Net Income": 13
    },
    "2018-12-31": {
        "Diluted EPS": 0.69,
        "Total Revenue": 121,
        "Gross Profit": 34,
        "Operating Income": 17,
        "EBIT": 25,
        "Net Income": 12
    },
    "2018-09-30": {
        "Diluted EPS": 0.52,
        "Total Revenue": 115,
        "Gross Profit": 28,
        "Operating Income": 12,
        "EBIT": 20,
        "Net Income": 9
    },
    "2018-06-30": {
        "Diluted EPS": 0.86,
        "Total Revenue": 128,
        "Gross Profit": 37,
        "Operating Income": 19,
        "EBIT": 28,
        "Net Income": 15
    },
    "2018-03-31": {
        "Diluted EPS": 0.81,
        "Total Revenue": 131,
        "Gross Profit": 36,
        "Operating Income": 19,
        "EBIT": 27,
        "Net Income": 14
    },
    "2017-12-31": {
        "Diluted EPS": 0.6,
        "Total Revenue": 118,
        "Gross Profit": 33,
        "Operating Income": 14,
        "EBIT": 22,
        "Net Income": 10
    },
    "2017-09-30": {
        "Diluted EPS": 0.53,
        "Total Revenue": 105,
        "Gross Profit": 30,
        "Operating Income": 13,
        "EBIT": 21,
        "Net Income": 9
    },
    "2017-06-30": {
        "Diluted EPS": 0.57,
        "Total Revenue": 132,
        "Gross Profit": 35,
        "Operating Income": 15,
        "EBIT": 25,
        "Net Income": 10
    },
    "2017-03-31": {
        "Diluted EPS": 1.21,
        "Total Revenue": 167,
        "Gross Profit": 56,
        "Operating Income": 34,
        "EBIT": 43,
        "Net Income": 22
    },
    "2016-12-31": {
        "Diluted EPS": 1.13,
        "Total Revenue": 162,
        "Gross Profit": 53,
        "Operating Income": 32,
        "EBIT": 42,
        "Net Income": 21
    },
    "2016-09-30": {
        "Diluted EPS": 1.03,
        "Total Revenue": 161,
        "Gross Profit": 50,
        "Operating Income": 30,
        "EBIT": 39,
        "Net Income": 20
    },
    "2016-06-30": {
        "Diluted EPS": 1.22,
        "Total Revenue": 168,
        "Gross Profit": 57,
        "Operating Income": 36,
        "EBIT": 45,
        "Net Income": 24
    },
    "2016-03-31": {
        "Diluted EPS": 1.21,
        "Total Revenue": 173,
        "Gross Profit": 59,
        "Operating Income": 36,
        "EBIT": 45,
        "Net Income": 23
    },
    "2015-12-31": {
        "Diluted EPS": 0.87,
        "Total Revenue": 152,
        "Gross Profit": 48,
        "Operating Income": 26,
        "EBIT": 36,
        "Net Income": 17
    },
    "2015-09-30": {
        "Diluted EPS": 0.62,
        "Total Revenue": 121,
        "Gross Profit": 34,
        "Operating Income": 18,
        "EBIT": 27,
        "Net Income": 12
    },
    "2015-06-30": {
        "Diluted EPS": 0.91,
        "Total Revenue": 141,
        "Gross Profit": 49,
        "Operating Income": 27,
        "EBIT": 36,
        "Net Income": 18
    },
    "2015-03-31": {
        "Diluted EPS": 0.81,
        "Total Revenue": 137,
        "Gross Profit": 41,
        "Operating Income": 24,
        "EBIT": 33,
        "Net Income": 16
    },
    "2014-12-31": {
        "Diluted EPS": -0.73,
        "Total Revenue": 123,
        "Gross Profit": 34,
        "Operating Income": -25,
        "EBIT": -15,
        "Net Income": -15
    },
    "2014-09-30": {
        "Diluted EPS": 0.34,
        "Total Revenue": 98,
        "Gross Profit": 24,
        "Operating Income": 10,
        "EBIT": 19,
        "Net Income": 7
    },
    "2014-06-30": {
        "Diluted EPS": 1.12,
        "Total Revenue": 154,
        "Gross Profit": 50,
        "Operating Income": 33,
        "EBIT": 42,
        "Net Income": 22
    },
    "2014-03-31": {
        "Diluted EPS": 1.22,
        "Total Revenue": 170,
        "Gross Profit": 61,
        "Operating Income": 38,
        "EBIT": 47,
        "Net Income": 24
    },
    "2013-12-31": {
        "Diluted EPS": 1.31,
        "Total Revenue": 182,
        "Gross Profit": 64,
        "Operating Income": 42,
        "EBIT": 48,
        "Net Income": 27
    },
    "2013-09-30": {
        "Diluted EPS": 1.44,
        "Total Revenue": 171,
        "Gross Profit": 63,
        "Operating Income": 45,
        "EBIT": 50,
        "Net Income": 29
    },
    "2013-06-30": {
        "Diluted EPS": 1.63,
        "Total Revenue": 180,
        "Gross Profit": 71,
        "Operating Income": 51,
        "EBIT": 56,
        "Net Income": 32
    },
    "2013-03-31": {
        "Diluted EPS": 1.2,
        "Total Revenue": 156,
        "Gross Profit": 61,
        "Operating Income": 37,
        "EBIT": 42,
        "Net Income": 24
    },
    "2012-12-31": {
        "Diluted EPS": 1.02,
        "Total Revenue": 142,
        "Gross Profit": 49,
        "Operating Income": 31,
        "EBIT": 36,
        "Net Income": 20
    },
    "2012-09-30": {
        "Diluted EPS": 0.88,
        "Total Revenue": 118,
        "Gross Profit": 43,
        "Operating Income": 27,
        "EBIT": 31,
        "Net Income": 17
    },
    "2012-06-30": {
        "Diluted EPS": 0.91,
        "Total Revenue": 120,
        "Gross Profit": 45,
        "Operating Income": 28,
        "EBIT": 32,
        "Net Income": 18
    },
    "2012-03-31": {
        "Diluted EPS": 0.79,
        "Total Revenue": 112,
        "Gross Profit": 42,
        "Operating Income": 24,
        "EBIT": 28,
        "Net Income": 15
    },
    "2011-12-31": {
        "Diluted EPS": 0.55,
        "Total Revenue": 93,
        "Gross Profit": 30,
        "Operating Income": 16,
        "EBIT": 19,
        "Net Income": 11
    },
    "2011-09-30": {
        "Diluted EPS": 0.56,
        "Total Revenue": 81,
        "Gross Profit": 29,
        "Operating Income": 17,
        "EBIT": 20,
        "Net Income": 11
    },
    "2011-06-30": {
        "Diluted EPS": 0.56,
        "Total Revenue": 80,
        "Gross Profit": 28,
        "Operating Income": 17,
        "EBIT": 20,
        "Net Income": 11
    },
    "2011-03-31": {
        "Diluted EPS": 0.42,
        "Total Revenue": 75,
        "Gross Profit": 24,
        "Operating Income": 12,
        "EBIT": 15,
        "Net Income": 8
    },
    "2010-12-31": {
        "Diluted EPS": 0.3,
        "Total Revenue": 64,
        "Gross Profit": 21,
        "Operating Income": 9,
        "EBIT": 11,
        "Net Income": 6
    },
    "2010-09-30": {
        "Diluted EPS": 0.31,
        "Total Revenue": 58,
        "Gross Profit": 19,
        "Operating Income": 9,
        "EBIT": 12,
        "Net Income": 6
    },
    "2010-06-30": {
        "Diluted EPS": 0.42,
        "Total Revenue": 64,
        "Gross Profit": 22,
        "Operating Income": 13,
        "EBIT": 15,
        "Net Income": 8
    },
    "2010-03-31": {
        "Diluted EPS": 0.43,
        "Total Revenue": 68,
        "Gross Profit": 23,
        "Operating Income": 13,
        "EBIT": 15,
        "Net Income": 8
    },
    "2009-12-31": {
        "Diluted EPS": 0.3,
        "Total Revenue": 64,
        "Gross Profit": 21,
        "Operating Income": 9,
        "EBIT": 11,
        "Net Income": 6
    },
    "2009-09-30": {
        "Diluted EPS": 0.37,
        "Total Revenue": 71,
        "Gross Profit": 22,
        "Operating Income": 11,
        "EBIT": 13,
        "Net Income": 7
    },
    "2009-06-30": {
        "Diluted EPS": 0.45,
        "Total Revenue": 72,
        "Gross Profit": 25,
        "Operating Income": 14,
        "EBIT": 16,
        "Net Income": 9
    },
    "2009-03-31": {
        "Diluted EPS": 0.3,
        "Total Revenue": 64,
        "Gross Profit": 20,
        "Operating Income": 9,
        "EBIT": 11,
        "Net Income": 6
    },
    "2023-09-30": {
        "Tax Effect Of Unusual Items": NaN,
        "Tax Rate For Calcs": NaN,
        "Normalized EBITDA": NaN,
        "Net Income From Continuing Operation Net Minority Interest": NaN,
        "Reconciled Depreciation": NaN,
        "Reconciled Cost Of Revenue": NaN,
        "EBITDA": NaN,
        "EBIT": NaN,
        "Net Interest Income": NaN,
        "Interest Expense": NaN,
        "Interest Income": NaN,
        "Normalized Income": NaN,
        "Net Income From Continuing And Discontinued Operation": NaN,
        "Total Expenses": NaN,
        "Total Operating Income As Reported": NaN,
        "Diluted Average Shares": 17889089.0,
        "Basic Average Shares": 17722682.0,
        "Diluted EPS": 0.42,
        "Basic EPS": 0.42,
        "Diluted NI Availto Com Stockholders": NaN,
        "Net Income Common Stockholders": NaN,
        "Net Income": NaN,
        "Net Income Including Noncontrolling Interests": NaN,
        "Net Income Continuous Operations": NaN,
        "Tax Provision": NaN,
        "Pretax Income": NaN,
        "Other Income Expense": NaN,
        "Other Non Operating Income Expenses": NaN,
        "Net Non Operating Interest Income Expense": NaN,
        "Interest Expense Non Operating": NaN,
        "Interest Income Non Operating": NaN,
        "Operating Income": NaN,
        "Operating Expense": NaN,
        "Selling General And Administration": NaN,
        "Selling And Marketing Expense": NaN,
        "General And Administrative Expense": NaN,
        "Other Gand A": NaN,
        "Gross Profit": NaN,
        "Cost Of Revenue": NaN,
        "Total Revenue": NaN,
        "Operating Revenue": NaN
    },
    "2023-12-31": {
        "Tax Effect Of Unusual Items": 0.0,
        "Tax Rate For Calcs": 0.146628,
        "Normalized EBITDA": 14845000.0,
        "Net Income From Continuing Operation Net Minority Interest": 10249000.0,
        "Reconciled Depreciation": 2807000.0,
        "Reconciled Cost Of Revenue": 98360000.0,
        "EBITDA": 14845000.0,
        "EBIT": 12038000.0,
        "Net Interest Income": 1290000.0,
        "Interest Expense": 28000.0,
        "Interest Income": 1318000.0,
        "Normalized Income": 10249000.0,
        "Net Income From Continuing And Discontinued Operation": 10249000.0,
        "Total Expenses": 120300000.0,
        "Total Operating Income As Reported": 10322000.0,
        "Diluted Average Shares": NaN,
        "Basic Average Shares": NaN,
        "Diluted EPS": NaN,
        "Basic EPS": NaN,
        "Diluted NI Availto Com Stockholders": 10249000.0,
        "Net Income Common Stockholders": 10249000.0,
        "Net Income": 10249000.0,
        "Net Income Including Noncontrolling Interests": 10249000.0,
        "Net Income Continuous Operations": 10249000.0,
        "Tax Provision": 1761000.0,
        "Pretax Income": 12010000.0,
        "Other Income Expense": 403000.0,
        "Other Non Operating Income Expenses": 398000.0,
        "Net Non Operating Interest Income Expense": 1290000.0,
        "Interest Expense Non Operating": 28000.0,
        "Interest Income Non Operating": 1318000.0,
        "Operating Income": 10317000.0,
        "Operating Expense": 21940000.0,
        "Selling General And Administration": 21940000.0,
        "Selling And Marketing Expense": 11086000.0,
        "General And Administrative Expense": 10854000.0,
        "Other Gand A": 10854000.0,
        "Gross Profit": 32257000.0,
        "Cost Of Revenue": 98360000.0,
        "Total Revenue": 130617000.0,
        "Operating Revenue": 130617000.0
    },
    "2024-03-31": {
        "Tax Effect Of Unusual Items": NaN,
        "Tax Rate For Calcs": NaN,
        "Normalized EBITDA": NaN,
        "Net Income From Continuing Operation Net Minority Interest": NaN,
        "Reconciled Depreciation": NaN,
        "Reconciled Cost Of Revenue": NaN,
        "EBITDA": NaN,
        "EBIT": NaN,
        "Net Interest Income": NaN,
        "Interest Expense": NaN,
        "Interest Income": NaN,
        "Normalized Income": NaN,
        "Net Income From Continuing And Discontinued Operation": NaN,
        "Total Expenses": NaN,
        "Total Operating Income As Reported": NaN,
        "Diluted Average Shares": 17640268.0,
        "Basic Average Shares": 17434178.0,
        "Diluted EPS": 0.4,
        "Basic EPS": 0.41,
        "Diluted NI Availto Com Stockholders": NaN,
        "Net Income Common Stockholders": NaN,
        "Net Income": NaN,
        "Net Income Including Noncontrolling Interests": NaN,
        "Net Income Continuous Operations": NaN,
        "Tax Provision": NaN,
        "Pretax Income": NaN,
        "Other Income Expense": NaN,
        "Other Non Operating Income Expenses": NaN,
        "Net Non Operating Interest Income Expense": NaN,
        "Interest Expense Non Operating": NaN,
        "Interest Income Non Operating": NaN,
        "Operating Income": NaN,
        "Operating Expense": NaN,
        "Selling General And Administration": NaN,
        "Selling And Marketing Expense": NaN,
        "General And Administrative Expense": NaN,
        "Other Gand A": NaN,
        "Gross Profit": NaN,
        "Cost Of Revenue": NaN,
        "Total Revenue": NaN,
        "Operating Revenue": NaN
    },
    "2024-06-30": {
        "Tax Effect Of Unusual Items": 0.0,
        "Tax Rate For Calcs": 0.209565,
        "Normalized EBITDA": 15784000.0,
        "Net Income From Continuing Operation Net Minority Interest": 8264000.0,
        "Reconciled Depreciation": 5304000.0,
        "Reconciled Cost Of Revenue": 101607000.0,
        "EBITDA": 15784000.0,
        "EBIT": 10480000.0,
        "Net Interest Income": 1304000.0,
        "Interest Expense": 25000.0,
        "Interest Income": 1329000.0,
        "Normalized Income": 8264000.0,
        "Net Income From Continuing And Discontinued Operation": 8264000.0,
        "Total Expenses": 121789000.0,
        "Total Operating Income As Reported": 8972000.0,
        "Diluted Average Shares": 17618508.0,
        "Basic Average Shares": 17343341.0,
        "Diluted EPS": 0.47,
        "Basic EPS": 0.48,
        "Diluted NI Availto Com Stockholders": 8264000.0,
        "Net Income Common Stockholders": 8264000.0,
        "Net Income": 8264000.0,
        "Net Income Including Noncontrolling Interests": 8264000.0,
        "Net Income Continuous Operations": 8264000.0,
        "Tax Provision": 2191000.0,
        "Pretax Income": 10455000.0,
        "Other Income Expense": 179000.0,
        "Other Non Operating Income Expenses": 179000.0,
        "Net Non Operating Interest Income Expense": 1304000.0,
        "Interest Expense Non Operating": 25000.0,
        "Interest Income Non Operating": 1329000.0,
        "Operating Income": 8972000.0,
        "Operating Expense": 20182000.0,
        "Selling General And Administration": 20182000.0,
        "Selling And Marketing Expense": 9484000.0,
        "General And Administrative Expense": 10698000.0,
        "Other Gand A": 10698000.0,
        "Gross Profit": 29154000.0,
        "Cost Of Revenue": 101607000.0,
        "Total Revenue": 130761000.0,
        "Operating Revenue": 130761000.0
    },
    "2024-09-30": {
        "Tax Effect Of Unusual Items": 0.0,
        "Tax Rate For Calcs": 0.1,
        "Normalized EBITDA": 11093000.0,
        "Net Income From Continuing Operation Net Minority Interest": 4738000.0,
        "Reconciled Depreciation": 5804000.0,
        "Reconciled Cost Of Revenue": 99615000.0,
        "EBITDA": 11093000.0,
        "EBIT": 5289000.0,
        "Net Interest Income": 1131000.0,
        "Interest Expense": 24000.0,
        "Interest Income": 1155000.0,
        "Normalized Income": 4738000.0,
        "Net Income From Continuing And Discontinued Operation": 4738000.0,
        "Total Expenses": 118545000.0,
        "Total Operating Income As Reported": 3742000.0,
        "Diluted Average Shares": 17137065.0,
        "Basic Average Shares": 16847866.0,
        "Diluted EPS": 0.28,
        "Basic EPS": 0.28,
        "Diluted NI Availto Com Stockholders": 4738000.0,
        "Net Income Common Stockholders": 4738000.0,
        "Net Income": 4738000.0,
        "Net Income Including Noncontrolling Interests": 4738000.0,
        "Net Income Continuous Operations": 4738000.0,
        "Tax Provision": 527000.0,
        "Pretax Income": 5265000.0,
        "Other Income Expense": 392000.0,
        "Other Non Operating Income Expenses": 392000.0,
        "Net Non Operating Interest Income Expense": 1131000.0,
        "Interest Expense Non Operating": 24000.0,
        "Interest Income Non Operating": 1155000.0,
        "Operating Income": 3742000.0,
        "Operating Expense": 18930000.0,
        "Selling General And Administration": 18930000.0,
        "Selling And Marketing Expense": 8998000.0,
        "General And Administrative Expense": 9932000.0,
        "Other Gand A": 9932000.0,
        "Gross Profit": 22672000.0,
        "Cost Of Revenue": 99615000.0,
        "Total Revenue": 122287000.0,
        "Operating Revenue": 122287000.0
    },
    "2024-12-31": {
        "Tax Effect Of Unusual Items": 0.0,
        "Tax Rate For Calcs": 0.194573,
        "Normalized EBITDA": 18166000.0,
        "Net Income From Continuing Operation Net Minority Interest": 10477000.0,
        "Reconciled Depreciation": 5122000.0,
        "Reconciled Cost Of Revenue": 112589000.0,
        "EBITDA": 18166000.0,
        "EBIT": 13044000.0,
        "Net Interest Income": 1010000.0,
        "Interest Expense": 36000.0,
        "Interest Income": 1046000.0,
        "Normalized Income": 10477000.0,
        "Net Income From Continuing And Discontinued Operation": 10477000.0,
        "Total Expenses": 134366000.0,
        "Total Operating Income As Reported": 11409000.0,
        "Diluted Average Shares": NaN,
        "Basic Average Shares": NaN,
        "Diluted EPS": NaN,
        "Basic EPS": NaN,
        "Diluted NI Availto Com Stockholders": 10477000.0,
        "Net Income Common Stockholders": 10477000.0,
        "Net Income": 10477000.0,
        "Net Income Including Noncontrolling Interests": 10477000.0,
        "Net Income Continuous Operations": 10477000.0,
        "Tax Provision": 2531000.0,
        "Pretax Income": 13008000.0,
        "Other Income Expense": 589000.0,
        "Other Non Operating Income Expenses": 589000.0,
        "Net Non Operating Interest Income Expense": 1010000.0,
        "Interest Expense Non Operating": 36000.0,
        "Interest Income Non Operating": 1046000.0,
        "Operating Income": 11409000.0,
        "Operating Expense": 21777000.0,
        "Selling General And Administration": 21777000.0,
        "Selling And Marketing Expense": 10567000.0,
        "General And Administrative Expense": 11210000.0,
        "Other Gand A": 11210000.0,
        "Gross Profit": 33186000.0,
        "Cost Of Revenue": 112589000.0,
        "Total Revenue": 145775000.0,
        "Operating Revenue": 145775000.0
    },
    "2025-03-31": {
        "Tax Effect Of Unusual Items": 0.0,
        "Tax Rate For Calcs": 0.203,
        "Normalized EBITDA": 15334000.0,
        "Net Income From Continuing Operation Net Minority Interest": 7768000.0,
        "Reconciled Depreciation": 5571000.0,
        "Reconciled Cost Of Revenue": 105843000.0,
        "EBITDA": 15334000.0,
        "EBIT": 9763000.0,
        "Net Interest Income": 1022000.0,
        "Interest Expense": 16000.0,
        "Interest Income": 1038000.0,
        "Normalized Income": 7768000.0,
        "Net Income From Continuing And Discontinued Operation": 7768000.0,
        "Total Expenses": 127266000.0,
        "Total Operating Income As Reported": 8472000.0,
        "Diluted Average Shares": 16850956.0,
        "Basic Average Shares": 16623214.0,
        "Diluted EPS": 0.46,
        "Basic EPS": 0.47,
        "Diluted NI Availto Com Stockholders": 7768000.0,
        "Net Income Common Stockholders": 7768000.0,
        "Net Income": 7768000.0,
        "Net Income Including Noncontrolling Interests": 7768000.0,
        "Net Income Continuous Operations": 7768000.0,
        "Tax Provision": 1979000.0,
        "Pretax Income": 9747000.0,
        "Other Income Expense": 253000.0,
        "Other Non Operating Income Expenses": 253000.0,
        "Net Non Operating Interest Income Expense": 1022000.0,
        "Interest Expense Non Operating": 16000.0,
        "Interest Income Non Operating": 1038000.0,
        "Operating Income": 8472000.0,
        "Operating Expense": 21423000.0,
        "Selling General And Administration": 21423000.0,
        "Selling And Marketing Expense": 9413000.0,
        "General And Administrative Expense": 12010000.0,
        "Other Gand A": 12010000.0,
        "Gross Profit": 29895000.0,
        "Cost Of Revenue": 105843000.0,
        "Total Revenue": 135738000.0,
        "Operating Revenue": 135738000.0
    },
    "2025-06-30": {
        "Tax Effect Of Unusual Items": 0.0,
        "Tax Rate For Calcs": 0.111512,
        "Normalized EBITDA": -13794000.0,
        "Net Income From Continuing Operation Net Minority Interest": -17226000.0,
        "Reconciled Depreciation": 5572000.0,
        "Reconciled Cost Of Revenue": 127345000.0,
        "EBITDA": -13794000.0,
        "EBIT": -19366000.0,
        "Net Interest Income": 932000.0,
        "Interest Expense": 22000.0,
        "Interest Income": 954000.0,
        "Normalized Income": -17226000.0,
        "Net Income From Continuing And Discontinued Operation": -17226000.0,
        "Total Expenses": 153207000.0,
        "Total Operating Income As Reported": -20716000.0,
        "Diluted Average Shares": 16370674.0,
        "Basic Average Shares": 16370674.0,
        "Diluted EPS": -1.05,
        "Basic EPS": -1.05,
        "Diluted NI Availto Com Stockholders": -17226000.0,
        "Net Income Common Stockholders": -17226000.0,
        "Net Income": -17226000.0,
        "Net Income Including Noncontrolling Interests": -17226000.0,
        "Net Income Continuous Operations": -17226000.0,
        "Tax Provision": -2162000.0,
        "Pretax Income": -19388000.0,
        "Other Income Expense": 396000.0,
        "Other Non Operating Income Expenses": 396000.0,
        "Net Non Operating Interest Income Expense": 932000.0,
        "Interest Expense Non Operating": 22000.0,
        "Interest Income Non Operating": 954000.0,
        "Operating Income": -20716000.0,
        "Operating Expense": 25862000.0,
        "Selling General And Administration": 25862000.0,
        "Selling And Marketing Expense": 10277000.0,
        "General And Administrative Expense": 15585000.0,
        "Other Gand A": 15585000.0,
        "Gross Profit": 5146000.0,
        "Cost Of Revenue": 127345000.0,
        "Total Revenue": 132491000.0,
        "Operating Revenue": 132491000.0
    }
}