{
    "2023-03-31": {
        "Tax Effect Of Unusual Items": NaN,
        "Tax Rate For Calcs": NaN,
        "Normalized EBITDA": NaN,
        "Total Unusual Items": NaN,
        "Total Unusual Items Excluding Goodwill": NaN,
        "Net Income From Continuing Operation Net Minority Interest": NaN,
        "Reconciled Depreciation": NaN,
        "Reconciled Cost Of Revenue": NaN,
        "EBITDA": NaN,
        "EBIT": NaN,
        "Net Interest Income": NaN,
        "Interest Expense": NaN,
        "Normalized Income": NaN,
        "Net Income From Continuing And Discontinued Operation": NaN,
        "Total Expenses": NaN,
        "Rent Expense Supplemental": NaN,
        "Total Operating Income As Reported": NaN,
        "Diluted Average Shares": 2315000.0,
        "Basic Average Shares": 2315000.0,
        "Diluted EPS": -0.71,
        "Basic EPS": -0.71,
        "Diluted NI Availto Com Stockholders": NaN,
        "Net Income Common Stockholders": NaN,
        "Net Income": NaN,
        "Net Income Including Noncontrolling Interests": NaN,
        "Net Income Discontinuous Operations": NaN,
        "Net Income Continuous Operations": NaN,
        "Tax Provision": NaN,
        "Pretax Income": NaN,
        "Other Income Expense": NaN,
        "Other Non Operating Income Expenses": NaN,
        "Special Income Charges": NaN,
        "Gain On Sale Of Ppe": 0.0,
        "Impairment Of Capital Assets": NaN,
        "Net Non Operating Interest Income Expense": NaN,
        "Interest Expense Non Operating": NaN,
        "Operating Income": NaN,
        "Operating Expense": NaN,
        "Depreciation Amortization Depletion Income Statement": NaN,
        "Depreciation And Amortization In Income Statement": NaN,
        "Selling General And Administration": NaN,
        "General And Administrative Expense": NaN,
        "Other Gand A": NaN,
        "Rent And Landing Fees": NaN,
        "Gross Profit": NaN,
        "Cost Of Revenue": NaN,
        "Total Revenue": NaN,
        "Operating Revenue": NaN
    },
    "2022-12-31": {
        "Tax Effect Of Unusual Items": NaN,
        "Tax Rate For Calcs": NaN,
        "Normalized EBITDA": NaN,
        "Total Unusual Items": NaN,
        "Total Unusual Items Excluding Goodwill": NaN,
        "Net Income From Continuing Operation Net Minority Interest": NaN,
        "Reconciled Depreciation": NaN,
        "Reconciled Cost Of Revenue": NaN,
        "EBITDA": NaN,
        "EBIT": NaN,
        "Net Interest Income": NaN,
        "Interest Expense": NaN,
        "Normalized Income": NaN,
        "Net Income From Continuing And Discontinued Operation": NaN,
        "Total Expenses": NaN,
        "Rent Expense Supplemental": NaN,
        "Total Operating Income As Reported": NaN,
        "Diluted Average Shares": 2307000.0,
        "Basic Average Shares": 2307000.0,
        "Diluted EPS": -1.04,
        "Basic EPS": -1.04,
        "Diluted NI Availto Com Stockholders": NaN,
        "Net Income Common Stockholders": NaN,
        "Net Income": NaN,
        "Net Income Including Noncontrolling Interests": NaN,
        "Net Income Discontinuous Operations": NaN,
        "Net Income Continuous Operations": NaN,
        "Tax Provision": NaN,
        "Pretax Income": NaN,
        "Other Income Expense": NaN,
        "Other Non Operating Income Expenses": NaN,
        "Special Income Charges": NaN,
        "Gain On Sale Of Ppe": 0.0,
        "Impairment Of Capital Assets": NaN,
        "Net Non Operating Interest Income Expense": NaN,
        "Interest Expense Non Operating": NaN,
        "Operating Income": NaN,
        "Operating Expense": NaN,
        "Depreciation Amortization Depletion Income Statement": NaN,
        "Depreciation And Amortization In Income Statement": NaN,
        "Selling General And Administration": NaN,
        "General And Administrative Expense": NaN,
        "Other Gand A": NaN,
        "Rent And Landing Fees": NaN,
        "Gross Profit": NaN,
        "Cost Of Revenue": NaN,
        "Total Revenue": NaN,
        "Operating Revenue": NaN
    },
    "2022-09-30": {
        "Tax Effect Of Unusual Items": NaN,
        "Tax Rate For Calcs": NaN,
        "Normalized EBITDA": NaN,
        "Total Unusual Items": NaN,
        "Total Unusual Items Excluding Goodwill": NaN,
        "Net Income From Continuing Operation Net Minority Interest": NaN,
        "Reconciled Depreciation": NaN,
        "Reconciled Cost Of Revenue": NaN,
        "EBITDA": NaN,
        "EBIT": NaN,
        "Net Interest Income": NaN,
        "Interest Expense": NaN,
        "Normalized Income": NaN,
        "Net Income From Continuing And Discontinued Operation": NaN,
        "Total Expenses": NaN,
        "Rent Expense Supplemental": NaN,
        "Total Operating Income As Reported": NaN,
        "Diluted Average Shares": NaN,
        "Basic Average Shares": NaN,
        "Diluted EPS": NaN,
        "Basic EPS": NaN,
        "Diluted NI Availto Com Stockholders": NaN,
        "Net Income Common Stockholders": NaN,
        "Net Income": NaN,
        "Net Income Including Noncontrolling Interests": NaN,
        "Net Income Discontinuous Operations": NaN,
        "Net Income Continuous Operations": NaN,
        "Tax Provision": NaN,
        "Pretax Income": NaN,
        "Other Income Expense": NaN,
        "Other Non Operating Income Expenses": NaN,
        "Special Income Charges": NaN,
        "Gain On Sale Of Ppe": 0.0,
        "Impairment Of Capital Assets": NaN,
        "Net Non Operating Interest Income Expense": NaN,
        "Interest Expense Non Operating": NaN,
        "Operating Income": NaN,
        "Operating Expense": NaN,
        "Depreciation Amortization Depletion Income Statement": NaN,
        "Depreciation And Amortization In Income Statement": NaN,
        "Selling General And Administration": NaN,
        "General And Administrative Expense": NaN,
        "Other Gand A": NaN,
        "Rent And Landing Fees": NaN,
        "Gross Profit": NaN,
        "Cost Of Revenue": NaN,
        "Total Revenue": NaN,
        "Operating Revenue": NaN
    },
    "2022-06-30": {
        "Tax Effect Of Unusual Items": -58000.0,
        "Tax Rate For Calcs": 0.4,
        "Normalized EBITDA": 143000.0,
        "Total Unusual Items": -145000.0,
        "Total Unusual Items Excluding Goodwill": -145000.0,
        "Net Income From Continuing Operation Net Minority Interest": -8560000.0,
        "Reconciled Depreciation": 1458000.0,
        "Reconciled Cost Of Revenue": 47992000.0,
        "EBITDA": -2000.0,
        "EBIT": -1460000.0,
        "Net Interest Income": -3601000.0,
        "Interest Expense": 3601000.0,
        "Interest Income": NaN,
        "Normalized Income": -8473000.0,
        "Net Income From Continuing And Discontinued Operation": -42633000.0,
        "Total Expenses": 67384000.0,
        "Rent Expense Supplemental": 33945000.0,
        "Total Operating Income As Reported": -1315000.0,
        "Diluted Average Shares": 45961000.0,
        "Basic Average Shares": 45961000.0,
        "Diluted EPS": -0.93,
        "Basic EPS": -0.93,
        "Diluted NI Availto Com Stockholders": -42633000.0,
        "Net Income Common Stockholders": -42633000.0,
        "Net Income": -42633000.0,
        "Net Income Including Noncontrolling Interests": -42633000.0,
        "Net Income Discontinuous Operations": -34073000.0,
        "Net Income Continuous Operations": -8560000.0,
        "Tax Provision": 3499000.0,
        "Pretax Income": -5061000.0,
        "Other Income Expense": -145000.0,
        "Other Non Operating Income Expenses": -309000.0,
        "Special Income Charges": -145000.0,
        "Gain On Sale Of Ppe": -145000.0,
        "Impairment Of Capital Assets": 0.0,
        "Net Non Operating Interest Income Expense": -3601000.0,
        "Interest Expense Non Operating": 3601000.0,
        "Interest Income Non Operating": NaN,
        "Operating Income": -1315000.0,
        "Operating Expense": 19392000.0,
        "Depreciation Amortization Depletion Income Statement": 1458000.0,
        "Depreciation And Amortization In Income Statement": 1458000.0,
        "Selling General And Administration": 17934000.0,
        "General And Administrative Expense": 17934000.0,
        "Other Gand A": 14566000.0,
        "Rent And Landing Fees": 3368000.0,
        "Gross Profit": 18077000.0,
        "Cost Of Revenue": 47992000.0,
        "Total Revenue": 66069000.0,
        "Operating Revenue": 66069000.0
    },
    "2022-03-31": {
        "Diluted EPS": -0.61,
        "Total Revenue": 64,
        "Gross Profit": 61,
        "Operating Income": -22,
        "EBIT": -4,
        "Net Income": -28
    },
    "2021-12-31": {
        "Diluted EPS": -0.11,
        "Total Revenue": 69,
        "Gross Profit": 66,
        "Operating Income": 0,
        "EBIT": 2,
        "Net Income": -5
    },
    "2021-09-30": {
        "Diluted EPS": -0.28,
        "Total Revenue": 77,
        "Gross Profit": 69,
        "Operating Income": -5,
        "EBIT": -3,
        "Net Income": -10
    },
    "2021-06-30": {
        "Diluted EPS": -0.95,
        "Total Revenue": 96,
        "Gross Profit": 85,
        "Operating Income": -18,
        "EBIT": -13,
        "Net Income": -34
    },
    "2021-03-31": {
        "Diluted EPS": -0.3,
        "Total Revenue": 100,
        "Gross Profit": 89,
        "Operating Income": -19,
        "EBIT": -15,
        "Net Income": -11
    },
    "2020-12-31": {
        "Diluted EPS": -0.92,
        "Total Revenue": 104,
        "Gross Profit": 93,
        "Operating Income": -27,
        "EBIT": -21,
        "Net Income": -33
    },
    "2020-09-30": {
        "Diluted EPS": -0.98,
        "Total Revenue": 111,
        "Gross Profit": 101,
        "Operating Income": -32,
        "EBIT": -25,
        "Net Income": -35
    },
    "2020-06-30": {
        "Diluted EPS": -2.05,
        "Total Revenue": 60,
        "Gross Profit": 41,
        "Operating Income": -69,
        "EBIT": -59,
        "Net Income": -74
    },
    "2020-03-31": {
        "Diluted EPS": -1.88,
        "Total Revenue": 154,
        "Gross Profit": 77,
        "Operating Income": -59,
        "EBIT": -10,
        "Net Income": -68
    },
    "2019-12-31": {
        "Diluted EPS": -0.46,
        "Total Revenue": 209,
        "Gross Profit": 114,
        "Operating Income": -7,
        "EBIT": -1,
        "Net Income": -16
    },
    "2019-09-30": {
        "Diluted EPS": -0.38,
        "Total Revenue": 247,
        "Gross Profit": 130,
        "Operating Income": -10,
        "EBIT": -2,
        "Net Income": -14
    },
    "2019-06-30": {
        "Diluted EPS": -0.11,
        "Total Revenue": 248,
        "Gross Profit": 114,
        "Operating Income": -2,
        "EBIT": 7,
        "Net Income": -5
    },
    "2019-03-31": {
        "Diluted EPS": -0.36,
        "Total Revenue": 258,
        "Gross Profit": 116,
        "Operating Income": -22,
        "EBIT": -14,
        "Net Income": -15
    },
    "2018-12-31": {
        "Diluted EPS": 0.15,
        "Total Revenue": 275,
        "Gross Profit": 123,
        "Operating Income": -2,
        "EBIT": 7,
        "Net Income": 7
    },
    "2018-09-30": {
        "Diluted EPS": -0.02,
        "Total Revenue": 288,
        "Gross Profit": 134,
        "Operating Income": 3,
        "EBIT": 12,
        "Net Income": -1
    },
    "2018-06-30": {
        "Diluted EPS": 0.08,
        "Total Revenue": 300,
        "Gross Profit": 143,
        "Operating Income": 13,
        "EBIT": 23,
        "Net Income": 3
    },
    "2018-03-31": {
        "Diluted EPS": -0.15,
        "Total Revenue": 306,
        "Gross Profit": 137,
        "Operating Income": 4,
        "EBIT": 18,
        "Net Income": -7
    },
    "2017-12-31": {
        "Diluted EPS": 0.75,
        "Total Revenue": 314,
        "Gross Profit": 139,
        "Operating Income": -38,
        "EBIT": -27,
        "Net Income": 35
    },
    "2017-09-30": {
        "Diluted EPS": -0.54,
        "Total Revenue": 315,
        "Gross Profit": 145,
        "Operating Income": 16,
        "EBIT": 28,
        "Net Income": -25
    },
    "2017-06-30": {
        "Diluted EPS": -0.02,
        "Total Revenue": 345,
        "Gross Profit": 160,
        "Operating Income": 6,
        "EBIT": 20,
        "Net Income": -1
    },
    "2017-03-31": {
        "Diluted EPS": -0.4,
        "Total Revenue": 313,
        "Gross Profit": 129,
        "Operating Income": -6,
        "EBIT": 8,
        "Net Income": -18
    },
    "2016-12-31": {
        "Diluted EPS": -0.05,
        "Total Revenue": 315,
        "Gross Profit": 129,
        "Operating Income": 2,
        "EBIT": 16,
        "Net Income": -2
    },
    "2016-09-30": {
        "Diluted EPS": 0.07,
        "Total Revenue": 319,
        "Gross Profit": 137,
        "Operating Income": 10,
        "EBIT": 25,
        "Net Income": 3
    },
    "2016-06-30": {
        "Diluted EPS": 0.12,
        "Total Revenue": -51,
        "Gross Profit": -2,
        "Operating Income": 17,
        "EBIT": 30,
        "Net Income": 6
    },
    "2016-03-31": {
        "Diluted EPS": -0.04,
        "Total Revenue": 443,
        "Gross Profit": 183,
        "Operating Income": 6,
        "EBIT": 21,
        "Net Income": -2
    },
    "2015-12-31": {
        "Diluted EPS": -0.29,
        "Total Revenue": 450,
        "Gross Profit": 183,
        "Operating Income": -3,
        "EBIT": 12,
        "Net Income": -14
    },
    "2015-09-30": {
        "Diluted EPS": -0.02,
        "Total Revenue": 450,
        "Gross Profit": 189,
        "Operating Income": 4,
        "EBIT": 20,
        "Net Income": -1
    },
    "2015-06-30": {
        "Diluted EPS": -0.05,
        "Total Revenue": 463,
        "Gross Profit": 198,
        "Operating Income": 0,
        "EBIT": 17,
        "Net Income": -3
    },
    "2015-03-31": {
        "Diluted EPS": -0.09,
        "Total Revenue": 454,
        "Gross Profit": 192,
        "Operating Income": 5,
        "EBIT": 22,
        "Net Income": -5
    },
    "2014-12-31": {
        "Diluted EPS": -0.3,
        "Total Revenue": 456,
        "Gross Profit": 188,
        "Operating Income": -1,
        "EBIT": 16,
        "Net Income": -17
    },
    "2014-09-30": {
        "Diluted EPS": -0.18,
        "Total Revenue": 465,
        "Gross Profit": 196,
        "Operating Income": -1,
        "EBIT": 18,
        "Net Income": -10
    },
    "2014-06-30": {
        "Diluted EPS": -0.35,
        "Total Revenue": 484,
        "Gross Profit": 205,
        "Operating Income": 1,
        "EBIT": 23,
        "Net Income": -20
    },
    "2014-03-31": {
        "Diluted EPS": -0.17,
        "Total Revenue": 472,
        "Gross Profit": 199,
        "Operating Income": -3,
        "EBIT": 18,
        "Net Income": -9
    },
    "2013-12-31": {
        "Diluted EPS": -1.93,
        "Total Revenue": 468,
        "Gross Profit": 194,
        "Operating Income": -35,
        "EBIT": 22,
        "Net Income": -109
    },
    "2013-09-30": {
        "Diluted EPS": 0.0,
        "Total Revenue": 469,
        "Gross Profit": 200,
        "Operating Income": 1,
        "EBIT": 25,
        "Net Income": 0
    },
    "2013-06-30": {
        "Diluted EPS": 0.13,
        "Total Revenue": 502,
        "Gross Profit": 205,
        "Operating Income": -8,
        "EBIT": 17,
        "Net Income": 2
    },
    "2013-03-31": {
        "Diluted EPS": 0.04,
        "Total Revenue": 505,
        "Gross Profit": 217,
        "Operating Income": 3,
        "EBIT": 26,
        "Net Income": 2
    },
    "2012-12-31": {
        "Diluted EPS": -0.22,
        "Total Revenue": 506,
        "Gross Profit": 217,
        "Operating Income": 9,
        "EBIT": 29,
        "Net Income": -12
    },
    "2012-09-30": {
        "Diluted EPS": 0.59,
        "Total Revenue": 505,
        "Gross Profit": 220,
        "Operating Income": 9,
        "EBIT": 32,
        "Net Income": 38
    },
    "2012-06-30": {
        "Diluted EPS": -1.32,
        "Total Revenue": 529,
        "Gross Profit": 239,
        "Operating Income": -46,
        "EBIT": 42,
        "Net Income": -64
    },
    "2012-03-31": {
        "Diluted EPS": -0.02,
        "Total Revenue": 536,
        "Gross Profit": 240,
        "Operating Income": 23,
        "EBIT": 51,
        "Net Income": -1
    },
    "2011-12-31": {
        "Diluted EPS": -0.81,
        "Total Revenue": 526,
        "Gross Profit": 238,
        "Operating Income": 12,
        "EBIT": 124,
        "Net Income": -57
    },
    "2011-09-30": {
        "Diluted EPS": 0.15,
        "Total Revenue": 531,
        "Gross Profit": 243,
        "Operating Income": 9,
        "EBIT": 45,
        "Net Income": 8
    },
    "2011-06-30": {
        "Diluted EPS": -0.25,
        "Total Revenue": 446,
        "Gross Profit": 191,
        "Operating Income": -11,
        "EBIT": 10,
        "Net Income": -16
    },
    "2011-03-31": {
        "Diluted EPS": -0.45,
        "Total Revenue": 581,
        "Gross Profit": 263,
        "Operating Income": -60,
        "EBIT": 43,
        "Net Income": -25
    },
    "2010-12-31": {
        "Diluted EPS": 0.24,
        "Total Revenue": 574,
        "Gross Profit": 261,
        "Operating Income": 23,
        "EBIT": 51,
        "Net Income": 15
    },
    "2010-09-30": {
        "Diluted EPS": 0.3,
        "Total Revenue": 578,
        "Gross Profit": 268,
        "Operating Income": 33,
        "EBIT": 61,
        "Net Income": 18
    },
    "2010-06-30": {
        "Diluted EPS": 0.34,
        "Total Revenue": 590,
        "Gross Profit": 275,
        "Operating Income": 36,
        "EBIT": 58,
        "Net Income": 18
    },
    "2010-03-31": {
        "Diluted EPS": -0.03,
        "Total Revenue": 588,
        "Gross Profit": 270,
        "Operating Income": 1,
        "EBIT": 65,
        "Net Income": -2
    },
    "2009-12-31": {
        "Diluted EPS": 0.3,
        "Total Revenue": 575,
        "Gross Profit": 264,
        "Operating Income": 32,
        "EBIT": 61,
        "Net Income": 18
    },
    "2009-09-30": {
        "Diluted EPS": 0.14,
        "Total Revenue": 606,
        "Gross Profit": 270,
        "Operating Income": 28,
        "EBIT": 57,
        "Net Income": 8
    },
    "2009-06-30": {
        "Diluted EPS": -0.1,
        "Total Revenue": 625,
        "Gross Profit": 335,
        "Operating Income": 50,
        "EBIT": 74,
        "Net Income": -5
    },
    "2009-03-31": {
        "Diluted EPS": 0.21,
        "Total Revenue": 604,
        "Gross Profit": 221,
        "Operating Income": 37,
        "EBIT": 66,
        "Net Income": 9
    },
    "2023-06-30": {
        "Tax Effect Of Unusual Items": NaN,
        "Tax Rate For Calcs": NaN,
        "Normalized EBITDA": NaN,
        "Total Unusual Items": NaN,
        "Total Unusual Items Excluding Goodwill": NaN,
        "Net Income From Continuing Operation Net Minority Interest": NaN,
        "Reconciled Depreciation": NaN,
        "Reconciled Cost Of Revenue": NaN,
        "EBITDA": NaN,
        "EBIT": NaN,
        "Net Interest Income": NaN,
        "Interest Expense": NaN,
        "Normalized Income": NaN,
        "Net Income From Continuing And Discontinued Operation": NaN,
        "Total Expenses": NaN,
        "Rent Expense Supplemental": NaN,
        "Total Operating Income As Reported": NaN,
        "Diluted Average Shares": NaN,
        "Basic Average Shares": NaN,
        "Diluted EPS": NaN,
        "Basic EPS": NaN,
        "Diluted NI Availto Com Stockholders": NaN,
        "Net Income Common Stockholders": NaN,
        "Net Income": NaN,
        "Net Income Including Noncontrolling Interests": NaN,
        "Net Income Discontinuous Operations": NaN,
        "Net Income Continuous Operations": NaN,
        "Tax Provision": NaN,
        "Pretax Income": NaN,
        "Other Income Expense": NaN,
        "Other Non Operating Income Expenses": NaN,
        "Special Income Charges": NaN,
        "Gain On Sale Of Ppe": 0.0,
        "Impairment Of Capital Assets": NaN,
        "Net Non Operating Interest Income Expense": NaN,
        "Interest Expense Non Operating": NaN,
        "Operating Income": NaN,
        "Operating Expense": NaN,
        "Depreciation Amortization Depletion Income Statement": NaN,
        "Depreciation And Amortization In Income Statement": NaN,
        "Selling General And Administration": NaN,
        "General And Administrative Expense": NaN,
        "Other Gand A": NaN,
        "Rent And Landing Fees": NaN,
        "Gross Profit": NaN,
        "Cost Of Revenue": NaN,
        "Total Revenue": NaN,
        "Operating Revenue": NaN
    },
    "2023-09-30": {
        "Tax Effect Of Unusual Items": NaN,
        "Tax Rate For Calcs": NaN,
        "Normalized EBITDA": NaN,
        "Total Unusual Items": NaN,
        "Total Unusual Items Excluding Goodwill": NaN,
        "Net Income From Continuing Operation Net Minority Interest": NaN,
        "Reconciled Depreciation": NaN,
        "Reconciled Cost Of Revenue": NaN,
        "EBITDA": NaN,
        "EBIT": NaN,
        "Net Interest Income": NaN,
        "Interest Expense": NaN,
        "Normalized Income": NaN,
        "Net Income From Continuing And Discontinued Operation": NaN,
        "Total Expenses": NaN,
        "Rent Expense Supplemental": NaN,
        "Total Operating Income As Reported": NaN,
        "Diluted Average Shares": 2362000.0,
        "Basic Average Shares": 2332000.0,
        "Diluted EPS": 0.51,
        "Basic EPS": 0.51,
        "Diluted NI Availto Com Stockholders": NaN,
        "Net Income Common Stockholders": NaN,
        "Net Income": NaN,
        "Net Income Including Noncontrolling Interests": NaN,
        "Net Income Discontinuous Operations": NaN,
        "Net Income Continuous Operations": NaN,
        "Tax Provision": NaN,
        "Pretax Income": NaN,
        "Other Income Expense": NaN,
        "Other Non Operating Income Expenses": NaN,
        "Special Income Charges": NaN,
        "Impairment Of Capital Assets": NaN,
        "Net Non Operating Interest Income Expense": NaN,
        "Interest Expense Non Operating": NaN,
        "Operating Income": NaN,
        "Operating Expense": NaN,
        "Depreciation Amortization Depletion Income Statement": NaN,
        "Depreciation And Amortization In Income Statement": NaN,
        "Selling General And Administration": NaN,
        "General And Administrative Expense": NaN,
        "Other Gand A": NaN,
        "Rent And Landing Fees": NaN,
        "Gross Profit": NaN,
        "Cost Of Revenue": NaN,
        "Total Revenue": NaN,
        "Operating Revenue": NaN
    },
    "2023-12-31": {
        "Tax Effect Of Unusual Items": -16387.387387,
        "Tax Rate For Calcs": 0.096396,
        "Normalized EBITDA": 5925000.0,
        "Total Unusual Items": -170000.0,
        "Total Unusual Items Excluding Goodwill": -170000.0,
        "Net Income From Continuing Operation Net Minority Interest": -1003000.0,
        "Reconciled Depreciation": 630000.0,
        "Reconciled Cost Of Revenue": 32308000.0,
        "EBITDA": 5755000.0,
        "EBIT": 5078000.0,
        "Net Interest Income": -6188000.0,
        "Interest Expense": 6188000.0,
        "Normalized Income": -849387.387387,
        "Net Income From Continuing And Discontinued Operation": 997000.0,
        "Total Expenses": 46104000.0,
        "Rent Expense Supplemental": 25481000.0,
        "Total Operating Income As Reported": 4779000.0,
        "Diluted Average Shares": 2341000.0,
        "Basic Average Shares": 2341000.0,
        "Diluted EPS": 0.43,
        "Basic EPS": 0.43,
        "Diluted NI Availto Com Stockholders": 997000.0,
        "Net Income Common Stockholders": 997000.0,
        "Net Income": 997000.0,
        "Net Income Including Noncontrolling Interests": 997000.0,
        "Net Income Discontinuous Operations": 2000000.0,
        "Net Income Continuous Operations": -1003000.0,
        "Tax Provision": -107000.0,
        "Pretax Income": -1110000.0,
        "Other Income Expense": 129000.0,
        "Other Non Operating Income Expenses": 299000.0,
        "Special Income Charges": -170000.0,
        "Impairment Of Capital Assets": 170000.0,
        "Net Non Operating Interest Income Expense": -6188000.0,
        "Interest Expense Non Operating": 6188000.0,
        "Operating Income": 4949000.0,
        "Operating Expense": 13843000.0,
        "Depreciation Amortization Depletion Income Statement": 677000.0,
        "Depreciation And Amortization In Income Statement": 677000.0,
        "Selling General And Administration": 13166000.0,
        "General And Administrative Expense": 13166000.0,
        "Other Gand A": 11772000.0,
        "Rent And Landing Fees": 1394000.0,
        "Gross Profit": 18792000.0,
        "Cost Of Revenue": 32261000.0,
        "Total Revenue": 51053000.0,
        "Operating Revenue": 51053000.0
    },
    "2024-03-31": {
        "Tax Effect Of Unusual Items": 0.0,
        "Tax Rate For Calcs": 0.21,
        "Normalized EBITDA": 4795000.0,
        "Total Unusual Items": 0.0,
        "Total Unusual Items Excluding Goodwill": 0.0,
        "Net Income From Continuing Operation Net Minority Interest": -2421000.0,
        "Reconciled Depreciation": 571000.0,
        "Reconciled Cost Of Revenue": 31513000.0,
        "EBITDA": 4795000.0,
        "EBIT": 3786000.0,
        "Net Interest Income": -6153000.0,
        "Interest Expense": 6153000.0,
        "Normalized Income": -2421000.0,
        "Net Income From Continuing And Discontinued Operation": -2332000.0,
        "Total Expenses": 45097000.0,
        "Rent Expense Supplemental": 25546000.0,
        "Total Operating Income As Reported": 4084000.0,
        "Diluted Average Shares": 2342000.0,
        "Basic Average Shares": 2342000.0,
        "Diluted EPS": -1.0,
        "Basic EPS": -1.0,
        "Diluted NI Availto Com Stockholders": -2332000.0,
        "Net Income Common Stockholders": -2332000.0,
        "Net Income": -2332000.0,
        "Net Income Including Noncontrolling Interests": -2332000.0,
        "Net Income Discontinuous Operations": 89000.0,
        "Net Income Continuous Operations": -2421000.0,
        "Tax Provision": 54000.0,
        "Pretax Income": -2367000.0,
        "Other Income Expense": -298000.0,
        "Other Non Operating Income Expenses": -298000.0,
        "Special Income Charges": 0.0,
        "Impairment Of Capital Assets": 0.0,
        "Net Non Operating Interest Income Expense": -6153000.0,
        "Interest Expense Non Operating": 6153000.0,
        "Operating Income": 4084000.0,
        "Operating Expense": 14022000.0,
        "Depreciation Amortization Depletion Income Statement": 1009000.0,
        "Depreciation And Amortization In Income Statement": 1009000.0,
        "Selling General And Administration": 13013000.0,
        "General And Administrative Expense": 13013000.0,
        "Other Gand A": 11247000.0,
        "Rent And Landing Fees": 1766000.0,
        "Gross Profit": 18106000.0,
        "Cost Of Revenue": 31075000.0,
        "Total Revenue": 49181000.0,
        "Operating Revenue": 49181000.0
    },
    "2024-06-30": {
        "Tax Effect Of Unusual Items": 1088720.105665,
        "Tax Rate For Calcs": 0.011584,
        "Normalized EBITDA": 7137000.0,
        "Total Unusual Items": 93983000.0,
        "Total Unusual Items Excluding Goodwill": 93983000.0,
        "Net Income From Continuing Operation Net Minority Interest": 91297000.0,
        "Reconciled Depreciation": 1827000.0,
        "Reconciled Cost Of Revenue": 29421000.0,
        "EBITDA": 101120000.0,
        "EBIT": 99231000.0,
        "Net Interest Income": -6864000.0,
        "Interest Expense": 6864000.0,
        "Normalized Income": -1597279.894335,
        "Net Income From Continuing And Discontinued Operation": 91201000.0,
        "Total Expenses": 44155000.0,
        "Rent Expense Supplemental": 23992000.0,
        "Total Operating Income As Reported": 4593000.0,
        "Diluted Average Shares": NaN,
        "Basic Average Shares": NaN,
        "Diluted EPS": NaN,
        "Basic EPS": NaN,
        "Diluted NI Availto Com Stockholders": 91201000.0,
        "Net Income Common Stockholders": 91201000.0,
        "Net Income": 91201000.0,
        "Net Income Including Noncontrolling Interests": 91201000.0,
        "Net Income Discontinuous Operations": -96000.0,
        "Net Income Continuous Operations": 91297000.0,
        "Tax Provision": 1070000.0,
        "Pretax Income": 92367000.0,
        "Other Income Expense": 94010000.0,
        "Other Non Operating Income Expenses": 27000.0,
        "Special Income Charges": 93983000.0,
        "Impairment Of Capital Assets": 628000.0,
        "Net Non Operating Interest Income Expense": -6864000.0,
        "Interest Expense Non Operating": 6864000.0,
        "Operating Income": 5221000.0,
        "Operating Expense": 14796000.0,
        "Depreciation Amortization Depletion Income Statement": 1889000.0,
        "Depreciation And Amortization In Income Statement": 1889000.0,
        "Selling General And Administration": 12907000.0,
        "General And Administrative Expense": 12907000.0,
        "Other Gand A": 11639000.0,
        "Rent And Landing Fees": 1268000.0,
        "Gross Profit": 20017000.0,
        "Cost Of Revenue": 29359000.0,
        "Total Revenue": 49376000.0,
        "Operating Revenue": 49376000.0
    },
    "2024-09-30": {
        "Tax Effect Of Unusual Items": -39072.0,
        "Tax Rate For Calcs": 0.111,
        "Normalized EBITDA": 3609000.0,
        "Total Unusual Items": -352000.0,
        "Total Unusual Items Excluding Goodwill": -352000.0,
        "Net Income From Continuing Operation Net Minority Interest": -1810000.0,
        "Reconciled Depreciation": 425000.0,
        "Reconciled Cost Of Revenue": 28051000.0,
        "EBITDA": 3257000.0,
        "EBIT": 2811000.0,
        "Net Interest Income": -4846000.0,
        "Interest Expense": 4846000.0,
        "Normalized Income": -1497072.0,
        "Net Income From Continuing And Discontinued Operation": -853000.0,
        "Total Expenses": 43574000.0,
        "Rent Expense Supplemental": 22700000.0,
        "Total Operating Income As Reported": 2134000.0,
        "Diluted Average Shares": 2343000.0,
        "Basic Average Shares": 2343000.0,
        "Diluted EPS": -0.36,
        "Basic EPS": -0.36,
        "Diluted NI Availto Com Stockholders": -853000.0,
        "Net Income Common Stockholders": -853000.0,
        "Net Income": -853000.0,
        "Net Income Including Noncontrolling Interests": -853000.0,
        "Net Income Discontinuous Operations": 957000.0,
        "Net Income Continuous Operations": -1810000.0,
        "Tax Provision": -225000.0,
        "Pretax Income": -2035000.0,
        "Other Income Expense": 325000.0,
        "Other Non Operating Income Expenses": 677000.0,
        "Special Income Charges": -352000.0,
        "Impairment Of Capital Assets": 352000.0,
        "Net Non Operating Interest Income Expense": -4846000.0,
        "Interest Expense Non Operating": 4846000.0,
        "Operating Income": 2486000.0,
        "Operating Expense": 15544000.0,
        "Depreciation Amortization Depletion Income Statement": 446000.0,
        "Depreciation And Amortization In Income Statement": 446000.0,
        "Selling General And Administration": 15098000.0,
        "General And Administrative Expense": 15098000.0,
        "Other Gand A": 14034000.0,
        "Rent And Landing Fees": 1064000.0,
        "Gross Profit": 18030000.0,
        "Cost Of Revenue": 28030000.0,
        "Total Revenue": 46060000.0,
        "Operating Revenue": 46060000.0
    },
    "2024-12-31": {
        "Tax Effect Of Unusual Items": 0.0,
        "Tax Rate For Calcs": 0.397661,
        "Normalized EBITDA": 5650000.0,
        "Total Unusual Items": 0.0,
        "Total Unusual Items Excluding Goodwill": 0.0,
        "Net Income From Continuing Operation Net Minority Interest": 206000.0,
        "Reconciled Depreciation": 428000.0,
        "Reconciled Cost Of Revenue": 27490000.0,
        "EBITDA": 5650000.0,
        "EBIT": 5190000.0,
        "Net Interest Income": -4848000.0,
        "Interest Expense": 4848000.0,
        "Normalized Income": 206000.0,
        "Net Income From Continuing And Discontinued Operation": 7645000.0,
        "Total Expenses": 41222000.0,
        "Rent Expense Supplemental": 22171000.0,
        "Total Operating Income As Reported": 5497000.0,
        "Diluted Average Shares": 2825000.0,
        "Basic Average Shares": 2324000.0,
        "Diluted EPS": 2.71,
        "Basic EPS": 3.29,
        "Diluted NI Availto Com Stockholders": 7645000.0,
        "Net Income Common Stockholders": 7645000.0,
        "Net Income": 7645000.0,
        "Net Income Including Noncontrolling Interests": 7645000.0,
        "Net Income Discontinuous Operations": 7439000.0,
        "Net Income Continuous Operations": 206000.0,
        "Tax Provision": 136000.0,
        "Pretax Income": 342000.0,
        "Other Income Expense": -307000.0,
        "Other Non Operating Income Expenses": -307000.0,
        "Special Income Charges": 0.0,
        "Impairment Of Capital Assets": 0.0,
        "Net Non Operating Interest Income Expense": -4848000.0,
        "Interest Expense Non Operating": 4848000.0,
        "Operating Income": 5497000.0,
        "Operating Expense": 13764000.0,
        "Depreciation Amortization Depletion Income Statement": 460000.0,
        "Depreciation And Amortization In Income Statement": 460000.0,
        "Selling General And Administration": 13304000.0,
        "General And Administrative Expense": 13304000.0,
        "Other Gand A": 11155000.0,
        "Rent And Landing Fees": 2149000.0,
        "Gross Profit": 19261000.0,
        "Cost Of Revenue": 27458000.0,
        "Total Revenue": 46719000.0,
        "Operating Revenue": 46719000.0
    }
}