{
    "2023-03-31": {
        "Tax Effect Of Unusual Items": NaN,
        "Tax Rate For Calcs": NaN,
        "Normalized EBITDA": NaN,
        "Total Unusual Items": -3758000.0,
        "Total Unusual Items Excluding Goodwill": -3758000.0,
        "Net Income From Continuing Operation Net Minority Interest": NaN,
        "Reconciled Depreciation": NaN,
        "Reconciled Cost Of Revenue": NaN,
        "EBITDA": NaN,
        "EBIT": NaN,
        "Net Interest Income": NaN,
        "Interest Expense": NaN,
        "Interest Income": NaN,
        "Normalized Income": NaN,
        "Net Income From Continuing And Discontinued Operation": NaN,
        "Total Expenses": NaN,
        "Rent Expense Supplemental": NaN,
        "Total Operating Income As Reported": NaN,
        "Diluted Average Shares": NaN,
        "Basic Average Shares": NaN,
        "Diluted EPS": NaN,
        "Basic EPS": NaN,
        "Diluted NI Availto Com Stockholders": NaN,
        "Net Income Common Stockholders": NaN,
        "Net Income": NaN,
        "Minority Interests": NaN,
        "Net Income Including Noncontrolling Interests": NaN,
        "Net Income Continuous Operations": NaN,
        "Tax Provision": NaN,
        "Pretax Income": NaN,
        "Other Income Expense": NaN,
        "Other Non Operating Income Expenses": NaN,
        "Special Income Charges": -3758000.0,
        "Gain On Sale Of Business": -3000.0,
        "Other Special Charges": 3093000.0,
        "Write Off": 662000.0,
        "Net Non Operating Interest Income Expense": NaN,
        "Interest Expense Non Operating": NaN,
        "Interest Income Non Operating": NaN,
        "Operating Income": NaN,
        "Operating Expense": NaN,
        "Other Operating Expenses": NaN,
        "Other Taxes": NaN,
        "Depreciation Amortization Depletion Income Statement": NaN,
        "Depreciation And Amortization In Income Statement": NaN,
        "Selling General And Administration": NaN,
        "Selling And Marketing Expense": NaN,
        "General And Administrative Expense": NaN,
        "Other Gand A": NaN,
        "Insurance And Claims": NaN,
        "Rent And Landing Fees": NaN,
        "Salaries And Wages": NaN,
        "Gross Profit": NaN,
        "Cost Of Revenue": NaN,
        "Total Revenue": NaN,
        "Operating Revenue": NaN
    },
    "2022-12-31": {
        "Tax Effect Of Unusual Items": NaN,
        "Tax Rate For Calcs": NaN,
        "Normalized EBITDA": NaN,
        "Total Unusual Items": NaN,
        "Total Unusual Items Excluding Goodwill": NaN,
        "Net Income From Continuing Operation Net Minority Interest": NaN,
        "Reconciled Depreciation": NaN,
        "Reconciled Cost Of Revenue": NaN,
        "EBITDA": NaN,
        "EBIT": NaN,
        "Net Interest Income": NaN,
        "Interest Expense": NaN,
        "Interest Income": NaN,
        "Normalized Income": NaN,
        "Net Income From Continuing And Discontinued Operation": NaN,
        "Total Expenses": NaN,
        "Rent Expense Supplemental": NaN,
        "Total Operating Income As Reported": NaN,
        "Diluted Average Shares": NaN,
        "Basic Average Shares": NaN,
        "Diluted EPS": NaN,
        "Basic EPS": NaN,
        "Diluted NI Availto Com Stockholders": NaN,
        "Net Income Common Stockholders": NaN,
        "Net Income": NaN,
        "Minority Interests": NaN,
        "Net Income Including Noncontrolling Interests": NaN,
        "Net Income Continuous Operations": NaN,
        "Tax Provision": NaN,
        "Pretax Income": NaN,
        "Other Income Expense": NaN,
        "Other Non Operating Income Expenses": 654000.0,
        "Special Income Charges": NaN,
        "Gain On Sale Of Business": NaN,
        "Other Special Charges": NaN,
        "Write Off": NaN,
        "Net Non Operating Interest Income Expense": NaN,
        "Interest Expense Non Operating": NaN,
        "Interest Income Non Operating": NaN,
        "Operating Income": NaN,
        "Operating Expense": NaN,
        "Other Operating Expenses": NaN,
        "Other Taxes": NaN,
        "Depreciation Amortization Depletion Income Statement": NaN,
        "Depreciation And Amortization In Income Statement": NaN,
        "Selling General And Administration": NaN,
        "Selling And Marketing Expense": NaN,
        "General And Administrative Expense": NaN,
        "Other Gand A": NaN,
        "Insurance And Claims": NaN,
        "Rent And Landing Fees": NaN,
        "Salaries And Wages": NaN,
        "Gross Profit": NaN,
        "Cost Of Revenue": NaN,
        "Total Revenue": NaN,
        "Operating Revenue": NaN
    },
    "2022-09-30": {
        "Tax Effect Of Unusual Items": NaN,
        "Tax Rate For Calcs": NaN,
        "Normalized EBITDA": NaN,
        "Total Unusual Items": NaN,
        "Total Unusual Items Excluding Goodwill": NaN,
        "Net Income From Continuing Operation Net Minority Interest": NaN,
        "Reconciled Depreciation": NaN,
        "Reconciled Cost Of Revenue": NaN,
        "EBITDA": NaN,
        "EBIT": NaN,
        "Net Interest Income": NaN,
        "Interest Expense": NaN,
        "Interest Income": NaN,
        "Normalized Income": NaN,
        "Net Income From Continuing And Discontinued Operation": NaN,
        "Total Expenses": NaN,
        "Rent Expense Supplemental": NaN,
        "Total Operating Income As Reported": NaN,
        "Diluted Average Shares": NaN,
        "Basic Average Shares": NaN,
        "Diluted EPS": NaN,
        "Basic EPS": NaN,
        "Diluted NI Availto Com Stockholders": NaN,
        "Net Income Common Stockholders": NaN,
        "Net Income": NaN,
        "Minority Interests": NaN,
        "Net Income Including Noncontrolling Interests": NaN,
        "Net Income Continuous Operations": NaN,
        "Tax Provision": NaN,
        "Pretax Income": NaN,
        "Other Income Expense": NaN,
        "Other Non Operating Income Expenses": 137000.0,
        "Special Income Charges": NaN,
        "Gain On Sale Of Business": NaN,
        "Other Special Charges": NaN,
        "Write Off": 166000.0,
        "Net Non Operating Interest Income Expense": NaN,
        "Interest Expense Non Operating": NaN,
        "Interest Income Non Operating": NaN,
        "Operating Income": NaN,
        "Operating Expense": NaN,
        "Other Operating Expenses": NaN,
        "Other Taxes": NaN,
        "Depreciation Amortization Depletion Income Statement": NaN,
        "Depreciation And Amortization In Income Statement": NaN,
        "Selling General And Administration": NaN,
        "Selling And Marketing Expense": NaN,
        "General And Administrative Expense": NaN,
        "Other Gand A": NaN,
        "Insurance And Claims": NaN,
        "Rent And Landing Fees": NaN,
        "Salaries And Wages": NaN,
        "Gross Profit": NaN,
        "Cost Of Revenue": NaN,
        "Total Revenue": NaN,
        "Operating Revenue": NaN
    },
    "2022-06-30": {
        "Tax Effect Of Unusual Items": -308424.0,
        "Tax Rate For Calcs": 0.213,
        "Normalized EBITDA": 24750000.0,
        "Total Unusual Items": -1448000.0,
        "Total Unusual Items Excluding Goodwill": -1448000.0,
        "Net Income From Continuing Operation Net Minority Interest": 13902000.0,
        "Reconciled Depreciation": 2565000.0,
        "Reconciled Cost Of Revenue": 26569000.0,
        "EBITDA": 23302000.0,
        "EBIT": 20737000.0,
        "Net Interest Income": -2925000.0,
        "Interest Expense": 3028000.0,
        "Interest Income": 103000.0,
        "Normalized Income": 15041576.0,
        "Net Income From Continuing And Discontinued Operation": 13902000.0,
        "Total Expenses": 48706000.0,
        "Rent Expense Supplemental": 1736000.0,
        "Total Operating Income As Reported": 20507000.0,
        "Diluted Average Shares": 9389675.0,
        "Basic Average Shares": 9389675.0,
        "Diluted EPS": 1.48,
        "Basic EPS": 1.48,
        "Diluted NI Availto Com Stockholders": 13902000.0,
        "Net Income Common Stockholders": 13902000.0,
        "Net Income": 13902000.0,
        "Minority Interests": -40000.0,
        "Net Income Including Noncontrolling Interests": 13942000.0,
        "Net Income Continuous Operations": 13942000.0,
        "Tax Provision": 3767000.0,
        "Pretax Income": 17709000.0,
        "Other Income Expense": -1374000.0,
        "Other Non Operating Income Expenses": 74000.0,
        "Special Income Charges": -1448000.0,
        "Gain On Sale Of Business": 266000.0,
        "Other Special Charges": -8000.0,
        "Write Off": 1722000.0,
        "Net Non Operating Interest Income Expense": -2925000.0,
        "Interest Expense Non Operating": 3028000.0,
        "Interest Income Non Operating": 103000.0,
        "Operating Income": 22008000.0,
        "Operating Expense": 22137000.0,
        "Other Operating Expenses": 960000.0,
        "Other Taxes": 2418000.0,
        "Depreciation Amortization Depletion Income Statement": 2565000.0,
        "Depreciation And Amortization In Income Statement": 2565000.0,
        "Selling General And Administration": 16194000.0,
        "Selling And Marketing Expense": 2460000.0,
        "General And Administrative Expense": 13734000.0,
        "Other Gand A": 8436000.0,
        "Insurance And Claims": 2481000.0,
        "Rent And Landing Fees": 1736000.0,
        "Salaries And Wages": 1081000.0,
        "Gross Profit": 44145000.0,
        "Cost Of Revenue": 26569000.0,
        "Total Revenue": 70714000.0,
        "Operating Revenue": 66756000.0
    },
    "2022-03-31": {
        "Diluted EPS": 1.15,
        "Total Revenue": 64,
        "Gross Profit": 55,
        "Operating Income": 17,
        "EBIT": 20,
        "Net Income": 11
    },
    "2021-12-31": {
        "Diluted EPS": 1.12,
        "Total Revenue": 62,
        "Gross Profit": 53,
        "Operating Income": 16,
        "EBIT": 18,
        "Net Income": 11
    },
    "2021-09-30": {
        "Diluted EPS": 0.25,
        "Total Revenue": 55,
        "Gross Profit": 47,
        "Operating Income": 4,
        "EBIT": 6,
        "Net Income": 2
    },
    "2021-06-30": {
        "Diluted EPS": 1.37,
        "Total Revenue": 58,
        "Gross Profit": 49,
        "Operating Income": 19,
        "EBIT": 21,
        "Net Income": 12
    },
    "2021-03-31": {
        "Diluted EPS": 0.68,
        "Total Revenue": 44,
        "Gross Profit": 37,
        "Operating Income": 10,
        "EBIT": 12,
        "Net Income": 6
    },
    "2020-12-31": {
        "Diluted EPS": 1.07,
        "Total Revenue": 38,
        "Gross Profit": 32,
        "Operating Income": 7,
        "EBIT": 9,
        "Net Income": 10
    },
    "2020-09-30": {
        "Diluted EPS": -0.29,
        "Total Revenue": 29,
        "Gross Profit": 24,
        "Operating Income": 0,
        "EBIT": 2,
        "Net Income": -3
    },
    "2020-06-30": {
        "Diluted EPS": -0.6,
        "Total Revenue": 15,
        "Gross Profit": 12,
        "Operating Income": -5,
        "EBIT": -2,
        "Net Income": -5
    },
    "2020-03-31": {
        "Diluted EPS": -0.37,
        "Total Revenue": 40,
        "Gross Profit": 35,
        "Operating Income": -2,
        "EBIT": 0,
        "Net Income": -3
    },
    "2019-12-31": {
        "Diluted EPS": 0.6,
        "Total Revenue": 48,
        "Gross Profit": 42,
        "Operating Income": 10,
        "EBIT": 12,
        "Net Income": 6
    },
    "2019-09-30": {
        "Diluted EPS": 0.16,
        "Total Revenue": 45,
        "Gross Profit": 39,
        "Operating Income": 2,
        "EBIT": 5,
        "Net Income": 2
    },
    "2019-06-30": {
        "Diluted EPS": 0.59,
        "Total Revenue": 47,
        "Gross Profit": 40,
        "Operating Income": 10,
        "EBIT": 13,
        "Net Income": 6
    },
    "2019-03-31": {
        "Diluted EPS": 0.7,
        "Total Revenue": 45,
        "Gross Profit": 39,
        "Operating Income": 11,
        "EBIT": 13,
        "Net Income": 7
    },
    "2018-12-31": {
        "Diluted EPS": 0.65,
        "Total Revenue": 44,
        "Gross Profit": 38,
        "Operating Income": 11,
        "EBIT": 13,
        "Net Income": 6
    },
    "2018-09-30": {
        "Diluted EPS": -0.35,
        "Total Revenue": 41,
        "Gross Profit": 35,
        "Operating Income": 1,
        "EBIT": 3,
        "Net Income": -4
    },
    "2018-06-30": {
        "Diluted EPS": 0.55,
        "Total Revenue": 43,
        "Gross Profit": 37,
        "Operating Income": 9,
        "EBIT": 12,
        "Net Income": 5
    },
    "2018-03-31": {
        "Diluted EPS": 0.48,
        "Total Revenue": 41,
        "Gross Profit": 36,
        "Operating Income": 8,
        "EBIT": 10,
        "Net Income": 5
    },
    "2017-12-31": {
        "Diluted EPS": 1.47,
        "Total Revenue": 41,
        "Gross Profit": 35,
        "Operating Income": 9,
        "EBIT": 11,
        "Net Income": 14
    },
    "2017-09-30": {
        "Diluted EPS": -0.24,
        "Total Revenue": 39,
        "Gross Profit": 34,
        "Operating Income": 1,
        "EBIT": 3,
        "Net Income": -2
    },
    "2017-06-30": {
        "Diluted EPS": 0.4,
        "Total Revenue": 37,
        "Gross Profit": 32,
        "Operating Income": 8,
        "EBIT": 10,
        "Net Income": 4
    },
    "2017-03-31": {
        "Diluted EPS": 0.39,
        "Total Revenue": 35,
        "Gross Profit": 30,
        "Operating Income": 7,
        "EBIT": 9,
        "Net Income": 4
    },
    "2016-12-31": {
        "Diluted EPS": 0.3,
        "Total Revenue": 34,
        "Gross Profit": 29,
        "Operating Income": 6,
        "EBIT": 8,
        "Net Income": 3
    },
    "2016-09-30": {
        "Diluted EPS": 0.05,
        "Total Revenue": 33,
        "Gross Profit": 28,
        "Operating Income": 1,
        "EBIT": 3,
        "Net Income": 1
    },
    "2016-06-30": {
        "Diluted EPS": 0.27,
        "Total Revenue": 34,
        "Gross Profit": 29,
        "Operating Income": 7,
        "EBIT": 8,
        "Net Income": 3
    },
    "2016-03-31": {
        "Diluted EPS": 0.54,
        "Total Revenue": 34,
        "Gross Profit": 29,
        "Operating Income": 8,
        "EBIT": 9,
        "Net Income": 6
    },
    "2015-12-31": {
        "Diluted EPS": 0.25,
        "Total Revenue": 33,
        "Gross Profit": 28,
        "Operating Income": 6,
        "EBIT": 8,
        "Net Income": 3
    },
    "2015-09-30": {
        "Diluted EPS": 0.07,
        "Total Revenue": 33,
        "Gross Profit": 28,
        "Operating Income": 3,
        "EBIT": 5,
        "Net Income": 0
    },
    "2015-06-30": {
        "Diluted EPS": 0.78,
        "Total Revenue": 33,
        "Gross Profit": 28,
        "Operating Income": 14,
        "EBIT": 16,
        "Net Income": 8
    },
    "2015-03-31": {
        "Diluted EPS": -0.28,
        "Total Revenue": 35,
        "Gross Profit": 30,
        "Operating Income": -3,
        "EBIT": -1,
        "Net Income": -3
    },
    "2014-12-31": {
        "Diluted EPS": 0.32,
        "Total Revenue": 34,
        "Gross Profit": 29,
        "Operating Income": 6,
        "EBIT": 8,
        "Net Income": 3
    },
    "2014-09-30": {
        "Diluted EPS": 0.44,
        "Total Revenue": 26,
        "Gross Profit": 21,
        "Operating Income": 3,
        "EBIT": 5,
        "Net Income": 4
    },
    "2014-06-30": {
        "Diluted EPS": 0.07,
        "Total Revenue": 33,
        "Gross Profit": 29,
        "Operating Income": 3,
        "EBIT": 4,
        "Net Income": 1
    },
    "2014-03-31": {
        "Diluted EPS": 0.37,
        "Total Revenue": 33,
        "Gross Profit": 29,
        "Operating Income": 7,
        "EBIT": 9,
        "Net Income": 4
    },
    "2013-12-31": {
        "Diluted EPS": 0.25,
        "Total Revenue": 29,
        "Gross Profit": 26,
        "Operating Income": 6,
        "EBIT": 7,
        "Net Income": 2
    },
    "2013-09-30": {
        "Diluted EPS": 0.16,
        "Total Revenue": 28,
        "Gross Profit": 24,
        "Operating Income": 4,
        "EBIT": 6,
        "Net Income": 2
    },
    "2013-06-30": {
        "Diluted EPS": 0.23,
        "Total Revenue": 28,
        "Gross Profit": 25,
        "Operating Income": 5,
        "EBIT": 7,
        "Net Income": 2
    },
    "2013-03-31": {
        "Diluted EPS": 0.29,
        "Total Revenue": 29,
        "Gross Profit": 25,
        "Operating Income": 6,
        "EBIT": 8,
        "Net Income": 3
    },
    "2012-12-31": {
        "Diluted EPS": 0.28,
        "Total Revenue": 27,
        "Gross Profit": 24,
        "Operating Income": 6,
        "EBIT": 7,
        "Net Income": 3
    },
    "2012-09-30": {
        "Diluted EPS": 0.14,
        "Total Revenue": 24,
        "Gross Profit": 21,
        "Operating Income": 3,
        "EBIT": 5,
        "Net Income": 1
    },
    "2012-06-30": {
        "Diluted EPS": 0.19,
        "Total Revenue": 24,
        "Gross Profit": 21,
        "Operating Income": 4,
        "EBIT": 5,
        "Net Income": 2
    },
    "2012-03-31": {
        "Diluted EPS": 0.22,
        "Total Revenue": 25,
        "Gross Profit": 22,
        "Operating Income": 4,
        "EBIT": 6,
        "Net Income": 2
    },
    "2011-12-31": {
        "Diluted EPS": 0.23,
        "Total Revenue": 22,
        "Gross Profit": 19,
        "Operating Income": 4,
        "EBIT": 6,
        "Net Income": 2
    },
    "2011-09-30": {
        "Diluted EPS": 0.2,
        "Total Revenue": 21,
        "Gross Profit": 19,
        "Operating Income": 4,
        "EBIT": 5,
        "Net Income": 2
    },
    "2011-06-30": {
        "Diluted EPS": 0.09,
        "Total Revenue": 21,
        "Gross Profit": 18,
        "Operating Income": 4,
        "EBIT": 5,
        "Net Income": 1
    },
    "2011-03-31": {
        "Diluted EPS": 0.29,
        "Total Revenue": 22,
        "Gross Profit": 19,
        "Operating Income": 6,
        "EBIT": 7,
        "Net Income": 3
    },
    "2010-12-31": {
        "Diluted EPS": 0.21,
        "Total Revenue": 20,
        "Gross Profit": 17,
        "Operating Income": 4,
        "EBIT": 5,
        "Net Income": 2
    },
    "2010-09-30": {
        "Diluted EPS": -1.3,
        "Total Revenue": 14,
        "Gross Profit": 12,
        "Operating Income": 0,
        "EBIT": 1,
        "Net Income": -13
    },
    "2010-06-30": {
        "Diluted EPS": 0.09,
        "Total Revenue": 18,
        "Gross Profit": 16,
        "Operating Income": 4,
        "EBIT": 4,
        "Net Income": 1
    },
    "2010-03-31": {
        "Diluted EPS": 0.31,
        "Total Revenue": 22,
        "Gross Profit": 20,
        "Operating Income": 5,
        "EBIT": 6,
        "Net Income": 3
    },
    "2009-12-31": {
        "Diluted EPS": 0.08,
        "Total Revenue": 20,
        "Gross Profit": 18,
        "Operating Income": 2,
        "EBIT": 3,
        "Net Income": 1
    },
    "2009-09-30": {
        "Diluted EPS": 0.19,
        "Total Revenue": 9,
        "Gross Profit": 8,
        "Operating Income": 7,
        "EBIT": 7,
        "Net Income": 2
    },
    "2009-06-30": {
        "Diluted EPS": 0.19,
        "Total Revenue": 21,
        "Gross Profit": 19,
        "Operating Income": 4,
        "EBIT": 5,
        "Net Income": 2
    },
    "2009-03-31": {
        "Diluted EPS": 0.09,
        "Total Revenue": 18,
        "Gross Profit": 16,
        "Operating Income": 2,
        "EBIT": 3,
        "Net Income": 1
    },
    "2023-06-30": {
        "Tax Effect Of Unusual Items": NaN,
        "Tax Rate For Calcs": NaN,
        "Normalized EBITDA": NaN,
        "Total Unusual Items": NaN,
        "Total Unusual Items Excluding Goodwill": NaN,
        "Net Income From Continuing Operation Net Minority Interest": NaN,
        "Reconciled Depreciation": NaN,
        "Reconciled Cost Of Revenue": NaN,
        "EBITDA": NaN,
        "EBIT": NaN,
        "Net Interest Income": NaN,
        "Interest Expense": NaN,
        "Interest Income": NaN,
        "Normalized Income": NaN,
        "Net Income From Continuing And Discontinued Operation": NaN,
        "Total Expenses": NaN,
        "Rent Expense Supplemental": NaN,
        "Total Operating Income As Reported": NaN,
        "Diluted Average Shares": NaN,
        "Basic Average Shares": NaN,
        "Diluted EPS": NaN,
        "Basic EPS": NaN,
        "Diluted NI Availto Com Stockholders": NaN,
        "Net Income Common Stockholders": NaN,
        "Net Income": NaN,
        "Minority Interests": NaN,
        "Net Income Including Noncontrolling Interests": NaN,
        "Net Income Continuous Operations": NaN,
        "Tax Provision": NaN,
        "Pretax Income": NaN,
        "Other Income Expense": NaN,
        "Other Non Operating Income Expenses": NaN,
        "Special Income Charges": NaN,
        "Gain On Sale Of Business": NaN,
        "Other Special Charges": NaN,
        "Write Off": 2631000.0,
        "Net Non Operating Interest Income Expense": NaN,
        "Interest Expense Non Operating": NaN,
        "Interest Income Non Operating": NaN,
        "Operating Income": NaN,
        "Operating Expense": NaN,
        "Other Operating Expenses": NaN,
        "Other Taxes": NaN,
        "Depreciation Amortization Depletion Income Statement": NaN,
        "Depreciation And Amortization In Income Statement": NaN,
        "Selling General And Administration": NaN,
        "Selling And Marketing Expense": NaN,
        "General And Administrative Expense": NaN,
        "Other Gand A": NaN,
        "Insurance And Claims": NaN,
        "Rent And Landing Fees": NaN,
        "Salaries And Wages": NaN,
        "Gross Profit": NaN,
        "Cost Of Revenue": NaN,
        "Total Revenue": NaN,
        "Operating Revenue": NaN
    },
    "2023-09-30": {
        "Tax Effect Of Unusual Items": NaN,
        "Tax Rate For Calcs": NaN,
        "Normalized EBITDA": NaN,
        "Total Unusual Items": NaN,
        "Total Unusual Items Excluding Goodwill": NaN,
        "Net Income From Continuing Operation Net Minority Interest": NaN,
        "Reconciled Depreciation": NaN,
        "Reconciled Cost Of Revenue": NaN,
        "EBITDA": NaN,
        "EBIT": NaN,
        "Net Interest Income": NaN,
        "Interest Expense": NaN,
        "Interest Income": NaN,
        "Normalized Income": NaN,
        "Net Income From Continuing And Discontinued Operation": NaN,
        "Total Expenses": NaN,
        "Rent Expense Supplemental": NaN,
        "Total Operating Income As Reported": NaN,
        "Diluted Average Shares": NaN,
        "Basic Average Shares": NaN,
        "Diluted EPS": NaN,
        "Basic EPS": NaN,
        "Diluted NI Availto Com Stockholders": NaN,
        "Net Income Common Stockholders": NaN,
        "Net Income": NaN,
        "Minority Interests": NaN,
        "Net Income Including Noncontrolling Interests": NaN,
        "Net Income Continuous Operations": NaN,
        "Tax Provision": NaN,
        "Pretax Income": NaN,
        "Other Income Expense": NaN,
        "Other Non Operating Income Expenses": NaN,
        "Special Income Charges": NaN,
        "Gain On Sale Of Business": NaN,
        "Other Special Charges": NaN,
        "Write Off": 9336000.0,
        "Net Non Operating Interest Income Expense": NaN,
        "Interest Expense Non Operating": NaN,
        "Interest Income Non Operating": NaN,
        "Operating Income": NaN,
        "Operating Expense": NaN,
        "Other Operating Expenses": NaN,
        "Other Taxes": NaN,
        "Depreciation Amortization Depletion Income Statement": NaN,
        "Depreciation And Amortization In Income Statement": NaN,
        "Selling General And Administration": NaN,
        "Selling And Marketing Expense": NaN,
        "General And Administrative Expense": NaN,
        "Other Gand A": NaN,
        "Insurance And Claims": NaN,
        "Rent And Landing Fees": NaN,
        "Salaries And Wages": NaN,
        "Gross Profit": NaN,
        "Cost Of Revenue": NaN,
        "Total Revenue": NaN,
        "Operating Revenue": NaN
    },
    "2023-12-31": {
        "Tax Effect Of Unusual Items": NaN,
        "Tax Rate For Calcs": NaN,
        "Normalized EBITDA": NaN,
        "Total Unusual Items": NaN,
        "Total Unusual Items Excluding Goodwill": NaN,
        "Net Income From Continuing Operation Net Minority Interest": NaN,
        "Reconciled Depreciation": NaN,
        "Reconciled Cost Of Revenue": NaN,
        "EBITDA": NaN,
        "EBIT": NaN,
        "Net Interest Income": NaN,
        "Interest Expense": NaN,
        "Interest Income": NaN,
        "Normalized Income": NaN,
        "Net Income From Continuing And Discontinued Operation": NaN,
        "Total Expenses": NaN,
        "Rent Expense Supplemental": NaN,
        "Total Operating Income As Reported": NaN,
        "Diluted Average Shares": NaN,
        "Basic Average Shares": NaN,
        "Diluted EPS": NaN,
        "Basic EPS": NaN,
        "Diluted NI Availto Com Stockholders": NaN,
        "Net Income Common Stockholders": NaN,
        "Net Income": NaN,
        "Minority Interests": NaN,
        "Net Income Including Noncontrolling Interests": NaN,
        "Net Income Continuous Operations": NaN,
        "Tax Provision": NaN,
        "Pretax Income": NaN,
        "Other Income Expense": NaN,
        "Other Non Operating Income Expenses": 3000.0,
        "Special Income Charges": NaN,
        "Gain On Sale Of Business": NaN,
        "Other Special Charges": NaN,
        "Write Off": NaN,
        "Net Non Operating Interest Income Expense": NaN,
        "Interest Expense Non Operating": NaN,
        "Interest Income Non Operating": NaN,
        "Operating Income": NaN,
        "Operating Expense": NaN,
        "Other Operating Expenses": NaN,
        "Other Taxes": NaN,
        "Depreciation Amortization Depletion Income Statement": NaN,
        "Depreciation And Amortization In Income Statement": NaN,
        "Selling General And Administration": NaN,
        "Selling And Marketing Expense": NaN,
        "General And Administrative Expense": NaN,
        "Other Gand A": NaN,
        "Insurance And Claims": NaN,
        "Rent And Landing Fees": NaN,
        "Salaries And Wages": NaN,
        "Gross Profit": NaN,
        "Cost Of Revenue": NaN,
        "Total Revenue": NaN,
        "Operating Revenue": NaN
    },
    "2024-03-31": {
        "Tax Effect Of Unusual Items": NaN,
        "Tax Rate For Calcs": NaN,
        "Normalized EBITDA": NaN,
        "Total Unusual Items": NaN,
        "Total Unusual Items Excluding Goodwill": NaN,
        "Net Income From Continuing Operation Net Minority Interest": NaN,
        "Reconciled Depreciation": NaN,
        "Reconciled Cost Of Revenue": NaN,
        "EBITDA": NaN,
        "EBIT": NaN,
        "Net Interest Income": NaN,
        "Interest Expense": NaN,
        "Interest Income": NaN,
        "Normalized Income": NaN,
        "Net Income From Continuing And Discontinued Operation": NaN,
        "Total Expenses": NaN,
        "Rent Expense Supplemental": NaN,
        "Total Operating Income As Reported": NaN,
        "Diluted Average Shares": NaN,
        "Basic Average Shares": NaN,
        "Diluted EPS": NaN,
        "Basic EPS": NaN,
        "Diluted NI Availto Com Stockholders": NaN,
        "Net Income Common Stockholders": NaN,
        "Net Income": NaN,
        "Minority Interests": NaN,
        "Net Income Including Noncontrolling Interests": NaN,
        "Net Income Continuous Operations": NaN,
        "Tax Provision": NaN,
        "Pretax Income": NaN,
        "Other Income Expense": NaN,
        "Other Non Operating Income Expenses": NaN,
        "Special Income Charges": NaN,
        "Gain On Sale Of Business": NaN,
        "Other Special Charges": NaN,
        "Write Off": 8033000.0,
        "Net Non Operating Interest Income Expense": NaN,
        "Interest Expense Non Operating": NaN,
        "Interest Income Non Operating": NaN,
        "Operating Income": NaN,
        "Operating Expense": NaN,
        "Other Operating Expenses": NaN,
        "Other Taxes": NaN,
        "Depreciation Amortization Depletion Income Statement": NaN,
        "Depreciation And Amortization In Income Statement": NaN,
        "Selling General And Administration": NaN,
        "Selling And Marketing Expense": NaN,
        "General And Administrative Expense": NaN,
        "Other Gand A": NaN,
        "Insurance And Claims": NaN,
        "Rent And Landing Fees": NaN,
        "Salaries And Wages": NaN,
        "Gross Profit": NaN,
        "Cost Of Revenue": NaN,
        "Total Revenue": NaN,
        "Operating Revenue": NaN
    },
    "2024-06-30": {
        "Tax Effect Of Unusual Items": -3917959.674992,
        "Tax Rate For Calcs": 0.214565,
        "Normalized EBITDA": 19755000.0,
        "Total Unusual Items": -18260000.0,
        "Total Unusual Items Excluding Goodwill": -18260000.0,
        "Net Income From Continuing Operation Net Minority Interest": -5233000.0,
        "Reconciled Depreciation": 3901000.0,
        "Reconciled Cost Of Revenue": 31498000.0,
        "EBITDA": 1495000.0,
        "EBIT": -2406000.0,
        "Net Interest Income": -4110000.0,
        "Interest Expense": 4240000.0,
        "Interest Income": 130000.0,
        "Normalized Income": 9109040.325008,
        "Net Income From Continuing And Discontinued Operation": -5233000.0,
        "Total Expenses": 60456000.0,
        "Rent Expense Supplemental": 1793000.0,
        "Total Operating Income As Reported": -2536000.0,
        "Diluted Average Shares": 9278921.0,
        "Basic Average Shares": 9278921.0,
        "Diluted EPS": -0.56,
        "Basic EPS": -0.56,
        "Diluted NI Availto Com Stockholders": -5233000.0,
        "Net Income Common Stockholders": -5233000.0,
        "Net Income": -5233000.0,
        "Minority Interests": -13000.0,
        "Net Income Including Noncontrolling Interests": -5220000.0,
        "Net Income Continuous Operations": -5220000.0,
        "Tax Provision": -1426000.0,
        "Pretax Income": -6646000.0,
        "Other Income Expense": -18260000.0,
        "Other Non Operating Income Expenses": NaN,
        "Special Income Charges": -18260000.0,
        "Gain On Sale Of Business": -188000.0,
        "Other Special Charges": 141000.0,
        "Write Off": 17931000.0,
        "Net Non Operating Interest Income Expense": -4110000.0,
        "Interest Expense Non Operating": 4240000.0,
        "Interest Income Non Operating": 130000.0,
        "Operating Income": 15724000.0,
        "Operating Expense": 28958000.0,
        "Other Operating Expenses": 1154000.0,
        "Other Taxes": 4575000.0,
        "Depreciation Amortization Depletion Income Statement": 3901000.0,
        "Depreciation And Amortization In Income Statement": 3901000.0,
        "Selling General And Administration": 19328000.0,
        "Selling And Marketing Expense": 3072000.0,
        "General And Administrative Expense": 16256000.0,
        "Other Gand A": 10809000.0,
        "Insurance And Claims": 3183000.0,
        "Rent And Landing Fees": 1793000.0,
        "Salaries And Wages": 471000.0,
        "Gross Profit": 44682000.0,
        "Cost Of Revenue": 31498000.0,
        "Total Revenue": 76180000.0,
        "Operating Revenue": 71446000.0
    },
    "2024-09-30": {
        "Tax Effect Of Unusual Items": -2124780.0,
        "Tax Rate For Calcs": 0.21,
        "Normalized EBITDA": 17556000.0,
        "Total Unusual Items": -10118000.0,
        "Total Unusual Items Excluding Goodwill": -10118000.0,
        "Net Income From Continuing Operation Net Minority Interest": 244000.0,
        "Reconciled Depreciation": 3757000.0,
        "Reconciled Cost Of Revenue": 31079000.0,
        "EBITDA": 7438000.0,
        "EBIT": 3681000.0,
        "Net Interest Income": -4062000.0,
        "Interest Expense": 4224000.0,
        "Interest Income": 162000.0,
        "Normalized Income": 8237220.0,
        "Net Income From Continuing And Discontinued Operation": 244000.0,
        "Total Expenses": 59597000.0,
        "Rent Expense Supplemental": 1697000.0,
        "Total Operating Income As Reported": 3519000.0,
        "Diluted Average Shares": 9006014.0,
        "Basic Average Shares": 9006014.0,
        "Diluted EPS": 0.03,
        "Basic EPS": 0.03,
        "Diluted NI Availto Com Stockholders": 244000.0,
        "Net Income Common Stockholders": 244000.0,
        "Net Income": 244000.0,
        "Minority Interests": -1000.0,
        "Net Income Including Noncontrolling Interests": 245000.0,
        "Net Income Continuous Operations": 245000.0,
        "Tax Provision": -788000.0,
        "Pretax Income": -543000.0,
        "Other Income Expense": -10118000.0,
        "Other Non Operating Income Expenses": NaN,
        "Special Income Charges": -10118000.0,
        "Gain On Sale Of Business": 2320000.0,
        "Other Special Charges": -115000.0,
        "Write Off": 12553000.0,
        "Net Non Operating Interest Income Expense": -4062000.0,
        "Interest Expense Non Operating": 4224000.0,
        "Interest Income Non Operating": 162000.0,
        "Operating Income": 13637000.0,
        "Operating Expense": 28518000.0,
        "Other Operating Expenses": 1323000.0,
        "Other Taxes": 3593000.0,
        "Depreciation Amortization Depletion Income Statement": 3757000.0,
        "Depreciation And Amortization In Income Statement": 3757000.0,
        "Selling General And Administration": 19845000.0,
        "Selling And Marketing Expense": 2922000.0,
        "General And Administrative Expense": 16923000.0,
        "Other Gand A": 11460000.0,
        "Insurance And Claims": 3296000.0,
        "Rent And Landing Fees": 1697000.0,
        "Salaries And Wages": 470000.0,
        "Gross Profit": 42155000.0,
        "Cost Of Revenue": 31079000.0,
        "Total Revenue": 73234000.0,
        "Operating Revenue": 67963000.0
    },
    "2024-12-31": {
        "Tax Effect Of Unusual Items": 544687.0,
        "Tax Rate For Calcs": 0.169,
        "Normalized EBITDA": 15410000.0,
        "Total Unusual Items": 3223000.0,
        "Total Unusual Items Excluding Goodwill": 3223000.0,
        "Net Income From Continuing Operation Net Minority Interest": 9024000.0,
        "Reconciled Depreciation": 3569000.0,
        "Reconciled Cost Of Revenue": 30045000.0,
        "EBITDA": 18633000.0,
        "EBIT": 15064000.0,
        "Net Interest Income": -3973000.0,
        "Interest Expense": 4152000.0,
        "Interest Income": 179000.0,
        "Normalized Income": 6345687.0,
        "Net Income From Continuing And Discontinued Operation": 9024000.0,
        "Total Expenses": 59821000.0,
        "Rent Expense Supplemental": 1602000.0,
        "Total Operating Income As Reported": 13906000.0,
        "Diluted Average Shares": 8920774.0,
        "Basic Average Shares": 8920774.0,
        "Diluted EPS": 1.01,
        "Basic EPS": 1.01,
        "Diluted NI Availto Com Stockholders": 9024000.0,
        "Net Income Common Stockholders": 9024000.0,
        "Net Income": 9024000.0,
        "Minority Interests": -41000.0,
        "Net Income Including Noncontrolling Interests": 9065000.0,
        "Net Income Continuous Operations": 9065000.0,
        "Tax Provision": 1847000.0,
        "Pretax Income": 10912000.0,
        "Other Income Expense": 3223000.0,
        "Other Non Operating Income Expenses": NaN,
        "Special Income Charges": 3223000.0,
        "Gain On Sale Of Business": 1406000.0,
        "Other Special Charges": -1817000.0,
        "Write Off": NaN,
        "Net Non Operating Interest Income Expense": -3973000.0,
        "Interest Expense Non Operating": 4152000.0,
        "Interest Income Non Operating": 179000.0,
        "Operating Income": 11662000.0,
        "Operating Expense": 29776000.0,
        "Other Operating Expenses": 1203000.0,
        "Other Taxes": 3828000.0,
        "Depreciation Amortization Depletion Income Statement": 3569000.0,
        "Depreciation And Amortization In Income Statement": 3569000.0,
        "Selling General And Administration": 21176000.0,
        "Selling And Marketing Expense": 2962000.0,
        "General And Administrative Expense": 18214000.0,
        "Other Gand A": 10859000.0,
        "Insurance And Claims": 5283000.0,
        "Rent And Landing Fees": 1602000.0,
        "Salaries And Wages": 470000.0,
        "Gross Profit": 41438000.0,
        "Cost Of Revenue": 30045000.0,
        "Total Revenue": 71483000.0,
        "Operating Revenue": 66475000.0
    },
    "2025-03-31": {
        "Tax Effect Of Unusual Items": -533877.0,
        "Tax Rate For Calcs": 0.251,
        "Normalized EBITDA": 14213000.0,
        "Total Unusual Items": -2127000.0,
        "Total Unusual Items Excluding Goodwill": -2127000.0,
        "Net Income From Continuing Operation Net Minority Interest": 3231000.0,
        "Reconciled Depreciation": 3776000.0,
        "Reconciled Cost Of Revenue": 28902000.0,
        "EBITDA": 12086000.0,
        "EBIT": 8310000.0,
        "Net Interest Income": -3909000.0,
        "Interest Expense": 4048000.0,
        "Interest Income": 139000.0,
        "Normalized Income": 4824123.0,
        "Net Income From Continuing And Discontinued Operation": 3231000.0,
        "Total Expenses": 55578000.0,
        "Rent Expense Supplemental": 1537000.0,
        "Total Operating Income As Reported": 8171000.0,
        "Diluted Average Shares": 8861854.0,
        "Basic Average Shares": 8861854.0,
        "Diluted EPS": 0.36,
        "Basic EPS": 0.36,
        "Diluted NI Availto Com Stockholders": 3231000.0,
        "Net Income Common Stockholders": 3231000.0,
        "Net Income": 3231000.0,
        "Minority Interests": 37000.0,
        "Net Income Including Noncontrolling Interests": 3194000.0,
        "Net Income Continuous Operations": 3194000.0,
        "Tax Provision": 1068000.0,
        "Pretax Income": 4262000.0,
        "Other Income Expense": -2127000.0,
        "Other Non Operating Income Expenses": NaN,
        "Special Income Charges": -2127000.0,
        "Gain On Sale Of Business": -220000.0,
        "Other Special Charges": 127000.0,
        "Write Off": 1780000.0,
        "Net Non Operating Interest Income Expense": -3909000.0,
        "Interest Expense Non Operating": 4048000.0,
        "Interest Income Non Operating": 139000.0,
        "Operating Income": 10298000.0,
        "Operating Expense": 26676000.0,
        "Other Operating Expenses": 1288000.0,
        "Other Taxes": 3418000.0,
        "Depreciation Amortization Depletion Income Statement": 3776000.0,
        "Depreciation And Amortization In Income Statement": 3776000.0,
        "Selling General And Administration": 18194000.0,
        "Selling And Marketing Expense": 2601000.0,
        "General And Administrative Expense": 15593000.0,
        "Other Gand A": 11115000.0,
        "Insurance And Claims": 2823000.0,
        "Rent And Landing Fees": 1537000.0,
        "Salaries And Wages": 118000.0,
        "Gross Profit": 36974000.0,
        "Cost Of Revenue": 28902000.0,
        "Total Revenue": 65876000.0,
        "Operating Revenue": 61189000.0
    },
    "2025-06-30": {
        "Tax Effect Of Unusual Items": -360000.417275,
        "Tax Rate For Calcs": 0.152931,
        "Normalized EBITDA": 15071000.0,
        "Total Unusual Items": -2354000.0,
        "Total Unusual Items Excluding Goodwill": -2354000.0,
        "Net Income From Continuing Operation Net Minority Interest": 4058000.0,
        "Reconciled Depreciation": 3892000.0,
        "Reconciled Cost Of Revenue": 30051000.0,
        "EBITDA": 12717000.0,
        "EBIT": 8825000.0,
        "Net Interest Income": -3915000.0,
        "Interest Expense": 4032000.0,
        "Interest Income": 117000.0,
        "Normalized Income": 6051999.582725,
        "Net Income From Continuing And Discontinued Operation": 4058000.0,
        "Total Expenses": 60083000.0,
        "Rent Expense Supplemental": 1607000.0,
        "Total Operating Income As Reported": 8713000.0,
        "Diluted Average Shares": 8793809.0,
        "Basic Average Shares": 8793809.0,
        "Diluted EPS": 0.46,
        "Basic EPS": 0.46,
        "Diluted NI Availto Com Stockholders": 4058000.0,
        "Net Income Common Stockholders": 4058000.0,
        "Net Income": 4058000.0,
        "Minority Interests": -2000.0,
        "Net Income Including Noncontrolling Interests": 4060000.0,
        "Net Income Continuous Operations": 4060000.0,
        "Tax Provision": 733000.0,
        "Pretax Income": 4793000.0,
        "Other Income Expense": -2354000.0,
        "Other Non Operating Income Expenses": NaN,
        "Special Income Charges": -2354000.0,
        "Gain On Sale Of Business": -202000.0,
        "Other Special Charges": 2152000.0,
        "Write Off": 0.0,
        "Net Non Operating Interest Income Expense": -3915000.0,
        "Interest Expense Non Operating": 4032000.0,
        "Interest Income Non Operating": 117000.0,
        "Operating Income": 11062000.0,
        "Operating Expense": 30032000.0,
        "Other Operating Expenses": 1221000.0,
        "Other Taxes": 3418000.0,
        "Depreciation Amortization Depletion Income Statement": 3892000.0,
        "Depreciation And Amortization In Income Statement": 3892000.0,
        "Selling General And Administration": 21501000.0,
        "Selling And Marketing Expense": 2974000.0,
        "General And Administrative Expense": 18527000.0,
        "Other Gand A": 11139000.0,
        "Insurance And Claims": 5389000.0,
        "Rent And Landing Fees": 1607000.0,
        "Salaries And Wages": 392000.0,
        "Gross Profit": 41094000.0,
        "Cost Of Revenue": 30051000.0,
        "Total Revenue": 71145000.0,
        "Operating Revenue": 65986000.0
    }
}