{
    "2023-06-30": {
        "Tax Effect Of Unusual Items": NaN,
        "Tax Rate For Calcs": NaN,
        "Normalized EBITDA": NaN,
        "Total Unusual Items": NaN,
        "Total Unusual Items Excluding Goodwill": NaN,
        "Net Income From Continuing Operation Net Minority Interest": NaN,
        "Reconciled Depreciation": NaN,
        "Reconciled Cost Of Revenue": NaN,
        "EBITDA": NaN,
        "EBIT": NaN,
        "Net Interest Income": NaN,
        "Interest Expense": NaN,
        "Interest Income": NaN,
        "Normalized Income": NaN,
        "Net Income From Continuing And Discontinued Operation": NaN,
        "Total Expenses": NaN,
        "Total Operating Income As Reported": NaN,
        "Diluted Average Shares": 761000000.0,
        "Basic Average Shares": 761000000.0,
        "Diluted EPS": -0.22,
        "Basic EPS": -0.22,
        "Diluted NI Availto Com Stockholders": NaN,
        "Average Dilution Earnings": NaN,
        "Net Income Common Stockholders": NaN,
        "Net Income": NaN,
        "Minority Interests": NaN,
        "Net Income Including Noncontrolling Interests": NaN,
        "Net Income Continuous Operations": NaN,
        "Tax Provision": NaN,
        "Pretax Income": NaN,
        "Other Income Expense": NaN,
        "Other Non Operating Income Expenses": NaN,
        "Special Income Charges": NaN,
        "Gain On Sale Of Ppe": NaN,
        "Other Special Charges": NaN,
        "Write Off": NaN,
        "Impairment Of Capital Assets": 53000000.0,
        "Net Non Operating Interest Income Expense": NaN,
        "Interest Expense Non Operating": NaN,
        "Interest Income Non Operating": NaN,
        "Operating Income": NaN,
        "Operating Expense": NaN,
        "Other Operating Expenses": NaN,
        "Selling General And Administration": NaN,
        "General And Administrative Expense": NaN,
        "Other Gand A": NaN,
        "Gross Profit": NaN,
        "Cost Of Revenue": NaN,
        "Total Revenue": NaN,
        "Operating Revenue": NaN
    },
    "2023-03-31": {
        "Tax Effect Of Unusual Items": NaN,
        "Tax Rate For Calcs": NaN,
        "Normalized EBITDA": NaN,
        "Total Unusual Items": NaN,
        "Total Unusual Items Excluding Goodwill": NaN,
        "Net Income From Continuing Operation Net Minority Interest": NaN,
        "Reconciled Depreciation": NaN,
        "Reconciled Cost Of Revenue": NaN,
        "EBITDA": NaN,
        "EBIT": NaN,
        "Net Interest Income": NaN,
        "Interest Expense": NaN,
        "Interest Income": NaN,
        "Normalized Income": NaN,
        "Net Income From Continuing And Discontinued Operation": NaN,
        "Total Expenses": NaN,
        "Total Operating Income As Reported": NaN,
        "Diluted Average Shares": NaN,
        "Basic Average Shares": NaN,
        "Diluted EPS": NaN,
        "Basic EPS": NaN,
        "Diluted NI Availto Com Stockholders": NaN,
        "Average Dilution Earnings": 0.0,
        "Net Income Common Stockholders": NaN,
        "Net Income": NaN,
        "Minority Interests": NaN,
        "Net Income Including Noncontrolling Interests": NaN,
        "Net Income Continuous Operations": NaN,
        "Tax Provision": NaN,
        "Pretax Income": NaN,
        "Other Income Expense": NaN,
        "Other Non Operating Income Expenses": NaN,
        "Special Income Charges": NaN,
        "Gain On Sale Of Ppe": NaN,
        "Other Special Charges": 32000000.0,
        "Write Off": NaN,
        "Impairment Of Capital Assets": NaN,
        "Net Non Operating Interest Income Expense": NaN,
        "Interest Expense Non Operating": NaN,
        "Interest Income Non Operating": NaN,
        "Operating Income": NaN,
        "Operating Expense": NaN,
        "Other Operating Expenses": NaN,
        "Selling General And Administration": NaN,
        "General And Administrative Expense": NaN,
        "Other Gand A": NaN,
        "Gross Profit": NaN,
        "Cost Of Revenue": NaN,
        "Total Revenue": NaN,
        "Operating Revenue": NaN
    },
    "2022-12-31": {
        "Tax Effect Of Unusual Items": NaN,
        "Tax Rate For Calcs": NaN,
        "Normalized EBITDA": NaN,
        "Total Unusual Items": NaN,
        "Total Unusual Items Excluding Goodwill": NaN,
        "Net Income From Continuing Operation Net Minority Interest": NaN,
        "Reconciled Depreciation": NaN,
        "Reconciled Cost Of Revenue": NaN,
        "EBITDA": NaN,
        "EBIT": NaN,
        "Net Interest Income": NaN,
        "Interest Expense": NaN,
        "Interest Income": NaN,
        "Normalized Income": NaN,
        "Net Income From Continuing And Discontinued Operation": NaN,
        "Total Expenses": NaN,
        "Total Operating Income As Reported": NaN,
        "Diluted Average Shares": NaN,
        "Basic Average Shares": NaN,
        "Diluted EPS": NaN,
        "Basic EPS": NaN,
        "Diluted NI Availto Com Stockholders": NaN,
        "Average Dilution Earnings": NaN,
        "Net Income Common Stockholders": NaN,
        "Net Income": NaN,
        "Minority Interests": NaN,
        "Net Income Including Noncontrolling Interests": NaN,
        "Net Income Continuous Operations": NaN,
        "Tax Provision": NaN,
        "Pretax Income": NaN,
        "Other Income Expense": NaN,
        "Other Non Operating Income Expenses": NaN,
        "Special Income Charges": NaN,
        "Gain On Sale Of Ppe": NaN,
        "Other Special Charges": -1000000.0,
        "Write Off": NaN,
        "Impairment Of Capital Assets": NaN,
        "Net Non Operating Interest Income Expense": NaN,
        "Interest Expense Non Operating": NaN,
        "Interest Income Non Operating": NaN,
        "Operating Income": NaN,
        "Operating Expense": NaN,
        "Other Operating Expenses": NaN,
        "Selling General And Administration": NaN,
        "General And Administrative Expense": NaN,
        "Other Gand A": NaN,
        "Gross Profit": NaN,
        "Cost Of Revenue": NaN,
        "Total Revenue": NaN,
        "Operating Revenue": NaN
    },
    "2022-09-30": {
        "Tax Effect Of Unusual Items": NaN,
        "Tax Rate For Calcs": NaN,
        "Normalized EBITDA": NaN,
        "Total Unusual Items": NaN,
        "Total Unusual Items Excluding Goodwill": NaN,
        "Net Income From Continuing Operation Net Minority Interest": NaN,
        "Reconciled Depreciation": NaN,
        "Reconciled Cost Of Revenue": NaN,
        "EBITDA": NaN,
        "EBIT": NaN,
        "Net Interest Income": NaN,
        "Interest Expense": NaN,
        "Interest Income": NaN,
        "Normalized Income": NaN,
        "Net Income From Continuing And Discontinued Operation": NaN,
        "Total Expenses": NaN,
        "Total Operating Income As Reported": NaN,
        "Diluted Average Shares": 714000000.0,
        "Basic Average Shares": 714000000.0,
        "Diluted EPS": -0.04,
        "Basic EPS": -0.04,
        "Diluted NI Availto Com Stockholders": NaN,
        "Average Dilution Earnings": NaN,
        "Net Income Common Stockholders": NaN,
        "Net Income": NaN,
        "Minority Interests": NaN,
        "Net Income Including Noncontrolling Interests": NaN,
        "Net Income Continuous Operations": NaN,
        "Tax Provision": NaN,
        "Pretax Income": NaN,
        "Other Income Expense": NaN,
        "Other Non Operating Income Expenses": NaN,
        "Special Income Charges": NaN,
        "Gain On Sale Of Ppe": NaN,
        "Other Special Charges": -7000000.0,
        "Impairment Of Capital Assets": 0.0,
        "Net Non Operating Interest Income Expense": NaN,
        "Interest Expense Non Operating": NaN,
        "Interest Income Non Operating": NaN,
        "Operating Income": NaN,
        "Operating Expense": NaN,
        "Other Operating Expenses": NaN,
        "Selling General And Administration": NaN,
        "General And Administrative Expense": NaN,
        "Other Gand A": NaN,
        "Gross Profit": NaN,
        "Cost Of Revenue": NaN,
        "Total Revenue": NaN,
        "Operating Revenue": NaN
    },
    "2022-06-30": {
        "Tax Effect Of Unusual Items": -1600000.0,
        "Tax Rate For Calcs": 0.4,
        "Normalized EBITDA": 39000000.0,
        "Total Unusual Items": -4000000.0,
        "Total Unusual Items Excluding Goodwill": -4000000.0,
        "Net Income From Continuing Operation Net Minority Interest": -68000000.0,
        "Reconciled Depreciation": 214000000.0,
        "Reconciled Cost Of Revenue": 184000000.0,
        "EBITDA": 35000000.0,
        "EBIT": 35000000.0,
        "Net Interest Income": -96000000.0,
        "Interest Expense": 100000000.0,
        "Interest Income": 4000000.0,
        "Normalized Income": -65600000.0,
        "Net Income From Continuing And Discontinued Operation": -68000000.0,
        "Total Expenses": 660000000.0,
        "Total Operating Income As Reported": 28000000.0,
        "Diluted Average Shares": 692000000.0,
        "Basic Average Shares": 692000000.0,
        "Diluted EPS": -0.1,
        "Basic EPS": -0.1,
        "Diluted NI Availto Com Stockholders": -68000000.0,
        "Net Income Common Stockholders": -68000000.0,
        "Net Income": -68000000.0,
        "Minority Interests": 0.0,
        "Net Income Including Noncontrolling Interests": -68000000.0,
        "Net Income Continuous Operations": -68000000.0,
        "Tax Provision": 3000000.0,
        "Pretax Income": -65000000.0,
        "Other Income Expense": -1000000.0,
        "Other Non Operating Income Expenses": 3000000.0,
        "Special Income Charges": -4000000.0,
        "Gain On Sale Of Ppe": -4000000.0,
        "Other Special Charges": NaN,
        "Write Off": NaN,
        "Impairment Of Capital Assets": NaN,
        "Net Non Operating Interest Income Expense": -96000000.0,
        "Interest Expense Non Operating": 100000000.0,
        "Interest Income Non Operating": 4000000.0,
        "Operating Income": 32000000.0,
        "Operating Expense": 476000000.0,
        "Other Operating Expenses": 433000000.0,
        "Selling General And Administration": 43000000.0,
        "General And Administrative Expense": 43000000.0,
        "Other Gand A": 43000000.0,
        "Gross Profit": 508000000.0,
        "Cost Of Revenue": 184000000.0,
        "Total Revenue": 692000000.0,
        "Operating Revenue": 692000000.0
    },
    "2022-03-31": {
        "Diluted EPS": -0.26,
        "Total Revenue": 586,
        "Gross Profit": 586,
        "Operating Income": -50,
        "EBIT": 162,
        "Net Income": -175
    },
    "2021-12-31": {
        "Diluted EPS": -0.4,
        "Total Revenue": 621,
        "Gross Profit": 621,
        "Operating Income": -43,
        "EBIT": 191,
        "Net Income": -260
    },
    "2021-09-30": {
        "Diluted EPS": -0.2,
        "Total Revenue": 626,
        "Gross Profit": 626,
        "Operating Income": NaN,
        "EBIT": 242,
        "Net Income": -130
    },
    "2021-06-30": {
        "Diluted EPS": -0.17,
        "Total Revenue": 656,
        "Gross Profit": 656,
        "Operating Income": -2,
        "EBIT": 241,
        "Net Income": -103
    },
    "2021-03-31": {
        "Diluted EPS": -0.16,
        "Total Revenue": 653,
        "Gross Profit": 653,
        "Operating Income": -67,
        "EBIT": 176,
        "Net Income": -99
    },
    "2020-12-31": {
        "Diluted EPS": 0.02,
        "Total Revenue": 690,
        "Gross Profit": 690,
        "Operating Income": -34,
        "EBIT": 212,
        "Net Income": -37
    },
    "2020-09-30": {
        "Diluted EPS": 0.51,
        "Total Revenue": 773,
        "Gross Profit": 773,
        "Operating Income": 4,
        "EBIT": 251,
        "Net Income": 359
    },
    "2020-06-30": {
        "Diluted EPS": -0.81,
        "Total Revenue": 930,
        "Gross Profit": 930,
        "Operating Income": -264,
        "EBIT": -15,
        "Net Income": -497
    },
    "2020-03-31": {
        "Diluted EPS": -0.64,
        "Total Revenue": 759,
        "Gross Profit": 759,
        "Operating Income": -199,
        "EBIT": 55,
        "Net Income": -392
    },
    "2019-12-31": {
        "Diluted EPS": -0.08,
        "Total Revenue": 792,
        "Gross Profit": 792,
        "Operating Income": -74,
        "EBIT": 180,
        "Net Income": -51
    },
    "2019-09-30": {
        "Diluted EPS": -1.35,
        "Total Revenue": 784,
        "Gross Profit": 784,
        "Operating Income": -607,
        "EBIT": -347,
        "Net Income": -825
    },
    "2019-06-30": {
        "Diluted EPS": -0.34,
        "Total Revenue": 758,
        "Gross Profit": 758,
        "Operating Income": -27,
        "EBIT": 239,
        "Net Income": -208
    },
    "2019-03-31": {
        "Diluted EPS": -0.28,
        "Total Revenue": 754,
        "Gross Profit": 754,
        "Operating Income": -13,
        "EBIT": 249,
        "Net Income": -171
    },
    "2018-12-31": {
        "Diluted EPS": -0.45,
        "Total Revenue": 748,
        "Gross Profit": 748,
        "Operating Income": -25,
        "EBIT": 213,
        "Net Income": -242
    },
    "2018-09-30": {
        "Diluted EPS": -0.88,
        "Total Revenue": 816,
        "Gross Profit": 816,
        "Operating Income": -305,
        "EBIT": NaN,
        "Net Income": -409
    },
    "2018-06-30": {
        "Diluted EPS": -2.46,
        "Total Revenue": 790,
        "Gross Profit": 790,
        "Operating Income": -917,
        "EBIT": 338,
        "Net Income": NaN
    },
    "2018-03-31": {
        "Diluted EPS": -0.48,
        "Total Revenue": 664,
        "Gross Profit": 664,
        "Operating Income": -4,
        "EBIT": 217,
        "Net Income": -210
    },
    "2017-12-31": {
        "Diluted EPS": -0.29,
        "Total Revenue": 629,
        "Gross Profit": 629,
        "Operating Income": 15,
        "EBIT": 199,
        "Net Income": -111
    },
    "2017-09-30": {
        "Diluted EPS": -3.62,
        "Total Revenue": 808,
        "Gross Profit": 808,
        "Operating Income": NaN,
        "EBIT": -950,
        "Net Income": NaN
    },
    "2017-06-30": {
        "Diluted EPS": -4.32,
        "Total Revenue": 751,
        "Gross Profit": 751,
        "Operating Income": NaN,
        "EBIT": NaN,
        "Net Income": NaN
    },
    "2017-03-31": {
        "Diluted EPS": 0.23,
        "Total Revenue": 785,
        "Gross Profit": 785,
        "Operating Income": 169,
        "EBIT": 401,
        "Net Income": 91
    },
    "2016-12-31": {
        "Diluted EPS": 0.63,
        "Total Revenue": 974,
        "Gross Profit": 974,
        "Operating Income": 290,
        "EBIT": 516,
        "Net Income": 229
    },
    "2016-09-30": {
        "Diluted EPS": 0.59,
        "Total Revenue": 906,
        "Gross Profit": 906,
        "Operating Income": 229,
        "EBIT": 454,
        "Net Income": 218
    },
    "2016-06-30": {
        "Diluted EPS": 0.22,
        "Total Revenue": 940,
        "Gross Profit": 940,
        "Operating Income": 163,
        "EBIT": 388,
        "Net Income": 82
    },
    "2016-03-31": {
        "Diluted EPS": 0.64,
        "Total Revenue": NaN,
        "Gross Profit": NaN,
        "Operating Income": 424,
        "EBIT": 641,
        "Net Income": 235
    },
    "2015-12-31": {
        "Diluted EPS": 1.88,
        "Total Revenue": NaN,
        "Gross Profit": NaN,
        "Operating Income": 735,
        "EBIT": 948,
        "Net Income": 685
    },
    "2015-09-30": {
        "Diluted EPS": 0.88,
        "Total Revenue": NaN,
        "Gross Profit": NaN,
        "Operating Income": 445,
        "EBIT": 655,
        "Net Income": 321
    },
    "2015-06-30": {
        "Diluted EPS": 0.93,
        "Total Revenue": NaN,
        "Gross Profit": NaN,
        "Operating Income": 506,
        "EBIT": 755,
        "Net Income": 342
    },
    "2015-03-31": {
        "Diluted EPS": -1.33,
        "Total Revenue": NaN,
        "Gross Profit": NaN,
        "Operating Income": -321,
        "EBIT": -30,
        "Net Income": -483
    },
    "2014-12-31": {
        "Diluted EPS": -1.82,
        "Total Revenue": NaN,
        "Gross Profit": NaN,
        "Operating Income": -616,
        "EBIT": -324,
        "Net Income": -665
    },
    "2014-09-30": {
        "Diluted EPS": -6.12,
        "Total Revenue": NaN,
        "Gross Profit": NaN,
        "Operating Income": NaN,
        "EBIT": NaN,
        "Net Income": NaN
    },
    "2014-06-30": {
        "Diluted EPS": 1.61,
        "Total Revenue": NaN,
        "Gross Profit": NaN,
        "Operating Income": 765,
        "EBIT": NaN,
        "Net Income": 587
    },
    "2014-03-31": {
        "Diluted EPS": 1.25,
        "Total Revenue": NaN,
        "Gross Profit": NaN,
        "Operating Income": 672,
        "EBIT": 941,
        "Net Income": 456
    },
    "2013-12-31": {
        "Diluted EPS": 0.65,
        "Total Revenue": NaN,
        "Gross Profit": NaN,
        "Operating Income": 395,
        "EBIT": 676,
        "Net Income": 236
    },
    "2013-09-30": {
        "Diluted EPS": 1.5,
        "Total Revenue": NaN,
        "Gross Profit": NaN,
        "Operating Income": 738,
        "EBIT": NaN,
        "Net Income": 546
    },
    "2013-06-30": {
        "Diluted EPS": 0.84,
        "Total Revenue": NaN,
        "Gross Profit": NaN,
        "Operating Income": 605,
        "EBIT": 884,
        "Net Income": 307
    },
    "2013-03-31": {
        "Diluted EPS": 0.88,
        "Total Revenue": NaN,
        "Gross Profit": NaN,
        "Operating Income": 479,
        "EBIT": 745,
        "Net Income": 318
    },
    "2012-12-31": {
        "Diluted EPS": 1.27,
        "Total Revenue": NaN,
        "Gross Profit": NaN,
        "Operating Income": 560,
        "EBIT": 844,
        "Net Income": 457
    },
    "2012-09-30": {
        "Diluted EPS": -1.06,
        "Total Revenue": NaN,
        "Gross Profit": NaN,
        "Operating Income": 811,
        "EBIT": NaN,
        "Net Income": -381
    },
    "2012-06-30": {
        "Diluted EPS": -0.86,
        "Total Revenue": NaN,
        "Gross Profit": NaN,
        "Operating Income": -142,
        "EBIT": 208,
        "Net Income": -304
    },
    "2012-03-31": {
        "Diluted EPS": 0.03,
        "Total Revenue": NaN,
        "Gross Profit": NaN,
        "Operating Income": 371,
        "EBIT": 733,
        "Net Income": 9
    },
    "2011-12-31": {
        "Diluted EPS": -19.13,
        "Total Revenue": NaN,
        "Gross Profit": NaN,
        "Operating Income": NaN,
        "EBIT": NaN,
        "Net Income": NaN
    },
    "2011-09-30": {
        "Diluted EPS": -0.1,
        "Total Revenue": NaN,
        "Gross Profit": NaN,
        "Operating Income": 298,
        "EBIT": 685,
        "Net Income": -32
    },
    "2011-06-30": {
        "Diluted EPS": 0.39,
        "Total Revenue": NaN,
        "Gross Profit": NaN,
        "Operating Income": 355,
        "EBIT": 740,
        "Net Income": 124
    },
    "2011-03-31": {
        "Diluted EPS": 0.96,
        "Total Revenue": NaN,
        "Gross Profit": NaN,
        "Operating Income": 372,
        "EBIT": 742,
        "Net Income": 310
    },
    "2010-12-31": {
        "Diluted EPS": -2.58,
        "Total Revenue": 610,
        "Gross Profit": 610,
        "Operating Income": 205,
        "EBIT": 667,
        "Net Income": -834
    },
    "2010-09-30": {
        "Diluted EPS": 1.15,
        "Total Revenue": NaN,
        "Gross Profit": NaN,
        "Operating Income": 634,
        "EBIT": NaN,
        "Net Income": 368
    },
    "2010-06-30": {
        "Diluted EPS": 2.22,
        "Total Revenue": NaN,
        "Gross Profit": NaN,
        "Operating Income": 949,
        "EBIT": NaN,
        "Net Income": 715
    },
    "2010-03-31": {
        "Diluted EPS": 2.09,
        "Total Revenue": NaN,
        "Gross Profit": NaN,
        "Operating Income": 942,
        "EBIT": NaN,
        "Net Income": 677
    },
    "2009-12-31": {
        "Diluted EPS": 2.23,
        "Total Revenue": NaN,
        "Gross Profit": NaN,
        "Operating Income": 993,
        "EBIT": NaN,
        "Net Income": 723
    },
    "2009-09-30": {
        "Diluted EPS": 2.19,
        "Total Revenue": NaN,
        "Gross Profit": NaN,
        "Operating Income": 957,
        "EBIT": NaN,
        "Net Income": 710
    },
    "2009-06-30": {
        "Diluted EPS": 2.49,
        "Total Revenue": NaN,
        "Gross Profit": NaN,
        "Operating Income": NaN,
        "EBIT": NaN,
        "Net Income": 806
    },
    "2009-03-31": {
        "Diluted EPS": 2.93,
        "Total Revenue": NaN,
        "Gross Profit": NaN,
        "Operating Income": NaN,
        "EBIT": NaN,
        "Net Income": 942
    },
    "2023-09-30": {
        "Tax Effect Of Unusual Items": NaN,
        "Tax Rate For Calcs": NaN,
        "Normalized EBITDA": NaN,
        "Total Unusual Items": NaN,
        "Total Unusual Items Excluding Goodwill": NaN,
        "Net Income From Continuing Operation Net Minority Interest": NaN,
        "Reconciled Depreciation": NaN,
        "Reconciled Cost Of Revenue": NaN,
        "EBITDA": NaN,
        "EBIT": NaN,
        "Net Interest Income": NaN,
        "Interest Expense": NaN,
        "Interest Income": NaN,
        "Normalized Income": NaN,
        "Net Income From Continuing And Discontinued Operation": NaN,
        "Total Expenses": NaN,
        "Total Operating Income As Reported": NaN,
        "Diluted Average Shares": 774000000.0,
        "Basic Average Shares": 774000000.0,
        "Diluted EPS": -0.28,
        "Basic EPS": -0.28,
        "Diluted NI Availto Com Stockholders": NaN,
        "Average Dilution Earnings": 0.0,
        "Net Income Common Stockholders": NaN,
        "Net Income": NaN,
        "Minority Interests": NaN,
        "Net Income Including Noncontrolling Interests": NaN,
        "Net Income Continuous Operations": NaN,
        "Tax Provision": NaN,
        "Pretax Income": NaN,
        "Other Income Expense": NaN,
        "Other Non Operating Income Expenses": NaN,
        "Special Income Charges": NaN,
        "Gain On Sale Of Ppe": NaN,
        "Other Special Charges": NaN,
        "Write Off": 5000000.0,
        "Impairment Of Capital Assets": 5000000.0,
        "Net Non Operating Interest Income Expense": NaN,
        "Interest Expense Non Operating": NaN,
        "Interest Income Non Operating": NaN,
        "Operating Income": NaN,
        "Operating Expense": NaN,
        "Other Operating Expenses": NaN,
        "Selling General And Administration": NaN,
        "General And Administrative Expense": NaN,
        "Other Gand A": NaN,
        "Gross Profit": NaN,
        "Cost Of Revenue": NaN,
        "Total Revenue": NaN,
        "Operating Revenue": NaN
    },
    "2023-12-31": {
        "Tax Effect Of Unusual Items": -1680000.0,
        "Tax Rate For Calcs": 0.21,
        "Normalized EBITDA": 113000000.0,
        "Total Unusual Items": -8000000.0,
        "Total Unusual Items Excluding Goodwill": -8000000.0,
        "Net Income From Continuing Operation Net Minority Interest": -104000000.0,
        "Reconciled Depreciation": 191000000.0,
        "Reconciled Cost Of Revenue": 184000000.0,
        "EBITDA": 105000000.0,
        "EBIT": -86000000.0,
        "Net Interest Income": 13000000.0,
        "Interest Expense": -3000000.0,
        "Interest Income": 10000000.0,
        "Normalized Income": -97680000.0,
        "Net Income From Continuing And Discontinued Operation": -104000000.0,
        "Total Expenses": 803000000.0,
        "Total Operating Income As Reported": -71000000.0,
        "Diluted Average Shares": NaN,
        "Basic Average Shares": NaN,
        "Diluted EPS": NaN,
        "Basic EPS": NaN,
        "Diluted NI Availto Com Stockholders": -104000000.0,
        "Average Dilution Earnings": NaN,
        "Net Income Common Stockholders": -104000000.0,
        "Net Income": -104000000.0,
        "Minority Interests": 0.0,
        "Net Income Including Noncontrolling Interests": -104000000.0,
        "Net Income Continuous Operations": -104000000.0,
        "Tax Provision": 21000000.0,
        "Pretax Income": -83000000.0,
        "Other Income Expense": -34000000.0,
        "Other Non Operating Income Expenses": -26000000.0,
        "Special Income Charges": -8000000.0,
        "Gain On Sale Of Ppe": -10000000.0,
        "Other Special Charges": -1000000.0,
        "Write Off": -1000000.0,
        "Impairment Of Capital Assets": -1000000.0,
        "Net Non Operating Interest Income Expense": 13000000.0,
        "Interest Expense Non Operating": -3000000.0,
        "Interest Income Non Operating": 10000000.0,
        "Operating Income": -62000000.0,
        "Operating Expense": 619000000.0,
        "Other Operating Expenses": 569000000.0,
        "Selling General And Administration": 50000000.0,
        "General And Administrative Expense": 50000000.0,
        "Other Gand A": 50000000.0,
        "Gross Profit": 557000000.0,
        "Cost Of Revenue": 184000000.0,
        "Total Revenue": 741000000.0,
        "Operating Revenue": 741000000.0
    },
    "2024-03-31": {
        "Tax Effect Of Unusual Items": -1260000.0,
        "Tax Rate For Calcs": 0.21,
        "Normalized EBITDA": 219000000.0,
        "Total Unusual Items": -6000000.0,
        "Total Unusual Items Excluding Goodwill": -6000000.0,
        "Net Income From Continuing Operation Net Minority Interest": 98000000.0,
        "Reconciled Depreciation": 189000000.0,
        "Reconciled Cost Of Revenue": 185000000.0,
        "EBITDA": 213000000.0,
        "EBIT": 24000000.0,
        "Net Interest Income": -102000000.0,
        "Interest Expense": 117000000.0,
        "Interest Income": 15000000.0,
        "Normalized Income": 102740000.0,
        "Net Income From Continuing And Discontinued Operation": 98000000.0,
        "Total Expenses": 760000000.0,
        "Total Operating Income As Reported": -3000000.0,
        "Diluted Average Shares": 955000000.0,
        "Basic Average Shares": 819000000.0,
        "Diluted EPS": 0.11,
        "Basic EPS": 0.12,
        "Diluted NI Availto Com Stockholders": 108000000.0,
        "Average Dilution Earnings": 10000000.0,
        "Net Income Common Stockholders": 98000000.0,
        "Net Income": 98000000.0,
        "Minority Interests": 0.0,
        "Net Income Including Noncontrolling Interests": 98000000.0,
        "Net Income Continuous Operations": 98000000.0,
        "Tax Provision": -191000000.0,
        "Pretax Income": -93000000.0,
        "Other Income Expense": 6000000.0,
        "Other Non Operating Income Expenses": 12000000.0,
        "Special Income Charges": -6000000.0,
        "Gain On Sale Of Ppe": -6000000.0,
        "Other Special Charges": NaN,
        "Write Off": NaN,
        "Impairment Of Capital Assets": NaN,
        "Net Non Operating Interest Income Expense": -102000000.0,
        "Interest Expense Non Operating": 117000000.0,
        "Interest Income Non Operating": 15000000.0,
        "Operating Income": 3000000.0,
        "Operating Expense": 575000000.0,
        "Other Operating Expenses": 523000000.0,
        "Selling General And Administration": 52000000.0,
        "General And Administrative Expense": 52000000.0,
        "Other Gand A": 52000000.0,
        "Gross Profit": 578000000.0,
        "Cost Of Revenue": 185000000.0,
        "Total Revenue": 763000000.0,
        "Operating Revenue": 763000000.0
    },
    "2024-06-30": {
        "Tax Effect Of Unusual Items": -630000.0,
        "Tax Rate For Calcs": 0.21,
        "Normalized EBITDA": 294000000.0,
        "Total Unusual Items": -3000000.0,
        "Total Unusual Items Excluding Goodwill": -3000000.0,
        "Net Income From Continuing Operation Net Minority Interest": -123000000.0,
        "Reconciled Depreciation": 184000000.0,
        "Reconciled Cost Of Revenue": 184000000.0,
        "EBITDA": 291000000.0,
        "EBIT": 107000000.0,
        "Net Interest Income": -60000000.0,
        "Interest Expense": 74000000.0,
        "Interest Income": 14000000.0,
        "Normalized Income": -120630000.0,
        "Net Income From Continuing And Discontinued Operation": -123000000.0,
        "Total Expenses": 777000000.0,
        "Total Operating Income As Reported": -59000000.0,
        "Diluted Average Shares": 824000000.0,
        "Basic Average Shares": 824000000.0,
        "Diluted EPS": -0.15,
        "Basic EPS": -0.15,
        "Diluted NI Availto Com Stockholders": -123000000.0,
        "Average Dilution Earnings": NaN,
        "Net Income Common Stockholders": -123000000.0,
        "Net Income": -123000000.0,
        "Minority Interests": 0.0,
        "Net Income Including Noncontrolling Interests": -123000000.0,
        "Net Income Continuous Operations": -123000000.0,
        "Tax Provision": 156000000.0,
        "Pretax Income": 33000000.0,
        "Other Income Expense": 9000000.0,
        "Other Non Operating Income Expenses": 12000000.0,
        "Special Income Charges": -3000000.0,
        "Gain On Sale Of Ppe": 0.0,
        "Other Special Charges": -140000000.0,
        "Write Off": 143000000.0,
        "Impairment Of Capital Assets": NaN,
        "Net Non Operating Interest Income Expense": -60000000.0,
        "Interest Expense Non Operating": 74000000.0,
        "Interest Income Non Operating": 14000000.0,
        "Operating Income": 84000000.0,
        "Operating Expense": 593000000.0,
        "Other Operating Expenses": 534000000.0,
        "Selling General And Administration": 59000000.0,
        "General And Administrative Expense": 59000000.0,
        "Other Gand A": 59000000.0,
        "Gross Profit": 677000000.0,
        "Cost Of Revenue": 184000000.0,
        "Total Revenue": 861000000.0,
        "Operating Revenue": 861000000.0
    },
    "2024-09-30": {
        "Tax Effect Of Unusual Items": -36720000.0,
        "Tax Rate For Calcs": 0.06,
        "Normalized EBITDA": 357000000.0,
        "Total Unusual Items": -612000000.0,
        "Total Unusual Items Excluding Goodwill": -612000000.0,
        "Net Income From Continuing Operation Net Minority Interest": -494000000.0,
        "Reconciled Depreciation": 190000000.0,
        "Reconciled Cost Of Revenue": 190000000.0,
        "EBITDA": -255000000.0,
        "EBIT": -445000000.0,
        "Net Interest Income": -69000000.0,
        "Interest Expense": 80000000.0,
        "Interest Income": 11000000.0,
        "Normalized Income": 81280000.0,
        "Net Income From Continuing And Discontinued Operation": -494000000.0,
        "Total Expenses": 800000000.0,
        "Total Operating Income As Reported": -485000000.0,
        "Diluted Average Shares": 954000000.0,
        "Basic Average Shares": 879000000.0,
        "Diluted EPS": -0.58,
        "Basic EPS": -0.56,
        "Diluted NI Availto Com Stockholders": -558000000.0,
        "Average Dilution Earnings": -64000000.0,
        "Net Income Common Stockholders": -494000000.0,
        "Net Income": -494000000.0,
        "Minority Interests": 0.0,
        "Net Income Including Noncontrolling Interests": -494000000.0,
        "Net Income Continuous Operations": -494000000.0,
        "Tax Provision": -31000000.0,
        "Pretax Income": -525000000.0,
        "Other Income Expense": -604000000.0,
        "Other Non Operating Income Expenses": 8000000.0,
        "Special Income Charges": -612000000.0,
        "Gain On Sale Of Ppe": -4000000.0,
        "Other Special Charges": -21000000.0,
        "Write Off": 629000000.0,
        "Impairment Of Capital Assets": NaN,
        "Net Non Operating Interest Income Expense": -69000000.0,
        "Interest Expense Non Operating": 80000000.0,
        "Interest Income Non Operating": 11000000.0,
        "Operating Income": 148000000.0,
        "Operating Expense": 610000000.0,
        "Other Operating Expenses": 563000000.0,
        "Selling General And Administration": 47000000.0,
        "General And Administrative Expense": 47000000.0,
        "Other Gand A": 47000000.0,
        "Gross Profit": 758000000.0,
        "Cost Of Revenue": 190000000.0,
        "Total Revenue": 948000000.0,
        "Operating Revenue": 948000000.0
    },
    "2024-12-31": {
        "Tax Effect Of Unusual Items": -1470000.0,
        "Tax Rate For Calcs": 0.21,
        "Normalized EBITDA": 340000000.0,
        "Total Unusual Items": -7000000.0,
        "Total Unusual Items Excluding Goodwill": -7000000.0,
        "Net Income From Continuing Operation Net Minority Interest": 7000000.0,
        "Reconciled Depreciation": 180000000.0,
        "Reconciled Cost Of Revenue": 180000000.0,
        "EBITDA": 333000000.0,
        "EBIT": 153000000.0,
        "Net Interest Income": -81000000.0,
        "Interest Expense": 91000000.0,
        "Interest Income": 10000000.0,
        "Normalized Income": 12530000.0,
        "Net Income From Continuing And Discontinued Operation": 7000000.0,
        "Total Expenses": 815000000.0,
        "Total Operating Income As Reported": 130000000.0,
        "Diluted Average Shares": NaN,
        "Basic Average Shares": NaN,
        "Diluted EPS": NaN,
        "Basic EPS": NaN,
        "Diluted NI Availto Com Stockholders": 88000000.0,
        "Average Dilution Earnings": NaN,
        "Net Income Common Stockholders": 7000000.0,
        "Net Income": 7000000.0,
        "Minority Interests": 0.0,
        "Net Income Including Noncontrolling Interests": 7000000.0,
        "Net Income Continuous Operations": 7000000.0,
        "Tax Provision": 55000000.0,
        "Pretax Income": 62000000.0,
        "Other Income Expense": 6000000.0,
        "Other Non Operating Income Expenses": 13000000.0,
        "Special Income Charges": -7000000.0,
        "Gain On Sale Of Ppe": -7000000.0,
        "Other Special Charges": 0.0,
        "Write Off": 0.0,
        "Impairment Of Capital Assets": NaN,
        "Net Non Operating Interest Income Expense": -81000000.0,
        "Interest Expense Non Operating": 91000000.0,
        "Interest Income Non Operating": 10000000.0,
        "Operating Income": 137000000.0,
        "Operating Expense": 635000000.0,
        "Other Operating Expenses": 579000000.0,
        "Selling General And Administration": 56000000.0,
        "General And Administrative Expense": 56000000.0,
        "Other Gand A": 56000000.0,
        "Gross Profit": 772000000.0,
        "Cost Of Revenue": 180000000.0,
        "Total Revenue": 952000000.0,
        "Operating Revenue": 952000000.0
    }
}