{
    "2023-03-31": {
        "Tax Effect Of Unusual Items": NaN,
        "Tax Rate For Calcs": NaN,
        "Normalized EBITDA": NaN,
        "Net Income From Continuing Operation Net Minority Interest": NaN,
        "Reconciled Depreciation": NaN,
        "Reconciled Cost Of Revenue": NaN,
        "EBITDA": NaN,
        "EBIT": NaN,
        "Net Interest Income": NaN,
        "Interest Expense": NaN,
        "Interest Income": NaN,
        "Normalized Income": NaN,
        "Net Income From Continuing And Discontinued Operation": NaN,
        "Total Expenses": NaN,
        "Total Operating Income As Reported": NaN,
        "Diluted Average Shares": 17356800.0,
        "Basic Average Shares": 17356800.0,
        "Diluted EPS": -0.8,
        "Basic EPS": -0.8,
        "Diluted NI Availto Com Stockholders": NaN,
        "Net Income Common Stockholders": NaN,
        "Net Income": NaN,
        "Net Income Including Noncontrolling Interests": NaN,
        "Net Income Continuous Operations": NaN,
        "Pretax Income": NaN,
        "Net Non Operating Interest Income Expense": NaN,
        "Interest Expense Non Operating": NaN,
        "Interest Income Non Operating": NaN,
        "Operating Income": NaN,
        "Operating Expense": NaN,
        "Research And Development": NaN,
        "Selling General And Administration": NaN,
        "Gross Profit": NaN,
        "Cost Of Revenue": NaN,
        "Total Revenue": NaN,
        "Operating Revenue": NaN
    },
    "2022-12-31": {
        "Tax Effect Of Unusual Items": NaN,
        "Tax Rate For Calcs": NaN,
        "Normalized EBITDA": NaN,
        "Net Income From Continuing Operation Net Minority Interest": NaN,
        "Reconciled Depreciation": NaN,
        "Reconciled Cost Of Revenue": NaN,
        "EBITDA": NaN,
        "EBIT": NaN,
        "Net Interest Income": NaN,
        "Interest Expense": NaN,
        "Interest Income": NaN,
        "Normalized Income": NaN,
        "Net Income From Continuing And Discontinued Operation": NaN,
        "Total Expenses": NaN,
        "Total Operating Income As Reported": NaN,
        "Diluted Average Shares": NaN,
        "Basic Average Shares": NaN,
        "Diluted EPS": NaN,
        "Basic EPS": NaN,
        "Diluted NI Availto Com Stockholders": NaN,
        "Net Income Common Stockholders": NaN,
        "Net Income": NaN,
        "Net Income Including Noncontrolling Interests": NaN,
        "Net Income Continuous Operations": NaN,
        "Tax Provision": 0.0,
        "Pretax Income": NaN,
        "Net Non Operating Interest Income Expense": NaN,
        "Interest Expense Non Operating": NaN,
        "Interest Income Non Operating": NaN,
        "Operating Income": NaN,
        "Operating Expense": NaN,
        "Research And Development": NaN,
        "Selling General And Administration": NaN,
        "Gross Profit": NaN,
        "Cost Of Revenue": NaN,
        "Total Revenue": NaN,
        "Operating Revenue": NaN
    },
    "2022-09-30": {
        "Tax Effect Of Unusual Items": NaN,
        "Tax Rate For Calcs": NaN,
        "Normalized EBITDA": NaN,
        "Net Income From Continuing Operation Net Minority Interest": NaN,
        "Reconciled Depreciation": NaN,
        "Reconciled Cost Of Revenue": NaN,
        "EBITDA": NaN,
        "EBIT": NaN,
        "Net Interest Income": NaN,
        "Interest Expense": NaN,
        "Interest Income": NaN,
        "Normalized Income": NaN,
        "Net Income From Continuing And Discontinued Operation": NaN,
        "Total Expenses": NaN,
        "Total Operating Income As Reported": NaN,
        "Diluted Average Shares": NaN,
        "Basic Average Shares": NaN,
        "Diluted EPS": NaN,
        "Basic EPS": NaN,
        "Diluted NI Availto Com Stockholders": NaN,
        "Net Income Common Stockholders": NaN,
        "Net Income": NaN,
        "Net Income Including Noncontrolling Interests": NaN,
        "Net Income Continuous Operations": NaN,
        "Tax Provision": 0.0,
        "Pretax Income": NaN,
        "Net Non Operating Interest Income Expense": NaN,
        "Interest Expense Non Operating": NaN,
        "Interest Income Non Operating": NaN,
        "Operating Income": NaN,
        "Operating Expense": NaN,
        "Research And Development": NaN,
        "Selling General And Administration": NaN,
        "Gross Profit": NaN,
        "Cost Of Revenue": NaN,
        "Total Revenue": NaN,
        "Operating Revenue": NaN
    },
    "2022-06-30": {
        "Tax Effect Of Unusual Items": 0.0,
        "Tax Rate For Calcs": 0.0,
        "Normalized EBITDA": -12686000.0,
        "Total Unusual Items": NaN,
        "Total Unusual Items Excluding Goodwill": NaN,
        "Net Income From Continuing Operation Net Minority Interest": -13492000.0,
        "Reconciled Depreciation": 237000.0,
        "Reconciled Cost Of Revenue": 1036000.0,
        "EBITDA": -12686000.0,
        "EBIT": -12923000.0,
        "Net Interest Income": -527000.0,
        "Interest Expense": 569000.0,
        "Interest Income": 42000.0,
        "Normalized Income": -13492000.0,
        "Net Income From Continuing And Discontinued Operation": -13492000.0,
        "Total Expenses": 42784000.0,
        "Total Operating Income As Reported": -12965000.0,
        "Diluted Average Shares": 172147000.0,
        "Basic Average Shares": 172147000.0,
        "Diluted EPS": -0.08,
        "Basic EPS": -0.08,
        "Diluted NI Availto Com Stockholders": -13492000.0,
        "Net Income Common Stockholders": -13492000.0,
        "Net Income": -13492000.0,
        "Net Income Including Noncontrolling Interests": -13492000.0,
        "Net Income Continuous Operations": -13492000.0,
        "Tax Provision": 0.0,
        "Pretax Income": -13492000.0,
        "Other Income Expense": NaN,
        "Special Income Charges": NaN,
        "Restructuring And Mergern Acquisition": NaN,
        "Net Non Operating Interest Income Expense": -527000.0,
        "Interest Expense Non Operating": 569000.0,
        "Interest Income Non Operating": 42000.0,
        "Operating Income": -12965000.0,
        "Operating Expense": 41748000.0,
        "Research And Development": 14767000.0,
        "Selling General And Administration": 26981000.0,
        "General And Administrative Expense": NaN,
        "Other Gand A": NaN,
        "Salaries And Wages": NaN,
        "Gross Profit": 28783000.0,
        "Cost Of Revenue": 1036000.0,
        "Total Revenue": 29819000.0,
        "Operating Revenue": 29819000.0
    },
    "2023-06-30": {
        "Tax Effect Of Unusual Items": NaN,
        "Tax Rate For Calcs": NaN,
        "Normalized EBITDA": NaN,
        "Net Income From Continuing Operation Net Minority Interest": NaN,
        "Reconciled Depreciation": NaN,
        "Reconciled Cost Of Revenue": NaN,
        "EBITDA": NaN,
        "EBIT": NaN,
        "Net Interest Income": NaN,
        "Interest Expense": NaN,
        "Interest Income": NaN,
        "Normalized Income": NaN,
        "Net Income From Continuing And Discontinued Operation": NaN,
        "Total Expenses": NaN,
        "Total Operating Income As Reported": NaN,
        "Diluted Average Shares": 17356000.0,
        "Basic Average Shares": 17356000.0,
        "Diluted EPS": -0.38,
        "Basic EPS": -0.38,
        "Diluted NI Availto Com Stockholders": NaN,
        "Net Income Common Stockholders": NaN,
        "Net Income": NaN,
        "Net Income Including Noncontrolling Interests": NaN,
        "Net Income Continuous Operations": NaN,
        "Pretax Income": NaN,
        "Net Non Operating Interest Income Expense": NaN,
        "Interest Expense Non Operating": NaN,
        "Interest Income Non Operating": NaN,
        "Operating Income": NaN,
        "Operating Expense": NaN,
        "Research And Development": NaN,
        "Selling General And Administration": NaN,
        "Gross Profit": NaN,
        "Cost Of Revenue": NaN,
        "Total Revenue": NaN,
        "Operating Revenue": NaN
    },
    "2022-03-31": {
        "Diluted EPS": -0.16,
        "Total Revenue": 17,
        "Gross Profit": 17,
        "Operating Income": -26,
        "EBIT": -26,
        "Net Income": -27
    },
    "2021-12-31": {
        "Diluted EPS": -0.13,
        "Total Revenue": 20,
        "Gross Profit": 20,
        "Operating Income": -21,
        "EBIT": -21,
        "Net Income": -23
    },
    "2021-09-30": {
        "Diluted EPS": -0.12,
        "Total Revenue": 22,
        "Gross Profit": 21,
        "Operating Income": -20,
        "EBIT": -19,
        "Net Income": -21
    },
    "2021-06-30": {
        "Diluted EPS": -0.08,
        "Total Revenue": 26,
        "Gross Profit": 26,
        "Operating Income": -13,
        "EBIT": -13,
        "Net Income": -14
    },
    "2021-03-31": {
        "Diluted EPS": 0.22,
        "Total Revenue": 81,
        "Gross Profit": 81,
        "Operating Income": 42,
        "EBIT": 42,
        "Net Income": 40
    },
    "2020-12-31": {
        "Diluted EPS": -0.13,
        "Total Revenue": 18,
        "Gross Profit": 18,
        "Operating Income": -19,
        "EBIT": -19,
        "Net Income": -19
    },
    "2020-09-30": {
        "Diluted EPS": -0.08,
        "Total Revenue": 18,
        "Gross Profit": 18,
        "Operating Income": -14,
        "EBIT": -14,
        "Net Income": -14
    },
    "2020-06-30": {
        "Diluted EPS": -0.1,
        "Total Revenue": 16,
        "Gross Profit": 16,
        "Operating Income": -17,
        "EBIT": -17,
        "Net Income": -18
    },
    "2020-03-31": {
        "Diluted EPS": 0.13,
        "Total Revenue": 56,
        "Gross Profit": 56,
        "Operating Income": 21,
        "EBIT": 21,
        "Net Income": 21
    },
    "2019-12-31": {
        "Diluted EPS": -0.1,
        "Total Revenue": 15,
        "Gross Profit": 15,
        "Operating Income": -17,
        "EBIT": -17,
        "Net Income": -17
    },
    "2019-09-30": {
        "Diluted EPS": -0.07,
        "Total Revenue": 21,
        "Gross Profit": 21,
        "Operating Income": -12,
        "EBIT": -12,
        "Net Income": -11
    },
    "2019-06-30": {
        "Diluted EPS": -0.12,
        "Total Revenue": 10,
        "Gross Profit": 10,
        "Operating Income": -21,
        "EBIT": -21,
        "Net Income": -21
    },
    "2019-03-31": {
        "Diluted EPS": -0.11,
        "Total Revenue": 13,
        "Gross Profit": 13,
        "Operating Income": -18,
        "EBIT": -18,
        "Net Income": -18
    },
    "2018-12-31": {
        "Diluted EPS": 0.03,
        "Total Revenue": 38,
        "Gross Profit": 38,
        "Operating Income": 3,
        "EBIT": 2,
        "Net Income": 3
    },
    "2018-09-30": {
        "Diluted EPS": -0.14,
        "Total Revenue": 5,
        "Gross Profit": 5,
        "Operating Income": -24,
        "EBIT": -24,
        "Net Income": -24
    },
    "2018-06-30": {
        "Diluted EPS": -0.16,
        "Total Revenue": 2,
        "Gross Profit": 2,
        "Operating Income": -26,
        "EBIT": -26,
        "Net Income": -26
    },
    "2018-03-31": {
        "Diluted EPS": -0.17,
        "Total Revenue": NaN,
        "Gross Profit": NaN,
        "Operating Income": -25,
        "EBIT": -25,
        "Net Income": -24
    },
    "2017-12-31": {
        "Diluted EPS": -0.19,
        "Total Revenue": NaN,
        "Gross Profit": NaN,
        "Operating Income": -26,
        "EBIT": -26,
        "Net Income": -26
    },
    "2017-09-30": {
        "Diluted EPS": -0.14,
        "Total Revenue": 1,
        "Gross Profit": 1,
        "Operating Income": -18,
        "EBIT": -18,
        "Net Income": -18
    },
    "2017-06-30": {
        "Diluted EPS": -0.16,
        "Total Revenue": NaN,
        "Gross Profit": NaN,
        "Operating Income": -19,
        "EBIT": -19,
        "Net Income": -19
    },
    "2017-03-31": {
        "Diluted EPS": -0.13,
        "Total Revenue": 4,
        "Gross Profit": 4,
        "Operating Income": -16,
        "EBIT": -16,
        "Net Income": -15
    },
    "2016-12-31": {
        "Diluted EPS": -0.15,
        "Total Revenue": 3,
        "Gross Profit": 3,
        "Operating Income": -16,
        "EBIT": -16,
        "Net Income": -16
    },
    "2016-09-30": {
        "Diluted EPS": -0.24,
        "Total Revenue": 4,
        "Gross Profit": 4,
        "Operating Income": -23,
        "EBIT": -23,
        "Net Income": -23
    },
    "2016-06-30": {
        "Diluted EPS": -0.15,
        "Total Revenue": 9,
        "Gross Profit": 9,
        "Operating Income": -14,
        "EBIT": -13,
        "Net Income": -14
    },
    "2016-03-31": {
        "Diluted EPS": -0.19,
        "Total Revenue": 5,
        "Gross Profit": 5,
        "Operating Income": -18,
        "EBIT": -17,
        "Net Income": -17
    },
    "2015-12-31": {
        "Diluted EPS": -0.13,
        "Total Revenue": 9,
        "Gross Profit": 9,
        "Operating Income": -13,
        "EBIT": -12,
        "Net Income": -13
    },
    "2015-09-30": {
        "Diluted EPS": -0.08,
        "Total Revenue": 13,
        "Gross Profit": 13,
        "Operating Income": -7,
        "EBIT": -6,
        "Net Income": -7
    },
    "2015-06-30": {
        "Diluted EPS": -0.16,
        "Total Revenue": 5,
        "Gross Profit": 5,
        "Operating Income": -14,
        "EBIT": -14,
        "Net Income": -14
    },
    "2015-03-31": {
        "Diluted EPS": -0.21,
        "Total Revenue": 2,
        "Gross Profit": 2,
        "Operating Income": -18,
        "EBIT": -18,
        "Net Income": -18
    },
    "2014-12-31": {
        "Diluted EPS": -0.26,
        "Total Revenue": NaN,
        "Gross Profit": NaN,
        "Operating Income": -31,
        "EBIT": -30,
        "Net Income": -22
    },
    "2014-09-30": {
        "Diluted EPS": -0.24,
        "Total Revenue": NaN,
        "Gross Profit": NaN,
        "Operating Income": -21,
        "EBIT": -20,
        "Net Income": -21
    },
    "2014-06-30": {
        "Diluted EPS": -0.29,
        "Total Revenue": NaN,
        "Gross Profit": NaN,
        "Operating Income": -25,
        "EBIT": -25,
        "Net Income": -25
    },
    "2014-03-31": {
        "Diluted EPS": -0.25,
        "Total Revenue": NaN,
        "Gross Profit": NaN,
        "Operating Income": -22,
        "EBIT": -22,
        "Net Income": -22
    },
    "2013-12-31": {
        "Diluted EPS": -0.2,
        "Total Revenue": 6,
        "Gross Profit": 6,
        "Operating Income": -17,
        "EBIT": -16,
        "Net Income": -17
    },
    "2013-09-30": {
        "Diluted EPS": -0.27,
        "Total Revenue": NaN,
        "Gross Profit": NaN,
        "Operating Income": -24,
        "EBIT": -23,
        "Net Income": -24
    },
    "2013-06-30": {
        "Diluted EPS": -0.26,
        "Total Revenue": 1,
        "Gross Profit": 1,
        "Operating Income": -23,
        "EBIT": -22,
        "Net Income": -23
    },
    "2013-03-31": {
        "Diluted EPS": -0.29,
        "Total Revenue": NaN,
        "Gross Profit": NaN,
        "Operating Income": -26,
        "EBIT": -25,
        "Net Income": -26
    },
    "2012-12-31": {
        "Diluted EPS": -0.29,
        "Total Revenue": NaN,
        "Gross Profit": NaN,
        "Operating Income": -26,
        "EBIT": -25,
        "Net Income": -25
    },
    "2012-09-30": {
        "Diluted EPS": -0.36,
        "Total Revenue": NaN,
        "Gross Profit": NaN,
        "Operating Income": -26,
        "EBIT": -25,
        "Net Income": -25
    },
    "2012-06-30": {
        "Diluted EPS": -0.35,
        "Total Revenue": 2,
        "Gross Profit": 2,
        "Operating Income": -25,
        "EBIT": -24,
        "Net Income": -25
    },
    "2012-03-31": {
        "Diluted EPS": -0.32,
        "Total Revenue": 1,
        "Gross Profit": 1,
        "Operating Income": -23,
        "EBIT": -23,
        "Net Income": -23
    },
    "2011-12-31": {
        "Diluted EPS": -0.34,
        "Total Revenue": 0,
        "Gross Profit": 0,
        "Operating Income": -26,
        "EBIT": -25,
        "Net Income": -26
    },
    "2011-09-30": {
        "Diluted EPS": -0.25,
        "Total Revenue": 4,
        "Gross Profit": 4,
        "Operating Income": -18,
        "EBIT": -18,
        "Net Income": -18
    },
    "2011-06-30": {
        "Diluted EPS": -0.37,
        "Total Revenue": 0,
        "Gross Profit": 0,
        "Operating Income": -22,
        "EBIT": -21,
        "Net Income": -21
    },
    "2011-03-31": {
        "Diluted EPS": -0.4,
        "Total Revenue": NaN,
        "Gross Profit": NaN,
        "Operating Income": -21,
        "EBIT": -20,
        "Net Income": -21
    },
    "2010-12-31": {
        "Diluted EPS": -0.32,
        "Total Revenue": 0,
        "Gross Profit": 0,
        "Operating Income": -20,
        "EBIT": -19,
        "Net Income": -17
    },
    "2010-09-30": {
        "Diluted EPS": 0.96,
        "Total Revenue": 72,
        "Gross Profit": 72,
        "Operating Income": 50,
        "EBIT": 51,
        "Net Income": 50
    },
    "2010-06-30": {
        "Diluted EPS": 0.51,
        "Total Revenue": 49,
        "Gross Profit": 49,
        "Operating Income": 27,
        "EBIT": 27,
        "Net Income": 27
    },
    "2010-03-31": {
        "Diluted EPS": -0.43,
        "Total Revenue": 3,
        "Gross Profit": 3,
        "Operating Income": -22,
        "EBIT": -22,
        "Net Income": -22
    },
    "2009-12-31": {
        "Diluted EPS": -0.4,
        "Total Revenue": NaN,
        "Gross Profit": NaN,
        "Operating Income": -27,
        "EBIT": -27,
        "Net Income": -25
    },
    "2009-09-30": {
        "Diluted EPS": -0.7,
        "Total Revenue": NaN,
        "Gross Profit": NaN,
        "Operating Income": -27,
        "EBIT": -26,
        "Net Income": -27
    },
    "2009-06-30": {
        "Diluted EPS": -0.81,
        "Total Revenue": NaN,
        "Gross Profit": NaN,
        "Operating Income": -30,
        "EBIT": -30,
        "Net Income": -30
    },
    "2009-03-31": {
        "Diluted EPS": -0.82,
        "Total Revenue": NaN,
        "Gross Profit": NaN,
        "Operating Income": -29,
        "EBIT": -29,
        "Net Income": -30
    },
    "2023-09-30": {
        "Tax Effect Of Unusual Items": NaN,
        "Tax Rate For Calcs": NaN,
        "Normalized EBITDA": NaN,
        "Net Income From Continuing Operation Net Minority Interest": NaN,
        "Reconciled Depreciation": NaN,
        "Reconciled Cost Of Revenue": NaN,
        "EBITDA": NaN,
        "EBIT": NaN,
        "Net Interest Income": NaN,
        "Interest Expense": NaN,
        "Interest Income": NaN,
        "Normalized Income": NaN,
        "Net Income From Continuing And Discontinued Operation": NaN,
        "Total Expenses": NaN,
        "Total Operating Income As Reported": NaN,
        "Diluted Average Shares": 17436000.0,
        "Basic Average Shares": 17436000.0,
        "Diluted EPS": -0.33,
        "Basic EPS": -0.33,
        "Diluted NI Availto Com Stockholders": NaN,
        "Net Income Common Stockholders": NaN,
        "Net Income": NaN,
        "Net Income Including Noncontrolling Interests": NaN,
        "Net Income Continuous Operations": NaN,
        "Pretax Income": NaN,
        "Net Non Operating Interest Income Expense": NaN,
        "Interest Expense Non Operating": NaN,
        "Interest Income Non Operating": NaN,
        "Operating Income": NaN,
        "Operating Expense": NaN,
        "Research And Development": NaN,
        "Selling General And Administration": NaN,
        "Gross Profit": NaN,
        "Cost Of Revenue": NaN,
        "Total Revenue": NaN,
        "Operating Revenue": NaN
    },
    "2023-12-31": {
        "Tax Effect Of Unusual Items": 0.0,
        "Tax Rate For Calcs": 0.21,
        "Normalized EBITDA": 2937000.0,
        "Net Income From Continuing Operation Net Minority Interest": 737000.0,
        "Reconciled Depreciation": 293000.0,
        "Reconciled Cost Of Revenue": 3790000.0,
        "EBITDA": 2937000.0,
        "EBIT": 2644000.0,
        "Net Interest Income": -1229000.0,
        "Interest Expense": 1907000.0,
        "Interest Income": 678000.0,
        "Normalized Income": 737000.0,
        "Net Income From Continuing And Discontinued Operation": 737000.0,
        "Total Expenses": 33826000.0,
        "Total Operating Income As Reported": 1966000.0,
        "Diluted Average Shares": NaN,
        "Basic Average Shares": NaN,
        "Diluted EPS": NaN,
        "Basic EPS": NaN,
        "Diluted NI Availto Com Stockholders": 737000.0,
        "Net Income Common Stockholders": 737000.0,
        "Net Income": 737000.0,
        "Net Income Including Noncontrolling Interests": 737000.0,
        "Net Income Continuous Operations": 737000.0,
        "Pretax Income": 737000.0,
        "Net Non Operating Interest Income Expense": -1229000.0,
        "Interest Expense Non Operating": 1907000.0,
        "Interest Income Non Operating": 678000.0,
        "Operating Income": 1966000.0,
        "Operating Expense": 30036000.0,
        "Research And Development": 3186000.0,
        "Selling General And Administration": 26850000.0,
        "Gross Profit": 32002000.0,
        "Cost Of Revenue": 3790000.0,
        "Total Revenue": 35792000.0,
        "Operating Revenue": 48072000.0
    },
    "2024-03-31": {
        "Tax Effect Of Unusual Items": NaN,
        "Tax Rate For Calcs": NaN,
        "Normalized EBITDA": NaN,
        "Net Income From Continuing Operation Net Minority Interest": NaN,
        "Reconciled Depreciation": NaN,
        "Reconciled Cost Of Revenue": NaN,
        "EBITDA": NaN,
        "EBIT": NaN,
        "Net Interest Income": NaN,
        "Interest Expense": NaN,
        "Interest Income": NaN,
        "Normalized Income": NaN,
        "Net Income From Continuing And Discontinued Operation": NaN,
        "Total Expenses": NaN,
        "Total Operating Income As Reported": NaN,
        "Diluted Average Shares": NaN,
        "Basic Average Shares": NaN,
        "Diluted EPS": NaN,
        "Basic EPS": NaN,
        "Diluted NI Availto Com Stockholders": NaN,
        "Net Income Common Stockholders": NaN,
        "Net Income": NaN,
        "Net Income Including Noncontrolling Interests": NaN,
        "Net Income Continuous Operations": NaN,
        "Tax Provision": 0.0,
        "Pretax Income": NaN,
        "Net Non Operating Interest Income Expense": NaN,
        "Interest Expense Non Operating": NaN,
        "Interest Income Non Operating": NaN,
        "Operating Income": NaN,
        "Operating Expense": NaN,
        "Research And Development": NaN,
        "Selling General And Administration": NaN,
        "Gross Profit": NaN,
        "Cost Of Revenue": NaN,
        "Total Revenue": NaN,
        "Operating Revenue": NaN
    },
    "2024-06-30": {
        "Tax Effect Of Unusual Items": NaN,
        "Tax Rate For Calcs": NaN,
        "Normalized EBITDA": NaN,
        "Net Income From Continuing Operation Net Minority Interest": NaN,
        "Reconciled Depreciation": NaN,
        "Reconciled Cost Of Revenue": NaN,
        "EBITDA": NaN,
        "EBIT": NaN,
        "Net Interest Income": NaN,
        "Interest Expense": NaN,
        "Interest Income": NaN,
        "Normalized Income": NaN,
        "Net Income From Continuing And Discontinued Operation": NaN,
        "Total Expenses": NaN,
        "Total Operating Income As Reported": NaN,
        "Diluted Average Shares": NaN,
        "Basic Average Shares": NaN,
        "Diluted EPS": NaN,
        "Basic EPS": NaN,
        "Diluted NI Availto Com Stockholders": NaN,
        "Net Income Common Stockholders": NaN,
        "Net Income": NaN,
        "Net Income Including Noncontrolling Interests": NaN,
        "Net Income Continuous Operations": NaN,
        "Tax Provision": 0.0,
        "Pretax Income": NaN,
        "Net Non Operating Interest Income Expense": NaN,
        "Interest Expense Non Operating": NaN,
        "Interest Income Non Operating": NaN,
        "Operating Income": NaN,
        "Operating Expense": NaN,
        "Research And Development": NaN,
        "Selling General And Administration": NaN,
        "Gross Profit": NaN,
        "Cost Of Revenue": NaN,
        "Total Revenue": NaN,
        "Operating Revenue": NaN
    },
    "2024-09-30": {
        "Tax Effect Of Unusual Items": 0.0,
        "Tax Rate For Calcs": 0.21,
        "Normalized EBITDA": 15092000.0,
        "Net Income From Continuing Operation Net Minority Interest": 12421000.0,
        "Reconciled Depreciation": 611000.0,
        "Reconciled Cost Of Revenue": 8026000.0,
        "EBITDA": 15092000.0,
        "EBIT": 14481000.0,
        "Net Interest Income": -1635000.0,
        "Interest Expense": 2060000.0,
        "Interest Income": 425000.0,
        "Normalized Income": 12421000.0,
        "Net Income From Continuing And Discontinued Operation": 12421000.0,
        "Total Expenses": 41251000.0,
        "Total Operating Income As Reported": 14056000.0,
        "Diluted Average Shares": 17648000.0,
        "Basic Average Shares": 17600000.0,
        "Diluted EPS": 0.7,
        "Basic EPS": 0.71,
        "Diluted NI Availto Com Stockholders": 12421000.0,
        "Net Income Common Stockholders": 12421000.0,
        "Net Income": 12421000.0,
        "Net Income Including Noncontrolling Interests": 12421000.0,
        "Net Income Continuous Operations": 12421000.0,
        "Tax Provision": NaN,
        "Pretax Income": 12421000.0,
        "Net Non Operating Interest Income Expense": -1635000.0,
        "Interest Expense Non Operating": 2060000.0,
        "Interest Income Non Operating": 425000.0,
        "Operating Income": 14056000.0,
        "Operating Expense": 33225000.0,
        "Research And Development": 6182000.0,
        "Selling General And Administration": 27043000.0,
        "Gross Profit": 47281000.0,
        "Cost Of Revenue": 8026000.0,
        "Total Revenue": 55307000.0,
        "Operating Revenue": 72702000.0
    },
    "2024-12-31": {
        "Tax Effect Of Unusual Items": 0.0,
        "Tax Rate For Calcs": 0.21,
        "Normalized EBITDA": 17781000.0,
        "Net Income From Continuing Operation Net Minority Interest": 14341000.0,
        "Reconciled Depreciation": 604000.0,
        "Reconciled Cost Of Revenue": 5789000.0,
        "EBITDA": 17781000.0,
        "EBIT": 17177000.0,
        "Net Interest Income": -1433000.0,
        "Interest Expense": 1955000.0,
        "Interest Income": 522000.0,
        "Normalized Income": 14341000.0,
        "Net Income From Continuing And Discontinued Operation": 14341000.0,
        "Total Expenses": 40941000.0,
        "Total Operating Income As Reported": 16655000.0,
        "Diluted Average Shares": 17986000.0,
        "Basic Average Shares": 17647000.0,
        "Diluted EPS": 0.8,
        "Basic EPS": 0.81,
        "Diluted NI Availto Com Stockholders": 14341000.0,
        "Net Income Common Stockholders": 14341000.0,
        "Net Income": 14341000.0,
        "Net Income Including Noncontrolling Interests": 14341000.0,
        "Net Income Continuous Operations": 14341000.0,
        "Tax Provision": NaN,
        "Pretax Income": 15222000.0,
        "Net Non Operating Interest Income Expense": -1433000.0,
        "Interest Expense Non Operating": 1955000.0,
        "Interest Income Non Operating": 522000.0,
        "Operating Income": 16655000.0,
        "Operating Expense": 35152000.0,
        "Research And Development": 5632000.0,
        "Selling General And Administration": 29520000.0,
        "Gross Profit": 51807000.0,
        "Cost Of Revenue": 5789000.0,
        "Total Revenue": 57596000.0,
        "Operating Revenue": 77270000.0
    },
    "2025-03-31": {
        "Tax Effect Of Unusual Items": 0.0,
        "Tax Rate For Calcs": 0.005647,
        "Normalized EBITDA": 13968000.0,
        "Net Income From Continuing Operation Net Minority Interest": 11446000.0,
        "Reconciled Depreciation": 604000.0,
        "Reconciled Cost Of Revenue": 4409000.0,
        "EBITDA": 13968000.0,
        "EBIT": 13364000.0,
        "Net Interest Income": -1262000.0,
        "Interest Expense": 1853000.0,
        "Interest Income": 591000.0,
        "Normalized Income": 11446000.0,
        "Net Income From Continuing And Discontinued Operation": 11446000.0,
        "Total Expenses": 40560000.0,
        "Total Operating Income As Reported": 12773000.0,
        "Diluted Average Shares": 18169000.0,
        "Basic Average Shares": 17808000.0,
        "Diluted EPS": 0.63,
        "Basic EPS": 0.64,
        "Diluted NI Availto Com Stockholders": 11446000.0,
        "Net Income Common Stockholders": 11446000.0,
        "Net Income": 11446000.0,
        "Net Income Including Noncontrolling Interests": 11446000.0,
        "Net Income Continuous Operations": 11446000.0,
        "Tax Provision": 65000.0,
        "Pretax Income": 11511000.0,
        "Net Non Operating Interest Income Expense": -1262000.0,
        "Interest Expense Non Operating": 1853000.0,
        "Interest Income Non Operating": 591000.0,
        "Operating Income": 12773000.0,
        "Operating Expense": 36151000.0,
        "Research And Development": 8436000.0,
        "Selling General And Administration": 27715000.0,
        "Gross Profit": 48924000.0,
        "Cost Of Revenue": 4409000.0,
        "Total Revenue": 53333000.0,
        "Operating Revenue": 69975000.0
    },
    "2025-06-30": {
        "Tax Effect Of Unusual Items": 0.0,
        "Tax Rate For Calcs": 0.006152,
        "Normalized EBITDA": 62463000.0,
        "Net Income From Continuing Operation Net Minority Interest": 59613000.0,
        "Reconciled Depreciation": 607000.0,
        "Reconciled Cost Of Revenue": 4504000.0,
        "EBITDA": 62463000.0,
        "EBIT": 61856000.0,
        "Net Interest Income": -1121000.0,
        "Interest Expense": 1874000.0,
        "Interest Income": 753000.0,
        "Normalized Income": 59613000.0,
        "Net Income From Continuing And Discontinued Operation": 59613000.0,
        "Total Expenses": 40582000.0,
        "Total Operating Income As Reported": 61103000.0,
        "Diluted Average Shares": 18162000.0,
        "Basic Average Shares": 17885000.0,
        "Diluted EPS": 3.28,
        "Basic EPS": 3.33,
        "Diluted NI Availto Com Stockholders": 59613000.0,
        "Net Income Common Stockholders": 59613000.0,
        "Net Income": 59613000.0,
        "Net Income Including Noncontrolling Interests": 59613000.0,
        "Net Income Continuous Operations": 59613000.0,
        "Tax Provision": 369000.0,
        "Pretax Income": 59982000.0,
        "Net Non Operating Interest Income Expense": -1121000.0,
        "Interest Expense Non Operating": 1874000.0,
        "Interest Income Non Operating": 753000.0,
        "Operating Income": 61103000.0,
        "Operating Expense": 36078000.0,
        "Research And Development": 6821000.0,
        "Selling General And Administration": 29257000.0,
        "Gross Profit": 97181000.0,
        "Cost Of Revenue": 4504000.0,
        "Total Revenue": 101685000.0,
        "Operating Revenue": 122429000.0
    },
    "2025-09-30": {
        "Tax Effect Of Unusual Items": 0.0,
        "Tax Rate For Calcs": 0.21,
        "Normalized EBITDA": 30117000.0,
        "Net Income From Continuing Operation Net Minority Interest": 27900000.0,
        "Reconciled Depreciation": 603000.0,
        "Reconciled Cost Of Revenue": 4753000.0,
        "EBITDA": 30117000.0,
        "EBIT": 29514000.0,
        "Net Interest Income": -800000.0,
        "Interest Expense": 1894000.0,
        "Interest Income": 1094000.0,
        "Normalized Income": 27900000.0,
        "Net Income From Continuing And Discontinued Operation": 27900000.0,
        "Total Expenses": 41042000.0,
        "Total Operating Income As Reported": 28420000.0,
        "Diluted Average Shares": 19156000.0,
        "Basic Average Shares": 18038000.0,
        "Diluted EPS": 1.46,
        "Basic EPS": 1.55,
        "Diluted NI Availto Com Stockholders": 27900000.0,
        "Net Income Common Stockholders": 27900000.0,
        "Net Income": 27900000.0,
        "Net Income Including Noncontrolling Interests": 27900000.0,
        "Net Income Continuous Operations": 27900000.0,
        "Tax Provision": -280000.0,
        "Pretax Income": 27620000.0,
        "Net Non Operating Interest Income Expense": -800000.0,
        "Interest Expense Non Operating": 1894000.0,
        "Interest Income Non Operating": 1094000.0,
        "Operating Income": 28420000.0,
        "Operating Expense": 36289000.0,
        "Research And Development": 7353000.0,
        "Selling General And Administration": 28936000.0,
        "Gross Profit": 64709000.0,
        "Cost Of Revenue": 4753000.0,
        "Total Revenue": 69462000.0,
        "Operating Revenue": 91019000.0
    }
}