{
    "2023-03-31": {
        "Tax Effect Of Unusual Items": -5034960.0,
        "Tax Rate For Calcs": 0.324,
        "Normalized EBITDA": 100657000.0,
        "Total Unusual Items": -15540000.0,
        "Total Unusual Items Excluding Goodwill": -15540000.0,
        "Net Income From Continuing Operation Net Minority Interest": 17155000.0,
        "Reconciled Depreciation": 13077000.0,
        "Reconciled Cost Of Revenue": 134447000.0,
        "EBITDA": 85117000.0,
        "EBIT": 72040000.0,
        "Net Interest Income": -44987000.0,
        "Interest Expense": 47561000.0,
        "Interest Income": 2574000.0,
        "Normalized Income": 27660040.0,
        "Net Income From Continuing And Discontinued Operation": 17155000.0,
        "Total Expenses": 347074000.0,
        "Total Operating Income As Reported": 84923000.0,
        "Diluted Average Shares": 29513435.0,
        "Basic Average Shares": 28585337.0,
        "Diluted EPS": 0.51,
        "Basic EPS": 0.53,
        "Diluted NI Availto Com Stockholders": 15143000.0,
        "Net Income Common Stockholders": 15143000.0,
        "Preferred Stock Dividends": 2012000.0,
        "Net Income": 17155000.0,
        "Minority Interests": 595000.0,
        "Net Income Including Noncontrolling Interests": 16560000.0,
        "Net Income Continuous Operations": 16560000.0,
        "Tax Provision": 7919000.0,
        "Pretax Income": 24479000.0,
        "Other Income Expense": -15550000.0,
        "Special Income Charges": -93000.0,
        "Impairment Of Capital Assets": NaN,
        "Restructuring And Mergern Acquisition": 93000.0,
        "Earnings From Equity Interest": -10000.0,
        "Gain On Sale Of Security": -15447000.0,
        "Net Non Operating Interest Income Expense": -44987000.0,
        "Interest Expense Non Operating": 47561000.0,
        "Interest Income Non Operating": 2574000.0,
        "Operating Income": 85016000.0,
        "Operating Expense": 212627000.0,
        "Selling General And Administration": 212627000.0,
        "Gross Profit": 297643000.0,
        "Cost Of Revenue": 134447000.0,
        "Total Revenue": 432090000.0,
        "Operating Revenue": 432090000.0
    },
    "2022-12-31": {
        "Tax Effect Of Unusual Items": -24204356.511498,
        "Tax Rate For Calcs": 0.27441,
        "Normalized EBITDA": 58594000.0,
        "Total Unusual Items": -88205000.0,
        "Total Unusual Items Excluding Goodwill": -88205000.0,
        "Net Income From Continuing Operation Net Minority Interest": -57445000.0,
        "Reconciled Depreciation": 13443000.0,
        "Reconciled Cost Of Revenue": 162547000.0,
        "EBITDA": -29611000.0,
        "EBIT": -43054000.0,
        "Net Interest Income": -42917000.0,
        "Interest Expense": 44399000.0,
        "Interest Income": 1482000.0,
        "Normalized Income": 6555643.488502,
        "Net Income From Continuing And Discontinued Operation": -57445000.0,
        "Total Expenses": 371099000.0,
        "Total Operating Income As Reported": 119924000.0,
        "Diluted Average Shares": 28545714.0,
        "Basic Average Shares": 28545714.0,
        "Diluted EPS": -2.08,
        "Basic EPS": -2.08,
        "Diluted NI Availto Com Stockholders": -59447000.0,
        "Net Income Common Stockholders": -59447000.0,
        "Preferred Stock Dividends": 2002000.0,
        "Net Income": -57445000.0,
        "Minority Interests": 6010000.0,
        "Net Income Including Noncontrolling Interests": -63455000.0,
        "Net Income Continuous Operations": -63455000.0,
        "Tax Provision": -23998000.0,
        "Pretax Income": -87453000.0,
        "Other Income Expense": -87920000.0,
        "Special Income Charges": -995000.0,
        "Impairment Of Capital Assets": NaN,
        "Restructuring And Mergern Acquisition": 995000.0,
        "Earnings From Equity Interest": 285000.0,
        "Gain On Sale Of Security": -87210000.0,
        "Net Non Operating Interest Income Expense": -42917000.0,
        "Interest Expense Non Operating": 44399000.0,
        "Interest Income Non Operating": 1482000.0,
        "Operating Income": 43384000.0,
        "Operating Expense": 208552000.0,
        "Selling General And Administration": 208552000.0,
        "Gross Profit": 251936000.0,
        "Cost Of Revenue": 162547000.0,
        "Total Revenue": 414483000.0,
        "Operating Revenue": 414483000.0
    },
    "2022-09-30": {
        "Tax Effect Of Unusual Items": NaN,
        "Tax Rate For Calcs": NaN,
        "Normalized EBITDA": NaN,
        "Total Unusual Items": NaN,
        "Total Unusual Items Excluding Goodwill": NaN,
        "Net Income From Continuing Operation Net Minority Interest": NaN,
        "Reconciled Depreciation": NaN,
        "Reconciled Cost Of Revenue": NaN,
        "EBITDA": NaN,
        "EBIT": NaN,
        "Net Interest Income": NaN,
        "Interest Expense": NaN,
        "Interest Income": NaN,
        "Normalized Income": NaN,
        "Net Income From Continuing And Discontinued Operation": NaN,
        "Total Expenses": NaN,
        "Total Operating Income As Reported": NaN,
        "Diluted Average Shares": NaN,
        "Basic Average Shares": NaN,
        "Diluted EPS": NaN,
        "Basic EPS": NaN,
        "Diluted NI Availto Com Stockholders": NaN,
        "Net Income Common Stockholders": NaN,
        "Preferred Stock Dividends": NaN,
        "Net Income": NaN,
        "Minority Interests": NaN,
        "Net Income Including Noncontrolling Interests": NaN,
        "Net Income Continuous Operations": NaN,
        "Tax Provision": NaN,
        "Pretax Income": NaN,
        "Other Income Expense": NaN,
        "Special Income Charges": NaN,
        "Impairment Of Capital Assets": 0.0,
        "Restructuring And Mergern Acquisition": NaN,
        "Earnings From Equity Interest": NaN,
        "Gain On Sale Of Security": NaN,
        "Net Non Operating Interest Income Expense": NaN,
        "Interest Expense Non Operating": NaN,
        "Interest Income Non Operating": NaN,
        "Operating Income": NaN,
        "Operating Expense": NaN,
        "Selling General And Administration": NaN,
        "Gross Profit": NaN,
        "Cost Of Revenue": NaN,
        "Total Revenue": NaN,
        "Operating Revenue": NaN
    },
    "2022-06-30": {
        "Tax Effect Of Unusual Items": 1199933.754977,
        "Tax Rate For Calcs": 0.277698,
        "Normalized EBITDA": -161658000.0,
        "Total Unusual Items": 4321000.0,
        "Total Unusual Items Excluding Goodwill": 4321000.0,
        "Net Income From Continuing Operation Net Minority Interest": -140159000.0,
        "Reconciled Depreciation": 7961000.0,
        "Reconciled Cost Of Revenue": 34323000.0,
        "EBITDA": -157337000.0,
        "EBIT": -157337000.0,
        "Net Interest Income": -31264000.0,
        "Interest Expense": 31764000.0,
        "Interest Income": 500000.0,
        "Normalized Income": -143280066.245023,
        "Net Income From Continuing And Discontinued Operation": -140159000.0,
        "Total Expenses": 201459000.0,
        "Total Operating Income As Reported": -158759000.0,
        "Diluted Average Shares": 28051570.0,
        "Basic Average Shares": 28051570.0,
        "Diluted EPS": -5.07,
        "Basic EPS": -5.07,
        "Diluted NI Availto Com Stockholders": -142161000.0,
        "Net Income Common Stockholders": -142161000.0,
        "Preferred Stock Dividends": 2002000.0,
        "Net Income": -140159000.0,
        "Minority Interests": -3571000.0,
        "Net Income Including Noncontrolling Interests": -136588000.0,
        "Net Income Continuous Operations": -136588000.0,
        "Tax Provision": -52513000.0,
        "Pretax Income": -189101000.0,
        "Other Income Expense": 922000.0,
        "Special Income Charges": NaN,
        "Impairment Of Capital Assets": NaN,
        "Restructuring And Mergern Acquisition": NaN,
        "Earnings From Equity Interest": -3399000.0,
        "Gain On Sale Of Security": 4321000.0,
        "Net Non Operating Interest Income Expense": -31264000.0,
        "Interest Expense Non Operating": 31764000.0,
        "Interest Income Non Operating": 500000.0,
        "Operating Income": -158759000.0,
        "Operating Expense": 167136000.0,
        "Selling General And Administration": 167136000.0,
        "Gross Profit": 8377000.0,
        "Cost Of Revenue": 34323000.0,
        "Total Revenue": 42700000.0,
        "Operating Revenue": 42700000.0
    },
    "2022-03-31": {
        "Diluted EPS": -0.43,
        "Total Revenue": 247,
        "Gross Profit": 233,
        "Operating Income": 46,
        "EBIT": 66,
        "Net Income": -12
    },
    "2021-12-31": {
        "Diluted EPS": 2.01,
        "Total Revenue": 236,
        "Gross Profit": 218,
        "Operating Income": -65,
        "EBIT": -46,
        "Net Income": 62
    },
    "2021-09-30": {
        "Diluted EPS": 1.69,
        "Total Revenue": 382,
        "Gross Profit": 351,
        "Operating Income": 97,
        "EBIT": 113,
        "Net Income": 49
    },
    "2021-06-30": {
        "Diluted EPS": 2.58,
        "Total Revenue": 337,
        "Gross Profit": 321,
        "Operating Income": 110,
        "EBIT": 127,
        "Net Income": 74
    },
    "2021-03-31": {
        "Diluted EPS": 8.81,
        "Total Revenue": 600,
        "Gross Profit": 584,
        "Operating Income": 373,
        "EBIT": 399,
        "Net Income": 253
    },
    "2020-12-31": {
        "Diluted EPS": 6.57,
        "Total Revenue": 342,
        "Gross Profit": 331,
        "Operating Income": 183,
        "EBIT": 199,
        "Net Income": 170
    },
    "2020-09-30": {
        "Diluted EPS": 1.75,
        "Total Revenue": 226,
        "Gross Profit": 193,
        "Operating Income": 84,
        "EBIT": 99,
        "Net Income": 47
    },
    "2020-06-30": {
        "Diluted EPS": 3.07,
        "Total Revenue": 266,
        "Gross Profit": 258,
        "Operating Income": 131,
        "EBIT": 147,
        "Net Income": 83
    },
    "2020-03-31": {
        "Diluted EPS": -3.83,
        "Total Revenue": 0,
        "Gross Profit": -21,
        "Operating Income": -121,
        "EBIT": -108,
        "Net Income": -100
    },
    "2019-12-31": {
        "Diluted EPS": 0.62,
        "Total Revenue": 165,
        "Gross Profit": 144,
        "Operating Income": 38,
        "EBIT": 52,
        "Net Income": 17
    },
    "2019-09-30": {
        "Diluted EPS": 1.21,
        "Total Revenue": 180,
        "Gross Profit": 171,
        "Operating Income": 60,
        "EBIT": 75,
        "Net Income": 34
    },
    "2019-06-30": {
        "Diluted EPS": 0.82,
        "Total Revenue": 165,
        "Gross Profit": 143,
        "Operating Income": 44,
        "EBIT": 55,
        "Net Income": 22
    },
    "2019-03-31": {
        "Diluted EPS": 0.3,
        "Total Revenue": 142,
        "Gross Profit": 127,
        "Operating Income": 25,
        "EBIT": 37,
        "Net Income": 8
    },
    "2018-12-31": {
        "Diluted EPS": -0.33,
        "Total Revenue": 102,
        "Gross Profit": 100,
        "Operating Income": -7,
        "EBIT": 4,
        "Net Income": -9
    },
    "2018-09-30": {
        "Diluted EPS": 0.1,
        "Total Revenue": 100,
        "Gross Profit": 91,
        "Operating Income": 13,
        "EBIT": 22,
        "Net Income": 3
    },
    "2018-06-30": {
        "Diluted EPS": 0.64,
        "Total Revenue": 126,
        "Gross Profit": 112,
        "Operating Income": 28,
        "EBIT": 37,
        "Net Income": 17
    },
    "2018-03-31": {
        "Diluted EPS": 0.17,
        "Total Revenue": 96,
        "Gross Profit": 84,
        "Operating Income": 11,
        "EBIT": 19,
        "Net Income": 5
    },
    "2017-12-31": {
        "Diluted EPS": -0.39,
        "Total Revenue": 110,
        "Gross Profit": 116,
        "Operating Income": 14,
        "EBIT": 23,
        "Net Income": -6
    },
    "2017-09-30": {
        "Diluted EPS": 0.01,
        "Total Revenue": 92,
        "Gross Profit": 82,
        "Operating Income": 1,
        "EBIT": 10,
        "Net Income": 0
    },
    "2017-06-30": {
        "Diluted EPS": 0.15,
        "Total Revenue": 67,
        "Gross Profit": 48,
        "Operating Income": 3,
        "EBIT": 6,
        "Net Income": 3
    },
    "2017-03-31": {
        "Diluted EPS": 0.71,
        "Total Revenue": 53,
        "Gross Profit": 35,
        "Operating Income": 11,
        "EBIT": 13,
        "Net Income": 14
    },
    "2016-12-31": {
        "Diluted EPS": 0.7,
        "Total Revenue": 93,
        "Gross Profit": 65,
        "Operating Income": 31,
        "EBIT": 33,
        "Net Income": 12
    },
    "2016-09-30": {
        "Diluted EPS": 0.47,
        "Total Revenue": 57,
        "Gross Profit": 42,
        "Operating Income": 15,
        "EBIT": 17,
        "Net Income": 9
    },
    "2016-06-30": {
        "Diluted EPS": -0.01,
        "Total Revenue": 20,
        "Gross Profit": 15,
        "Operating Income": 0,
        "EBIT": 0,
        "Net Income": 0
    },
    "2016-03-31": {
        "Diluted EPS": 0.01,
        "Total Revenue": 20,
        "Gross Profit": 13,
        "Operating Income": 2,
        "EBIT": 2,
        "Net Income": 0
    },
    "2015-12-31": {
        "Diluted EPS": -0.06,
        "Total Revenue": 20,
        "Gross Profit": 11,
        "Operating Income": -1,
        "EBIT": -1,
        "Net Income": -1
    },
    "2015-09-30": {
        "Diluted EPS": 0.09,
        "Total Revenue": 21,
        "Gross Profit": 16,
        "Operating Income": 3,
        "EBIT": 3,
        "Net Income": 1
    },
    "2015-06-30": {
        "Diluted EPS": 0.53,
        "Total Revenue": 45,
        "Gross Profit": 35,
        "Operating Income": 15,
        "EBIT": 15,
        "Net Income": 9
    },
    "2015-03-31": {
        "Diluted EPS": 0.17,
        "Total Revenue": 26,
        "Gross Profit": 18,
        "Operating Income": 5,
        "EBIT": 6,
        "Net Income": 3
    },
    "2014-12-31": {
        "Diluted EPS": 0.54,
        "Total Revenue": 20,
        "Gross Profit": 10,
        "Operating Income": -4,
        "EBIT": -4,
        "Net Income": -3
    },
    "2014-09-30": {
        "Diluted EPS": -0.05,
        "Total Revenue": 21,
        "Gross Profit": 14,
        "Operating Income": -1,
        "EBIT": -1,
        "Net Income": -1
    },
    "2014-06-30": {
        "Diluted EPS": -0.16,
        "Total Revenue": 15,
        "Gross Profit": 9,
        "Operating Income": -1,
        "EBIT": -1,
        "Net Income": -1
    },
    "2014-03-31": {
        "Diluted EPS": -0.93,
        "Total Revenue": 22,
        "Gross Profit": 7,
        "Operating Income": -1,
        "EBIT": -1,
        "Net Income": -1
    },
    "2013-12-31": {
        "Diluted EPS": 0.74,
        "Total Revenue": 18,
        "Gross Profit": 11,
        "Operating Income": 3,
        "EBIT": 3,
        "Net Income": 1
    },
    "2013-09-30": {
        "Diluted EPS": 0.24,
        "Total Revenue": 22,
        "Gross Profit": 8,
        "Operating Income": 1,
        "EBIT": 1,
        "Net Income": 0
    },
    "2013-06-30": {
        "Diluted EPS": -1.07,
        "Total Revenue": 15,
        "Gross Profit": 8,
        "Operating Income": -2,
        "EBIT": -1,
        "Net Income": -2
    },
    "2013-03-31": {
        "Diluted EPS": 0.8,
        "Total Revenue": 21,
        "Gross Profit": 13,
        "Operating Income": 2,
        "EBIT": 3,
        "Net Income": 1
    },
    "2012-12-31": {
        "Diluted EPS": 1.6,
        "Total Revenue": 31,
        "Gross Profit": 19,
        "Operating Income": 5,
        "EBIT": 5,
        "Net Income": 2
    },
    "2012-09-30": {
        "Diluted EPS": -0.4,
        "Total Revenue": 14,
        "Gross Profit": 7,
        "Operating Income": -1,
        "EBIT": 0,
        "Net Income": -1
    },
    "2012-06-30": {
        "Diluted EPS": 0.4,
        "Total Revenue": 20,
        "Gross Profit": 11,
        "Operating Income": 1,
        "EBIT": 1,
        "Net Income": 1
    },
    "2012-03-31": {
        "Diluted EPS": 0.8,
        "Total Revenue": 19,
        "Gross Profit": 11,
        "Operating Income": 2,
        "EBIT": 3,
        "Net Income": 1
    },
    "2011-12-31": {
        "Diluted EPS": -0.4,
        "Total Revenue": 11,
        "Gross Profit": 6,
        "Operating Income": 0,
        "EBIT": 1,
        "Net Income": -1
    },
    "2011-09-30": {
        "Diluted EPS": 2.8,
        "Total Revenue": 29,
        "Gross Profit": 20,
        "Operating Income": 9,
        "EBIT": 9,
        "Net Income": 4
    },
    "2011-06-30": {
        "Diluted EPS": -1.6,
        "Total Revenue": 10,
        "Gross Profit": 6,
        "Operating Income": -2,
        "EBIT": -2,
        "Net Income": -2
    },
    "2011-03-31": {
        "Diluted EPS": -0.4,
        "Total Revenue": 14,
        "Gross Profit": 8,
        "Operating Income": 0,
        "EBIT": 1,
        "Net Income": -1
    },
    "2010-12-31": {
        "Diluted EPS": -1.4,
        "Total Revenue": 11,
        "Gross Profit": 6,
        "Operating Income": -1,
        "EBIT": -1,
        "Net Income": -2
    },
    "2010-09-30": {
        "Diluted EPS": 0.4,
        "Total Revenue": 14,
        "Gross Profit": 10,
        "Operating Income": 2,
        "EBIT": 3,
        "Net Income": 0
    },
    "2010-06-30": {
        "Diluted EPS": -4.8,
        "Total Revenue": 5,
        "Gross Profit": -2,
        "Operating Income": -10,
        "EBIT": -10,
        "Net Income": -7
    },
    "2010-03-31": {
        "Diluted EPS": -2.2,
        "Total Revenue": 12,
        "Gross Profit": 5,
        "Operating Income": -3,
        "EBIT": -3,
        "Net Income": -3
    },
    "2009-12-31": {
        "Diluted EPS": -3.2,
        "Total Revenue": 11,
        "Gross Profit": 11,
        "Operating Income": 11,
        "EBIT": 12,
        "Net Income": -5
    },
    "2009-09-30": {
        "Diluted EPS": 3.4,
        "Total Revenue": 15,
        "Gross Profit": 6,
        "Operating Income": -1,
        "EBIT": -1,
        "Net Income": 4
    },
    "2009-06-30": {
        "Diluted EPS": -0.6,
        "Total Revenue": 15,
        "Gross Profit": 15,
        "Operating Income": 15,
        "EBIT": 15,
        "Net Income": -1
    },
    "2009-03-31": {
        "Diluted EPS": 17.0,
        "Total Revenue": 42,
        "Gross Profit": 42,
        "Operating Income": 42,
        "EBIT": 42,
        "Net Income": 9
    },
    "2023-06-30": {
        "Tax Effect Of Unusual Items": 8691522.0,
        "Tax Rate For Calcs": 0.329,
        "Normalized EBITDA": 98733000.0,
        "Total Unusual Items": 26418000.0,
        "Total Unusual Items Excluding Goodwill": 26418000.0,
        "Net Income From Continuing Operation Net Minority Interest": 46381000.0,
        "Reconciled Depreciation": 12534000.0,
        "Reconciled Cost Of Revenue": 132038000.0,
        "EBITDA": 125151000.0,
        "EBIT": 112617000.0,
        "Net Interest Income": -46631000.0,
        "Interest Expense": 47332000.0,
        "Interest Income": 701000.0,
        "Normalized Income": 28654522.0,
        "Net Income From Continuing And Discontinued Operation": 46381000.0,
        "Total Expenses": 311716000.0,
        "Total Operating Income As Reported": 82994000.0,
        "Diluted Average Shares": 28654246.0,
        "Basic Average Shares": 28239116.0,
        "Diluted EPS": 1.55,
        "Basic EPS": 1.57,
        "Diluted NI Availto Com Stockholders": 44366000.0,
        "Net Income Common Stockholders": 44366000.0,
        "Preferred Stock Dividends": 2015000.0,
        "Net Income": 46381000.0,
        "Minority Interests": 2600000.0,
        "Net Income Including Noncontrolling Interests": 43781000.0,
        "Net Income Continuous Operations": 43781000.0,
        "Tax Provision": 21504000.0,
        "Pretax Income": 65285000.0,
        "Other Income Expense": 26561000.0,
        "Special Income Charges": -2361000.0,
        "Impairment Of Capital Assets": 1733000.0,
        "Restructuring And Mergern Acquisition": 628000.0,
        "Earnings From Equity Interest": 143000.0,
        "Gain On Sale Of Security": 28779000.0,
        "Net Non Operating Interest Income Expense": -46631000.0,
        "Interest Expense Non Operating": 47332000.0,
        "Interest Income Non Operating": 701000.0,
        "Operating Income": 85355000.0,
        "Operating Expense": 179678000.0,
        "Other Operating Expenses": -9207000.0,
        "Selling General And Administration": 188885000.0,
        "Gross Profit": 265033000.0,
        "Cost Of Revenue": 132038000.0,
        "Total Revenue": 397071000.0,
        "Operating Revenue": 397071000.0
    },
    "2023-09-30": {
        "Tax Effect Of Unusual Items": -16893195.0,
        "Tax Rate For Calcs": 0.165,
        "Normalized EBITDA": 68716000.0,
        "Total Unusual Items": -102383000.0,
        "Total Unusual Items Excluding Goodwill": -102383000.0,
        "Net Income From Continuing Operation Net Minority Interest": -73823000.0,
        "Reconciled Depreciation": 12491000.0,
        "Reconciled Cost Of Revenue": 184271000.0,
        "EBITDA": -33667000.0,
        "EBIT": -46158000.0,
        "Net Interest Income": -45049000.0,
        "Interest Expense": 45229000.0,
        "Interest Income": 180000.0,
        "Normalized Income": 11666805.0,
        "Net Income From Continuing And Discontinued Operation": -73823000.0,
        "Total Expenses": 405959000.0,
        "Total Operating Income As Reported": 20625000.0,
        "Diluted Average Shares": 29961068.0,
        "Basic Average Shares": 29961068.0,
        "Diluted EPS": -2.53,
        "Basic EPS": -2.53,
        "Diluted NI Availto Com Stockholders": -75838000.0,
        "Net Income Common Stockholders": -75838000.0,
        "Preferred Stock Dividends": 2015000.0,
        "Net Income": -73823000.0,
        "Minority Interests": 2485000.0,
        "Net Income Including Noncontrolling Interests": -76308000.0,
        "Net Income Continuous Operations": -76308000.0,
        "Tax Provision": -15079000.0,
        "Pretax Income": -91387000.0,
        "Other Income Expense": -102691000.0,
        "Special Income Charges": -35728000.0,
        "Impairment Of Capital Assets": 35500000.0,
        "Restructuring And Mergern Acquisition": 228000.0,
        "Earnings From Equity Interest": -308000.0,
        "Gain On Sale Of Security": -66655000.0,
        "Net Non Operating Interest Income Expense": -45049000.0,
        "Interest Expense Non Operating": 45229000.0,
        "Interest Income Non Operating": 180000.0,
        "Operating Income": 56353000.0,
        "Operating Expense": 221688000.0,
        "Other Operating Expenses": NaN,
        "Selling General And Administration": 221688000.0,
        "Gross Profit": 278041000.0,
        "Cost Of Revenue": 184271000.0,
        "Total Revenue": 462312000.0,
        "Operating Revenue": 462312000.0
    },
    "2023-12-31": {
        "Tax Effect Of Unusual Items": -28971181.107455,
        "Tax Rate For Calcs": 0.362734,
        "Normalized EBITDA": -2439000.0,
        "Total Unusual Items": -79869000.0,
        "Total Unusual Items Excluding Goodwill": -79869000.0,
        "Net Income From Continuing Operation Net Minority Interest": -89623000.0,
        "Reconciled Depreciation": 11502000.0,
        "Reconciled Cost Of Revenue": 146824000.0,
        "EBITDA": -82308000.0,
        "EBIT": -93810000.0,
        "Net Interest Income": -46471000.0,
        "Interest Expense": 46891000.0,
        "Interest Income": 420000.0,
        "Normalized Income": -38725181.107455,
        "Net Income From Continuing And Discontinued Operation": -89623000.0,
        "Total Expenses": 357275000.0,
        "Total Operating Income As Reported": -43889000.0,
        "Diluted Average Shares": 30248946.0,
        "Basic Average Shares": 30248946.0,
        "Diluted EPS": -2.32,
        "Basic EPS": -2.32,
        "Diluted NI Availto Com Stockholders": -91638000.0,
        "Net Income Common Stockholders": -91638000.0,
        "Preferred Stock Dividends": 2015000.0,
        "Net Income": -89623000.0,
        "Minority Interests": 41000.0,
        "Net Income Including Noncontrolling Interests": -89664000.0,
        "Net Income Continuous Operations": -89664000.0,
        "Tax Provision": -51037000.0,
        "Pretax Income": -140701000.0,
        "Other Income Expense": -79875000.0,
        "Special Income Charges": -18379000.0,
        "Impairment Of Capital Assets": 33100000.0,
        "Restructuring And Mergern Acquisition": -14721000.0,
        "Earnings From Equity Interest": -6000.0,
        "Gain On Sale Of Security": -61490000.0,
        "Net Non Operating Interest Income Expense": -46471000.0,
        "Interest Expense Non Operating": 46891000.0,
        "Interest Income Non Operating": 420000.0,
        "Operating Income": -14355000.0,
        "Operating Expense": 210451000.0,
        "Other Operating Expenses": NaN,
        "Selling General And Administration": 205703000.0,
        "Gross Profit": 196096000.0,
        "Cost Of Revenue": 146824000.0,
        "Total Revenue": 342920000.0,
        "Operating Revenue": 342920000.0
    },
    "2024-03-31": {
        "Tax Effect Of Unusual Items": -4787915.0,
        "Tax Rate For Calcs": 0.263,
        "Normalized EBITDA": 9162000.0,
        "Total Unusual Items": -18205000.0,
        "Total Unusual Items Excluding Goodwill": -18205000.0,
        "Net Income From Continuing Operation Net Minority Interest": -49165000.0,
        "Reconciled Depreciation": 11137000.0,
        "Reconciled Cost Of Revenue": 136124000.0,
        "EBITDA": -9043000.0,
        "EBIT": -20180000.0,
        "Net Interest Income": -44195000.0,
        "Interest Expense": 44864000.0,
        "Interest Income": 669000.0,
        "Normalized Income": -35747915.0,
        "Net Income From Continuing And Discontinued Operation": -49165000.0,
        "Total Expenses": 345672000.0,
        "Total Operating Income As Reported": -3429000.0,
        "Diluted Average Shares": 29989584.0,
        "Basic Average Shares": 29989584.0,
        "Diluted EPS": -1.71,
        "Basic EPS": -1.71,
        "Diluted NI Availto Com Stockholders": -51180000.0,
        "Net Income Common Stockholders": -51180000.0,
        "Preferred Stock Dividends": 2015000.0,
        "Net Income": -49165000.0,
        "Minority Interests": -1211000.0,
        "Net Income Including Noncontrolling Interests": -47954000.0,
        "Net Income Continuous Operations": -47954000.0,
        "Tax Provision": -17090000.0,
        "Pretax Income": -65044000.0,
        "Other Income Expense": -18209000.0,
        "Special Income Charges": -789000.0,
        "Impairment Of Capital Assets": NaN,
        "Restructuring And Mergern Acquisition": 789000.0,
        "Earnings From Equity Interest": -4000.0,
        "Gain On Sale Of Security": -17416000.0,
        "Net Non Operating Interest Income Expense": -44195000.0,
        "Interest Expense Non Operating": 44864000.0,
        "Interest Income Non Operating": 669000.0,
        "Operating Income": -2640000.0,
        "Operating Expense": 209548000.0,
        "Other Operating Expenses": NaN,
        "Selling General And Administration": 209548000.0,
        "Gross Profit": 206908000.0,
        "Cost Of Revenue": 136124000.0,
        "Total Revenue": 343032000.0,
        "Operating Revenue": 343032000.0
    },
    "2024-06-30": {
        "Tax Effect Of Unusual Items": -10635045.0,
        "Tax Rate For Calcs": 0.061,
        "Normalized EBITDA": -179942000.0,
        "Total Unusual Items": -174345000.0,
        "Total Unusual Items Excluding Goodwill": -174345000.0,
        "Net Income From Continuing Operation Net Minority Interest": -433604000.0,
        "Reconciled Depreciation": 11799000.0,
        "Reconciled Cost Of Revenue": 131582000.0,
        "EBITDA": -354287000.0,
        "EBIT": -366086000.0,
        "Net Interest Income": -41883000.0,
        "Interest Expense": 42687000.0,
        "Interest Income": 804000.0,
        "Normalized Income": -269894045.0,
        "Net Income From Continuing And Discontinued Operation": -433604000.0,
        "Total Expenses": 516502000.0,
        "Total Operating Income As Reported": -220256000.0,
        "Diluted Average Shares": 30352054.0,
        "Basic Average Shares": 30352054.0,
        "Diluted EPS": -14.35,
        "Basic EPS": -14.35,
        "Diluted NI Availto Com Stockholders": -435619000.0,
        "Net Income Common Stockholders": -435619000.0,
        "Preferred Stock Dividends": 2015000.0,
        "Net Income": -433604000.0,
        "Minority Interests": 177000.0,
        "Net Income Including Noncontrolling Interests": -433781000.0,
        "Net Income Continuous Operations": -433781000.0,
        "Tax Provision": 25008000.0,
        "Pretax Income": -408773000.0,
        "Other Income Expense": -174335000.0,
        "Special Income Charges": -27701000.0,
        "Impairment Of Capital Assets": 27681000.0,
        "Restructuring And Mergern Acquisition": 20000.0,
        "Earnings From Equity Interest": 10000.0,
        "Gain On Sale Of Security": -146644000.0,
        "Net Non Operating Interest Income Expense": -41883000.0,
        "Interest Expense Non Operating": 42687000.0,
        "Interest Income Non Operating": 804000.0,
        "Operating Income": -192555000.0,
        "Operating Expense": 384920000.0,
        "Other Operating Expenses": 175582000.0,
        "Selling General And Administration": 209338000.0,
        "Gross Profit": 192365000.0,
        "Cost Of Revenue": 131582000.0,
        "Total Revenue": 323947000.0,
        "Operating Revenue": 323947000.0
    }
}