{
    "2023-06-30": {
        "Tax Effect Of Unusual Items": NaN,
        "Tax Rate For Calcs": NaN,
        "Net Income From Continuing Operation Net Minority Interest": NaN,
        "Reconciled Depreciation": NaN,
        "Net Interest Income": NaN,
        "Interest Expense": NaN,
        "Interest Income": NaN,
        "Normalized Income": NaN,
        "Net Income From Continuing And Discontinued Operation": NaN,
        "Diluted Average Shares": NaN,
        "Basic Average Shares": NaN,
        "Diluted EPS": NaN,
        "Basic EPS": NaN,
        "Diluted NI Availto Com Stockholders": NaN,
        "Average Dilution Earnings": NaN,
        "Net Income Common Stockholders": NaN,
        "Otherunder Preferred Stock Dividend": 1000000.0,
        "Preferred Stock Dividends": NaN,
        "Net Income": NaN,
        "Net Income Including Noncontrolling Interests": NaN,
        "Net Income Continuous Operations": NaN,
        "Tax Provision": NaN,
        "Pretax Income": NaN,
        "Selling General And Administration": NaN,
        "General And Administrative Expense": NaN,
        "Salaries And Wages": NaN,
        "Total Revenue": NaN,
        "Operating Revenue": NaN,
        "Occupancy And Equipment": NaN,
        "Professional Expense And Contract Services Expense": NaN,
        "Other Non Interest Expense": NaN
    },
    "2023-03-31": {
        "Tax Effect Of Unusual Items": NaN,
        "Tax Rate For Calcs": NaN,
        "Net Income From Continuing Operation Net Minority Interest": NaN,
        "Reconciled Depreciation": NaN,
        "Net Interest Income": NaN,
        "Interest Expense": NaN,
        "Interest Income": NaN,
        "Normalized Income": NaN,
        "Net Income From Continuing And Discontinued Operation": NaN,
        "Diluted Average Shares": NaN,
        "Basic Average Shares": NaN,
        "Diluted EPS": NaN,
        "Basic EPS": NaN,
        "Diluted NI Availto Com Stockholders": NaN,
        "Net Income Common Stockholders": NaN,
        "Otherunder Preferred Stock Dividend": 2000000.0,
        "Preferred Stock Dividends": NaN,
        "Net Income": NaN,
        "Net Income Including Noncontrolling Interests": NaN,
        "Net Income Continuous Operations": NaN,
        "Tax Provision": NaN,
        "Pretax Income": NaN,
        "Selling General And Administration": NaN,
        "General And Administrative Expense": NaN,
        "Other Gand A": 207000000.0,
        "Salaries And Wages": NaN,
        "Total Revenue": NaN,
        "Operating Revenue": NaN,
        "Occupancy And Equipment": NaN,
        "Professional Expense And Contract Services Expense": NaN,
        "Other Non Interest Expense": NaN
    },
    "2022-12-31": {
        "Tax Effect Of Unusual Items": NaN,
        "Tax Rate For Calcs": NaN,
        "Net Income From Continuing Operation Net Minority Interest": NaN,
        "Reconciled Depreciation": NaN,
        "Net Interest Income": NaN,
        "Interest Expense": NaN,
        "Interest Income": NaN,
        "Normalized Income": NaN,
        "Net Income From Continuing And Discontinued Operation": NaN,
        "Diluted Average Shares": NaN,
        "Basic Average Shares": NaN,
        "Diluted EPS": NaN,
        "Basic EPS": NaN,
        "Diluted NI Availto Com Stockholders": NaN,
        "Net Income Common Stockholders": NaN,
        "Otherunder Preferred Stock Dividend": NaN,
        "Preferred Stock Dividends": 2000000.0,
        "Net Income": NaN,
        "Net Income Including Noncontrolling Interests": NaN,
        "Net Income Continuous Operations": NaN,
        "Tax Provision": NaN,
        "Pretax Income": NaN,
        "Selling General And Administration": NaN,
        "General And Administrative Expense": NaN,
        "Other Gand A": NaN,
        "Salaries And Wages": NaN,
        "Total Revenue": NaN,
        "Operating Revenue": NaN,
        "Occupancy And Equipment": NaN,
        "Professional Expense And Contract Services Expense": NaN,
        "Other Non Interest Expense": NaN
    },
    "2022-09-30": {
        "Tax Effect Of Unusual Items": NaN,
        "Tax Rate For Calcs": NaN,
        "Total Unusual Items": 0.0,
        "Total Unusual Items Excluding Goodwill": 0.0,
        "Net Income From Continuing Operation Net Minority Interest": NaN,
        "Reconciled Depreciation": NaN,
        "Net Interest Income": NaN,
        "Interest Expense": NaN,
        "Interest Income": NaN,
        "Normalized Income": NaN,
        "Net Income From Continuing And Discontinued Operation": NaN,
        "Diluted Average Shares": NaN,
        "Basic Average Shares": NaN,
        "Diluted EPS": NaN,
        "Basic EPS": NaN,
        "Diluted NI Availto Com Stockholders": NaN,
        "Net Income Common Stockholders": NaN,
        "Otherunder Preferred Stock Dividend": 1000000.0,
        "Preferred Stock Dividends": NaN,
        "Net Income": NaN,
        "Net Income Including Noncontrolling Interests": NaN,
        "Net Income Continuous Operations": NaN,
        "Tax Provision": NaN,
        "Pretax Income": NaN,
        "Special Income Charges": 0.0,
        "Selling General And Administration": NaN,
        "General And Administrative Expense": NaN,
        "Other Gand A": 197000000.0,
        "Salaries And Wages": NaN,
        "Total Revenue": NaN,
        "Operating Revenue": NaN
    },
    "2022-06-30": {
        "Tax Effect Of Unusual Items": 0.0,
        "Tax Rate For Calcs": 0.275,
        "Total Unusual Items": 0.0,
        "Total Unusual Items Excluding Goodwill": 0.0,
        "Net Income From Continuing Operation Net Minority Interest": 301000000.0,
        "Reconciled Depreciation": 36000000.0,
        "Net Interest Income": 314000000.0,
        "Interest Expense": 60000000.0,
        "Interest Income": 374000000.0,
        "Normalized Income": 301000000.0,
        "Net Income From Continuing And Discontinued Operation": 301000000.0,
        "Diluted Average Shares": 215700000.0,
        "Basic Average Shares": 210700000.0,
        "Diluted EPS": 1.38,
        "Basic EPS": 1.41,
        "Diluted NI Availto Com Stockholders": 299000000.0,
        "Net Income Common Stockholders": 299000000.0,
        "Otherunder Preferred Stock Dividend": 2000000.0,
        "Preferred Stock Dividends": NaN,
        "Net Income": 301000000.0,
        "Net Income Including Noncontrolling Interests": 301000000.0,
        "Net Income Continuous Operations": 301000000.0,
        "Tax Provision": 114000000.0,
        "Pretax Income": 415000000.0,
        "Special Income Charges": 0.0,
        "Selling General And Administration": 2021000000.0,
        "General And Administrative Expense": 2021000000.0,
        "Other Gand A": 187000000.0,
        "Salaries And Wages": 1834000000.0,
        "Total Revenue": 2680000000.0,
        "Operating Revenue": 2680000000.0
    },
    "2022-03-31": {
        "Diluted EPS": 1.52,
        "Total Revenue": NaN,
        "Gross Profit": NaN,
        "Operating Income": 454,
        "EBIT": 498,
        "Net Income": 323
    },
    "2021-12-31": {
        "Diluted EPS": 2.1,
        "Total Revenue": NaN,
        "Gross Profit": NaN,
        "Operating Income": 547,
        "EBIT": 596,
        "Net Income": 446
    },
    "2021-09-30": {
        "Diluted EPS": 2.02,
        "Total Revenue": NaN,
        "Gross Profit": NaN,
        "Operating Income": 563,
        "EBIT": 603,
        "Net Income": 430
    },
    "2021-06-30": {
        "Diluted EPS": 1.45,
        "Total Revenue": NaN,
        "Gross Profit": NaN,
        "Operating Income": 366,
        "EBIT": 397,
        "Net Income": 307
    },
    "2021-03-31": {
        "Diluted EPS": 1.68,
        "Total Revenue": NaN,
        "Gross Profit": NaN,
        "Operating Income": 415,
        "EBIT": 462,
        "Net Income": 355
    },
    "2020-12-31": {
        "Diluted EPS": 1.48,
        "Total Revenue": NaN,
        "Gross Profit": NaN,
        "Operating Income": 415,
        "EBIT": 446,
        "Net Income": 311
    },
    "2020-09-30": {
        "Diluted EPS": 1.0,
        "Total Revenue": NaN,
        "Gross Profit": NaN,
        "Operating Income": 347,
        "EBIT": 382,
        "Net Income": 210
    },
    "2020-06-30": {
        "Diluted EPS": 0.82,
        "Total Revenue": NaN,
        "Gross Profit": NaN,
        "Operating Income": 279,
        "EBIT": 319,
        "Net Income": 172
    },
    "2020-03-31": {
        "Diluted EPS": 0.8,
        "Total Revenue": NaN,
        "Gross Profit": NaN,
        "Operating Income": 348,
        "EBIT": 411,
        "Net Income": 169
    },
    "2019-12-31": {
        "Diluted EPS": 1.26,
        "Total Revenue": NaN,
        "Gross Profit": NaN,
        "Operating Income": 357,
        "EBIT": 395,
        "Net Income": 267
    },
    "2019-09-30": {
        "Diluted EPS": 1.25,
        "Total Revenue": NaN,
        "Gross Profit": NaN,
        "Operating Income": 214,
        "EBIT": 245,
        "Net Income": 264
    },
    "2019-06-30": {
        "Diluted EPS": 1.2,
        "Total Revenue": NaN,
        "Gross Profit": NaN,
        "Operating Income": 410,
        "EBIT": 445,
        "Net Income": 258
    },
    "2019-03-31": {
        "Diluted EPS": 1.21,
        "Total Revenue": NaN,
        "Gross Profit": NaN,
        "Operating Income": 352,
        "EBIT": 383,
        "Net Income": 261
    },
    "2018-12-31": {
        "Diluted EPS": 1.13,
        "Total Revenue": NaN,
        "Gross Profit": NaN,
        "Operating Income": 436,
        "EBIT": 465,
        "Net Income": 249
    },
    "2018-09-30": {
        "Diluted EPS": 1.18,
        "Total Revenue": NaN,
        "Gross Profit": NaN,
        "Operating Income": 423,
        "EBIT": 468,
        "Net Income": 262
    },
    "2018-06-30": {
        "Diluted EPS": 1.03,
        "Total Revenue": NaN,
        "Gross Profit": NaN,
        "Operating Income": 377,
        "EBIT": 420,
        "Net Income": 232
    },
    "2018-03-31": {
        "Diluted EPS": 1.09,
        "Total Revenue": NaN,
        "Gross Profit": NaN,
        "Operating Income": 385,
        "EBIT": 394,
        "Net Income": 243
    },
    "2017-12-31": {
        "Diluted EPS": 0.53,
        "Total Revenue": NaN,
        "Gross Profit": NaN,
        "Operating Income": 352,
        "EBIT": 375,
        "Net Income": 119
    },
    "2017-09-30": {
        "Diluted EPS": 0.88,
        "Total Revenue": NaN,
        "Gross Profit": NaN,
        "Operating Income": 305,
        "EBIT": 307,
        "Net Income": 193
    },
    "2017-06-30": {
        "Diluted EPS": 0.83,
        "Total Revenue": NaN,
        "Gross Profit": NaN,
        "Operating Income": 325,
        "EBIT": 342,
        "Net Income": 183
    },
    "2017-03-31": {
        "Diluted EPS": 0.51,
        "Total Revenue": NaN,
        "Gross Profit": NaN,
        "Operating Income": 207,
        "EBIT": 219,
        "Net Income": 112
    },
    "2016-12-31": {
        "Diluted EPS": 0.67,
        "Total Revenue": NaN,
        "Gross Profit": NaN,
        "Operating Income": 255,
        "EBIT": 265,
        "Net Income": 147
    },
    "2016-09-30": {
        "Diluted EPS": 0.79,
        "Total Revenue": NaN,
        "Gross Profit": NaN,
        "Operating Income": 302,
        "EBIT": 313,
        "Net Income": 170
    },
    "2016-06-30": {
        "Diluted EPS": 0.58,
        "Total Revenue": NaN,
        "Gross Profit": NaN,
        "Operating Income": 250,
        "EBIT": 254,
        "Net Income": 126
    },
    "2016-03-31": {
        "Diluted EPS": 0.58,
        "Total Revenue": NaN,
        "Gross Profit": NaN,
        "Operating Income": 233,
        "EBIT": 244,
        "Net Income": 126
    },
    "2015-12-31": {
        "Diluted EPS": 0.49,
        "Total Revenue": NaN,
        "Gross Profit": NaN,
        "Operating Income": 213,
        "EBIT": 233,
        "Net Income": 106
    },
    "2015-09-30": {
        "Diluted EPS": 0.59,
        "Total Revenue": NaN,
        "Gross Profit": NaN,
        "Operating Income": 276,
        "EBIT": 294,
        "Net Income": 130
    },
    "2015-06-30": {
        "Diluted EPS": 0.61,
        "Total Revenue": NaN,
        "Gross Profit": NaN,
        "Operating Income": 226,
        "EBIT": 222,
        "Net Income": 133
    },
    "2015-03-31": {
        "Diluted EPS": 0.51,
        "Total Revenue": NaN,
        "Gross Profit": NaN,
        "Operating Income": 206,
        "EBIT": 209,
        "Net Income": 113
    },
    "2014-12-31": {
        "Diluted EPS": 0.58,
        "Total Revenue": NaN,
        "Gross Profit": NaN,
        "Operating Income": 235,
        "EBIT": 245,
        "Net Income": 126
    },
    "2014-09-30": {
        "Diluted EPS": 0.63,
        "Total Revenue": NaN,
        "Gross Profit": NaN,
        "Operating Income": 236,
        "EBIT": 251,
        "Net Income": 139
    },
    "2014-06-30": {
        "Diluted EPS": 0.57,
        "Total Revenue": NaN,
        "Gross Profit": NaN,
        "Operating Income": 210,
        "EBIT": 222,
        "Net Income": 122
    },
    "2014-03-31": {
        "Diluted EPS": 0.48,
        "Total Revenue": NaN,
        "Gross Profit": NaN,
        "Operating Income": 181,
        "EBIT": 186,
        "Net Income": 104
    },
    "2013-12-31": {
        "Diluted EPS": 0.54,
        "Total Revenue": NaN,
        "Gross Profit": NaN,
        "Operating Income": 206,
        "EBIT": 216,
        "Net Income": 116
    },
    "2013-09-30": {
        "Diluted EPS": 0.55,
        "Total Revenue": NaN,
        "Gross Profit": NaN,
        "Operating Income": 166,
        "EBIT": 184,
        "Net Income": 120
    },
    "2013-06-30": {
        "Diluted EPS": 0.39,
        "Total Revenue": NaN,
        "Gross Profit": NaN,
        "Operating Income": 155,
        "EBIT": 161,
        "Net Income": 83
    },
    "2013-03-31": {
        "Diluted EPS": 0.37,
        "Total Revenue": NaN,
        "Gross Profit": NaN,
        "Operating Income": 190,
        "EBIT": 141,
        "Net Income": 80
    },
    "2012-12-31": {
        "Diluted EPS": 0.41,
        "Total Revenue": NaN,
        "Gross Profit": NaN,
        "Operating Income": 195,
        "EBIT": 207,
        "Net Income": 85
    },
    "2012-09-30": {
        "Diluted EPS": 0.4,
        "Total Revenue": NaN,
        "Gross Profit": NaN,
        "Operating Income": 188,
        "EBIT": 187,
        "Net Income": 82
    },
    "2012-06-30": {
        "Diluted EPS": 0.37,
        "Total Revenue": NaN,
        "Gross Profit": NaN,
        "Operating Income": 198,
        "EBIT": 208,
        "Net Income": 75
    },
    "2012-03-31": {
        "Diluted EPS": 0.35,
        "Total Revenue": 890,
        "Gross Profit": 881,
        "Operating Income": 131,
        "EBIT": 129,
        "Net Income": 67
    },
    "2011-12-31": {
        "Diluted EPS": 0.35,
        "Total Revenue": 799,
        "Gross Profit": 791,
        "Operating Income": 128,
        "EBIT": 137,
        "Net Income": 66
    },
    "2011-09-30": {
        "Diluted EPS": 0.35,
        "Total Revenue": 835,
        "Gross Profit": 826,
        "Operating Income": 137,
        "EBIT": 146,
        "Net Income": 63
    },
    "2011-06-30": {
        "Diluted EPS": 0.25,
        "Total Revenue": 868,
        "Gross Profit": 858,
        "Operating Income": 152,
        "EBIT": 153,
        "Net Income": 47
    },
    "2011-03-31": {
        "Diluted EPS": 0.43,
        "Total Revenue": 867,
        "Gross Profit": 857,
        "Operating Income": 148,
        "EBIT": 157,
        "Net Income": 81
    },
    "2010-12-31": {
        "Diluted EPS": 0.43,
        "Total Revenue": 830,
        "Gross Profit": 820,
        "Operating Income": 154,
        "EBIT": 164,
        "Net Income": 79
    },
    "2010-09-30": {
        "Diluted EPS": 0.37,
        "Total Revenue": 763,
        "Gross Profit": 755,
        "Operating Income": 135,
        "EBIT": 144,
        "Net Income": 66
    },
    "2010-06-30": {
        "Diluted EPS": 0.32,
        "Total Revenue": 764,
        "Gross Profit": 754,
        "Operating Income": 129,
        "EBIT": 133,
        "Net Income": 58
    },
    "2010-03-31": {
        "Diluted EPS": 0.3,
        "Total Revenue": 750,
        "Gross Profit": 741,
        "Operating Income": 130,
        "EBIT": 129,
        "Net Income": 53
    },
    "2009-12-31": {
        "Diluted EPS": 0.23,
        "Total Revenue": 703,
        "Gross Profit": 694,
        "Operating Income": 106,
        "EBIT": 118,
        "Net Income": 41
    },
    "2009-09-30": {
        "Diluted EPS": 0.23,
        "Total Revenue": 678,
        "Gross Profit": 669,
        "Operating Income": 107,
        "EBIT": 114,
        "Net Income": 39
    },
    "2009-06-30": {
        "Diluted EPS": 0.23,
        "Total Revenue": 637,
        "Gross Profit": 629,
        "Operating Income": 114,
        "EBIT": 114,
        "Net Income": 41
    },
    "2009-03-31": {
        "Diluted EPS": 0.03,
        "Total Revenue": 592,
        "Gross Profit": 584,
        "Operating Income": 88,
        "EBIT": 97,
        "Net Income": 6
    },
    "2023-09-30": {
        "Tax Effect Of Unusual Items": NaN,
        "Tax Rate For Calcs": NaN,
        "Net Income From Continuing Operation Net Minority Interest": NaN,
        "Reconciled Depreciation": NaN,
        "Net Interest Income": NaN,
        "Interest Expense": NaN,
        "Interest Income": NaN,
        "Normalized Income": NaN,
        "Net Income From Continuing And Discontinued Operation": NaN,
        "Diluted Average Shares": 213800000.0,
        "Basic Average Shares": 208300000.0,
        "Diluted EPS": 2.02,
        "Basic EPS": 2.07,
        "Diluted NI Availto Com Stockholders": NaN,
        "Average Dilution Earnings": NaN,
        "Net Income Common Stockholders": NaN,
        "Otherunder Preferred Stock Dividend": NaN,
        "Preferred Stock Dividends": NaN,
        "Net Income": NaN,
        "Net Income Including Noncontrolling Interests": NaN,
        "Net Income Continuous Operations": NaN,
        "Tax Provision": NaN,
        "Pretax Income": NaN,
        "Selling General And Administration": NaN,
        "General And Administrative Expense": NaN,
        "Salaries And Wages": NaN,
        "Total Revenue": NaN,
        "Operating Revenue": NaN,
        "Occupancy And Equipment": NaN,
        "Professional Expense And Contract Services Expense": NaN,
        "Other Non Interest Expense": NaN
    },
    "2023-12-31": {
        "Tax Effect Of Unusual Items": NaN,
        "Tax Rate For Calcs": NaN,
        "Net Income From Continuing Operation Net Minority Interest": NaN,
        "Reconciled Depreciation": NaN,
        "Net Interest Income": NaN,
        "Interest Expense": NaN,
        "Interest Income": NaN,
        "Normalized Income": NaN,
        "Net Income From Continuing And Discontinued Operation": NaN,
        "Diluted Average Shares": NaN,
        "Basic Average Shares": NaN,
        "Diluted EPS": NaN,
        "Basic EPS": NaN,
        "Diluted NI Availto Com Stockholders": NaN,
        "Average Dilution Earnings": -1000000.0,
        "Net Income Common Stockholders": NaN,
        "Otherunder Preferred Stock Dividend": NaN,
        "Preferred Stock Dividends": NaN,
        "Net Income": NaN,
        "Net Income Including Noncontrolling Interests": NaN,
        "Net Income Continuous Operations": NaN,
        "Tax Provision": NaN,
        "Pretax Income": NaN,
        "Selling General And Administration": NaN,
        "General And Administrative Expense": NaN,
        "Salaries And Wages": NaN,
        "Total Revenue": NaN,
        "Operating Revenue": NaN,
        "Occupancy And Equipment": NaN,
        "Professional Expense And Contract Services Expense": NaN,
        "Other Non Interest Expense": NaN
    },
    "2024-03-31": {
        "Tax Effect Of Unusual Items": NaN,
        "Tax Rate For Calcs": NaN,
        "Net Income From Continuing Operation Net Minority Interest": NaN,
        "Reconciled Depreciation": NaN,
        "Net Interest Income": NaN,
        "Interest Expense": NaN,
        "Interest Income": NaN,
        "Normalized Income": NaN,
        "Net Income From Continuing And Discontinued Operation": NaN,
        "Diluted Average Shares": NaN,
        "Basic Average Shares": NaN,
        "Diluted EPS": NaN,
        "Basic EPS": NaN,
        "Diluted NI Availto Com Stockholders": NaN,
        "Average Dilution Earnings": NaN,
        "Net Income Common Stockholders": NaN,
        "Otherunder Preferred Stock Dividend": 1000000.0,
        "Preferred Stock Dividends": NaN,
        "Net Income": NaN,
        "Net Income Including Noncontrolling Interests": NaN,
        "Net Income Continuous Operations": NaN,
        "Tax Provision": NaN,
        "Pretax Income": NaN,
        "Selling General And Administration": NaN,
        "General And Administrative Expense": NaN,
        "Salaries And Wages": NaN,
        "Total Revenue": NaN,
        "Operating Revenue": NaN,
        "Occupancy And Equipment": NaN,
        "Professional Expense And Contract Services Expense": NaN,
        "Other Non Interest Expense": NaN
    },
    "2024-06-30": {
        "Tax Effect Of Unusual Items": 0.0,
        "Tax Rate For Calcs": 0.236025,
        "Net Income From Continuing Operation Net Minority Interest": 492000000.0,
        "Reconciled Depreciation": 45000000.0,
        "Net Interest Income": 523000000.0,
        "Interest Expense": 534000000.0,
        "Interest Income": 1057000000.0,
        "Normalized Income": 492000000.0,
        "Net Income From Continuing And Discontinued Operation": 492000000.0,
        "Diluted Average Shares": 212300000.0,
        "Basic Average Shares": 206800000.0,
        "Diluted EPS": 2.31,
        "Basic EPS": 2.37,
        "Diluted NI Availto Com Stockholders": 490000000.0,
        "Average Dilution Earnings": NaN,
        "Net Income Common Stockholders": 490000000.0,
        "Otherunder Preferred Stock Dividend": 1000000.0,
        "Preferred Stock Dividends": 1000000.0,
        "Net Income": 492000000.0,
        "Net Income Including Noncontrolling Interests": 492000000.0,
        "Net Income Continuous Operations": 492000000.0,
        "Tax Provision": 152000000.0,
        "Pretax Income": 644000000.0,
        "Selling General And Administration": 2090000000.0,
        "General And Administrative Expense": 2090000000.0,
        "Salaries And Wages": 2090000000.0,
        "Total Revenue": 3180000000.0,
        "Operating Revenue": 3180000000.0,
        "Occupancy And Equipment": 75000000.0,
        "Professional Expense And Contract Services Expense": 38000000.0,
        "Other Non Interest Expense": 343000000.0
    },
    "2024-09-30": {
        "Tax Effect Of Unusual Items": 0.0,
        "Tax Rate For Calcs": 0.207895,
        "Net Income From Continuing Operation Net Minority Interest": 602000000.0,
        "Reconciled Depreciation": 47000000.0,
        "Net Interest Income": 532000000.0,
        "Interest Expense": 541000000.0,
        "Interest Income": 1073000000.0,
        "Normalized Income": 602000000.0,
        "Net Income From Continuing And Discontinued Operation": 602000000.0,
        "Diluted Average Shares": 210100000.0,
        "Basic Average Shares": 204700000.0,
        "Diluted EPS": 2.86,
        "Basic EPS": 2.93,
        "Diluted NI Availto Com Stockholders": 600000000.0,
        "Average Dilution Earnings": NaN,
        "Net Income Common Stockholders": 600000000.0,
        "Otherunder Preferred Stock Dividend": 1000000.0,
        "Preferred Stock Dividends": 1000000.0,
        "Net Income": 602000000.0,
        "Net Income Including Noncontrolling Interests": 602000000.0,
        "Net Income Continuous Operations": 602000000.0,
        "Tax Provision": 158000000.0,
        "Pretax Income": 760000000.0,
        "Selling General And Administration": 2159000000.0,
        "General And Administrative Expense": 2159000000.0,
        "Salaries And Wages": 2159000000.0,
        "Total Revenue": 3412000000.0,
        "Operating Revenue": 3412000000.0,
        "Occupancy And Equipment": 76000000.0,
        "Professional Expense And Contract Services Expense": 47000000.0,
        "Other Non Interest Expense": 348000000.0
    },
    "2024-12-31": {
        "Tax Effect Of Unusual Items": 0.0,
        "Tax Rate For Calcs": 0.199,
        "Net Income From Continuing Operation Net Minority Interest": 600000000.0,
        "Reconciled Depreciation": 47000000.0,
        "Net Interest Income": 529000000.0,
        "Interest Expense": 498000000.0,
        "Interest Income": 1027000000.0,
        "Normalized Income": 600000000.0,
        "Net Income From Continuing And Discontinued Operation": 600000000.0,
        "Diluted Average Shares": 209200000.0,
        "Basic Average Shares": 203700000.0,
        "Diluted EPS": 2.86,
        "Basic EPS": 2.94,
        "Diluted NI Availto Com Stockholders": 598000000.0,
        "Average Dilution Earnings": -1000000.0,
        "Net Income Common Stockholders": 599000000.0,
        "Otherunder Preferred Stock Dividend": NaN,
        "Preferred Stock Dividends": 1000000.0,
        "Net Income": 600000000.0,
        "Net Income Including Noncontrolling Interests": 600000000.0,
        "Net Income Continuous Operations": 600000000.0,
        "Tax Provision": 149000000.0,
        "Pretax Income": 749000000.0,
        "Selling General And Administration": 2272000000.0,
        "General And Administrative Expense": 2272000000.0,
        "Salaries And Wages": 2272000000.0,
        "Total Revenue": 3484000000.0,
        "Operating Revenue": 3484000000.0,
        "Occupancy And Equipment": 73000000.0,
        "Professional Expense And Contract Services Expense": 34000000.0,
        "Other Non Interest Expense": 356000000.0
    },
    "2025-03-31": {
        "Tax Effect Of Unusual Items": 0.0,
        "Tax Rate For Calcs": 0.262,
        "Net Income From Continuing Operation Net Minority Interest": 495000000.0,
        "Reconciled Depreciation": 47000000.0,
        "Net Interest Income": 521000000.0,
        "Interest Expense": 442000000.0,
        "Interest Income": 963000000.0,
        "Normalized Income": 495000000.0,
        "Net Income From Continuing And Discontinued Operation": 495000000.0,
        "Diluted Average Shares": 208700000.0,
        "Basic Average Shares": 204300000.0,
        "Diluted EPS": 2.36,
        "Basic EPS": 2.41,
        "Diluted NI Availto Com Stockholders": 492000000.0,
        "Average Dilution Earnings": NaN,
        "Net Income Common Stockholders": 492000000.0,
        "Otherunder Preferred Stock Dividend": 1000000.0,
        "Preferred Stock Dividends": 2000000.0,
        "Net Income": 495000000.0,
        "Net Income Including Noncontrolling Interests": 495000000.0,
        "Net Income Continuous Operations": 495000000.0,
        "Tax Provision": 176000000.0,
        "Pretax Income": 671000000.0,
        "Selling General And Administration": 2204000000.0,
        "General And Administrative Expense": 2204000000.0,
        "Salaries And Wages": 2204000000.0,
        "Total Revenue": 3349000000.0,
        "Operating Revenue": 3349000000.0,
        "Occupancy And Equipment": 74000000.0,
        "Professional Expense And Contract Services Expense": 34000000.0,
        "Other Non Interest Expense": 350000000.0
    },
    "2025-06-30": {
        "Tax Effect Of Unusual Items": 0.0,
        "Tax Rate For Calcs": 0.225577,
        "Net Income From Continuing Operation Net Minority Interest": 436000000.0,
        "Reconciled Depreciation": 49000000.0,
        "Net Interest Income": 546000000.0,
        "Interest Expense": 444000000.0,
        "Interest Income": 990000000.0,
        "Normalized Income": 436000000.0,
        "Net Income From Continuing And Discontinued Operation": 436000000.0,
        "Diluted Average Shares": 201200000.0,
        "Basic Average Shares": 201200000.0,
        "Diluted EPS": 2.12,
        "Basic EPS": 2.16,
        "Diluted NI Availto Com Stockholders": 435000000.0,
        "Average Dilution Earnings": NaN,
        "Net Income Common Stockholders": 435000000.0,
        "Otherunder Preferred Stock Dividend": NaN,
        "Preferred Stock Dividends": 1000000.0,
        "Net Income": 436000000.0,
        "Net Income Including Noncontrolling Interests": 436000000.0,
        "Net Income Continuous Operations": 436000000.0,
        "Tax Provision": 127000000.0,
        "Pretax Income": 563000000.0,
        "Selling General And Administration": 2202000000.0,
        "General And Administrative Expense": 2202000000.0,
        "Salaries And Wages": 2202000000.0,
        "Total Revenue": 3342000000.0,
        "Operating Revenue": 3342000000.0,
        "Occupancy And Equipment": 77000000.0,
        "Professional Expense And Contract Services Expense": 42000000.0,
        "Other Non Interest Expense": 443000000.0
    }
}