{
    "2023-03-31": {
        "Tax Effect Of Unusual Items": NaN,
        "Tax Rate For Calcs": NaN,
        "Normalized EBITDA": NaN,
        "Total Unusual Items": NaN,
        "Total Unusual Items Excluding Goodwill": NaN,
        "Net Income From Continuing Operation Net Minority Interest": NaN,
        "Reconciled Depreciation": NaN,
        "Reconciled Cost Of Revenue": NaN,
        "EBITDA": NaN,
        "EBIT": NaN,
        "Net Interest Income": NaN,
        "Interest Expense": 685000.0,
        "Normalized Income": NaN,
        "Net Income From Continuing And Discontinued Operation": NaN,
        "Total Expenses": NaN,
        "Total Operating Income As Reported": NaN,
        "Diluted Average Shares": NaN,
        "Basic Average Shares": NaN,
        "Diluted EPS": NaN,
        "Basic EPS": NaN,
        "Diluted NI Availto Com Stockholders": NaN,
        "Net Income Common Stockholders": NaN,
        "Net Income": NaN,
        "Net Income Including Noncontrolling Interests": NaN,
        "Net Income Continuous Operations": NaN,
        "Tax Provision": NaN,
        "Pretax Income": NaN,
        "Other Income Expense": NaN,
        "Other Non Operating Income Expenses": NaN,
        "Gain On Sale Of Security": NaN,
        "Net Non Operating Interest Income Expense": NaN,
        "Total Other Finance Cost": NaN,
        "Interest Expense Non Operating": 685000.0,
        "Operating Income": NaN,
        "Operating Expense": NaN,
        "Research And Development": NaN,
        "Selling General And Administration": NaN,
        "General And Administrative Expense": NaN,
        "Other Gand A": NaN,
        "Salaries And Wages": NaN,
        "Gross Profit": NaN,
        "Cost Of Revenue": NaN,
        "Total Revenue": NaN,
        "Operating Revenue": NaN
    },
    "2022-12-31": {
        "Tax Effect Of Unusual Items": -12896.540897,
        "Tax Rate For Calcs": 0.026427,
        "Normalized EBITDA": -38538000.0,
        "Total Unusual Items": -488000.0,
        "Total Unusual Items Excluding Goodwill": -488000.0,
        "Net Income From Continuing Operation Net Minority Interest": -37208000.0,
        "Reconciled Depreciation": 8357000.0,
        "Reconciled Cost Of Revenue": 49932000.0,
        "EBITDA": -39026000.0,
        "EBIT": -47383000.0,
        "Net Interest Income": -892000.0,
        "Interest Expense": NaN,
        "Normalized Income": -36732896.540897,
        "Net Income From Continuing And Discontinued Operation": -37208000.0,
        "Total Expenses": 88985000.0,
        "Total Operating Income As Reported": -37223000.0,
        "Diluted Average Shares": 473644862.0,
        "Basic Average Shares": 473644862.0,
        "Diluted EPS": -0.08,
        "Basic EPS": -0.08,
        "Diluted NI Availto Com Stockholders": -37208000.0,
        "Net Income Common Stockholders": -37208000.0,
        "Net Income": -37208000.0,
        "Net Income Including Noncontrolling Interests": -37208000.0,
        "Net Income Continuous Operations": -37208000.0,
        "Tax Provision": -1010000.0,
        "Pretax Income": -38218000.0,
        "Other Income Expense": -103000.0,
        "Other Non Operating Income Expenses": 385000.0,
        "Gain On Sale Of Security": -488000.0,
        "Net Non Operating Interest Income Expense": -892000.0,
        "Total Other Finance Cost": NaN,
        "Interest Expense Non Operating": NaN,
        "Operating Income": -37223000.0,
        "Operating Expense": 39053000.0,
        "Research And Development": 15018000.0,
        "Selling General And Administration": 24035000.0,
        "General And Administrative Expense": NaN,
        "Other Gand A": NaN,
        "Salaries And Wages": NaN,
        "Gross Profit": 1830000.0,
        "Cost Of Revenue": 49932000.0,
        "Total Revenue": 51762000.0,
        "Operating Revenue": 51762000.0
    },
    "2022-09-30": {
        "Tax Effect Of Unusual Items": NaN,
        "Tax Rate For Calcs": NaN,
        "Normalized EBITDA": NaN,
        "Total Unusual Items": NaN,
        "Total Unusual Items Excluding Goodwill": NaN,
        "Net Income From Continuing Operation Net Minority Interest": NaN,
        "Reconciled Depreciation": NaN,
        "Reconciled Cost Of Revenue": NaN,
        "EBITDA": NaN,
        "EBIT": NaN,
        "Net Interest Income": NaN,
        "Interest Expense": 1486000.0,
        "Normalized Income": NaN,
        "Net Income From Continuing And Discontinued Operation": NaN,
        "Total Expenses": NaN,
        "Total Operating Income As Reported": NaN,
        "Diluted Average Shares": NaN,
        "Basic Average Shares": NaN,
        "Diluted EPS": NaN,
        "Basic EPS": NaN,
        "Diluted NI Availto Com Stockholders": NaN,
        "Net Income Common Stockholders": NaN,
        "Net Income": NaN,
        "Net Income Including Noncontrolling Interests": NaN,
        "Net Income Continuous Operations": NaN,
        "Tax Provision": NaN,
        "Pretax Income": NaN,
        "Other Income Expense": NaN,
        "Other Non Operating Income Expenses": NaN,
        "Gain On Sale Of Security": NaN,
        "Net Non Operating Interest Income Expense": NaN,
        "Total Other Finance Cost": 1486000.0,
        "Interest Expense Non Operating": 1486000.0,
        "Operating Income": NaN,
        "Operating Expense": NaN,
        "Research And Development": NaN,
        "Selling General And Administration": NaN,
        "General And Administrative Expense": NaN,
        "Other Gand A": NaN,
        "Salaries And Wages": NaN,
        "Gross Profit": NaN,
        "Cost Of Revenue": NaN,
        "Total Revenue": NaN,
        "Operating Revenue": NaN
    },
    "2022-06-30": {
        "Tax Effect Of Unusual Items": -201552.0,
        "Tax Rate For Calcs": 0.052,
        "Normalized EBITDA": -25533000.0,
        "Total Unusual Items": -3876000.0,
        "Total Unusual Items Excluding Goodwill": -3876000.0,
        "Net Income From Continuing Operation Net Minority Interest": -37417000.0,
        "Reconciled Depreciation": 7649000.0,
        "Reconciled Cost Of Revenue": 50516000.0,
        "EBITDA": -29409000.0,
        "EBIT": -37058000.0,
        "Net Interest Income": -2432000.0,
        "Interest Expense": 2432000.0,
        "Normalized Income": -33742552.0,
        "Net Income From Continuing And Discontinued Operation": -37417000.0,
        "Total Expenses": 88633000.0,
        "Total Operating Income As Reported": -33159000.0,
        "Diluted Average Shares": 464719924.0,
        "Basic Average Shares": 464719924.0,
        "Diluted EPS": -0.08,
        "Basic EPS": -0.08,
        "Diluted NI Availto Com Stockholders": -37417000.0,
        "Net Income Common Stockholders": -37417000.0,
        "Net Income": -37417000.0,
        "Net Income Including Noncontrolling Interests": -37417000.0,
        "Net Income Continuous Operations": -37417000.0,
        "Tax Provision": -2073000.0,
        "Pretax Income": -39490000.0,
        "Other Income Expense": -3899000.0,
        "Other Non Operating Income Expenses": -23000.0,
        "Gain On Sale Of Security": -3876000.0,
        "Net Non Operating Interest Income Expense": -2432000.0,
        "Total Other Finance Cost": NaN,
        "Interest Expense Non Operating": 2432000.0,
        "Operating Income": -33159000.0,
        "Operating Expense": 38117000.0,
        "Research And Development": 19165000.0,
        "Selling General And Administration": 18952000.0,
        "General And Administrative Expense": NaN,
        "Other Gand A": NaN,
        "Salaries And Wages": NaN,
        "Gross Profit": 4958000.0,
        "Cost Of Revenue": 50516000.0,
        "Total Revenue": 55474000.0,
        "Operating Revenue": 55474000.0
    },
    "2022-03-31": {
        "Diluted EPS": -0.06,
        "Total Revenue": 41,
        "Gross Profit": 4,
        "Operating Income": -33,
        "EBIT": -26,
        "Net Income": -27
    },
    "2021-12-31": {
        "Diluted EPS": 0.24,
        "Total Revenue": 27,
        "Gross Profit": 7,
        "Operating Income": -24,
        "EBIT": -20,
        "Net Income": 3
    },
    "2021-09-30": {
        "Diluted EPS": -0.39,
        "Total Revenue": 5,
        "Gross Profit": -12,
        "Operating Income": -52,
        "EBIT": -49,
        "Net Income": -88
    },
    "2021-06-30": {
        "Diluted EPS": -0.21,
        "Total Revenue": 11,
        "Gross Profit": 2,
        "Operating Income": -13,
        "EBIT": -11,
        "Net Income": -17
    },
    "2021-03-31": {
        "Diluted EPS": -0.2,
        "Total Revenue": 18,
        "Gross Profit": 1,
        "Operating Income": -12,
        "EBIT": -10,
        "Net Income": -16
    },
    "2020-12-31": {
        "Diluted EPS": 0.0,
        "Total Revenue": NaN,
        "Gross Profit": NaN,
        "Operating Income": NaN,
        "EBIT": NaN,
        "Net Income": NaN
    },
    "2020-09-30": {
        "Diluted EPS": -0.17,
        "Total Revenue": 11,
        "Gross Profit": -2,
        "Operating Income": -13,
        "EBIT": -13,
        "Net Income": -13
    },
    "2023-06-30": {
        "Tax Effect Of Unusual Items": NaN,
        "Tax Rate For Calcs": NaN,
        "Normalized EBITDA": NaN,
        "Total Unusual Items": NaN,
        "Total Unusual Items Excluding Goodwill": NaN,
        "Net Income From Continuing Operation Net Minority Interest": NaN,
        "Reconciled Depreciation": NaN,
        "Reconciled Cost Of Revenue": NaN,
        "EBITDA": NaN,
        "EBIT": NaN,
        "Net Interest Income": NaN,
        "Interest Expense": NaN,
        "Normalized Income": NaN,
        "Net Income From Continuing And Discontinued Operation": NaN,
        "Total Expenses": NaN,
        "Total Operating Income As Reported": NaN,
        "Diluted Average Shares": NaN,
        "Basic Average Shares": NaN,
        "Diluted EPS": NaN,
        "Basic EPS": NaN,
        "Diluted NI Availto Com Stockholders": NaN,
        "Net Income Common Stockholders": NaN,
        "Net Income": NaN,
        "Net Income Including Noncontrolling Interests": NaN,
        "Net Income Continuous Operations": NaN,
        "Tax Provision": NaN,
        "Pretax Income": NaN,
        "Other Income Expense": NaN,
        "Other Non Operating Income Expenses": NaN,
        "Gain On Sale Of Security": NaN,
        "Net Non Operating Interest Income Expense": NaN,
        "Total Other Finance Cost": 745000.0,
        "Interest Expense Non Operating": NaN,
        "Operating Income": NaN,
        "Operating Expense": NaN,
        "Research And Development": NaN,
        "Selling General And Administration": NaN,
        "General And Administrative Expense": 28717000.0,
        "Other Gand A": 23435000.0,
        "Salaries And Wages": 5282000.0,
        "Gross Profit": NaN,
        "Cost Of Revenue": NaN,
        "Total Revenue": NaN,
        "Operating Revenue": NaN
    },
    "2023-09-30": {
        "Tax Effect Of Unusual Items": NaN,
        "Tax Rate For Calcs": NaN,
        "Normalized EBITDA": NaN,
        "Total Unusual Items": NaN,
        "Total Unusual Items Excluding Goodwill": NaN,
        "Net Income From Continuing Operation Net Minority Interest": NaN,
        "Reconciled Depreciation": NaN,
        "Reconciled Cost Of Revenue": NaN,
        "EBITDA": NaN,
        "EBIT": NaN,
        "Net Interest Income": NaN,
        "Interest Expense": 1413000.0,
        "Normalized Income": NaN,
        "Net Income From Continuing And Discontinued Operation": NaN,
        "Total Expenses": NaN,
        "Total Operating Income As Reported": NaN,
        "Diluted Average Shares": 484034071.0,
        "Basic Average Shares": 484034071.0,
        "Diluted EPS": -0.08,
        "Basic EPS": -0.08,
        "Diluted NI Availto Com Stockholders": NaN,
        "Net Income Common Stockholders": NaN,
        "Net Income": NaN,
        "Net Income Including Noncontrolling Interests": NaN,
        "Net Income Continuous Operations": NaN,
        "Tax Provision": NaN,
        "Pretax Income": NaN,
        "Other Income Expense": NaN,
        "Other Non Operating Income Expenses": NaN,
        "Gain On Sale Of Security": NaN,
        "Net Non Operating Interest Income Expense": NaN,
        "Total Other Finance Cost": 1413000.0,
        "Interest Expense Non Operating": 1413000.0,
        "Operating Income": NaN,
        "Operating Expense": NaN,
        "Research And Development": NaN,
        "Selling General And Administration": NaN,
        "Gross Profit": NaN,
        "Cost Of Revenue": NaN,
        "Total Revenue": NaN,
        "Operating Revenue": NaN
    },
    "2023-12-31": {
        "Tax Effect Of Unusual Items": -82740.0,
        "Tax Rate For Calcs": 0.21,
        "Normalized EBITDA": -39322000.0,
        "Total Unusual Items": -394000.0,
        "Total Unusual Items Excluding Goodwill": -394000.0,
        "Net Income From Continuing Operation Net Minority Interest": -50497000.0,
        "Reconciled Depreciation": 8167000.0,
        "Reconciled Cost Of Revenue": 44499000.0,
        "EBITDA": -39716000.0,
        "EBIT": -47883000.0,
        "Net Interest Income": -1405000.0,
        "Interest Expense": NaN,
        "Normalized Income": -50185740.0,
        "Net Income From Continuing And Discontinued Operation": -50497000.0,
        "Total Expenses": 107874000.0,
        "Total Operating Income As Reported": -47883000.0,
        "Diluted Average Shares": 486959454.0,
        "Basic Average Shares": 486959454.0,
        "Diluted EPS": -0.1,
        "Basic EPS": -0.1,
        "Diluted NI Availto Com Stockholders": -50497000.0,
        "Net Income Common Stockholders": -50497000.0,
        "Net Income": -50497000.0,
        "Net Income Including Noncontrolling Interests": -50497000.0,
        "Net Income Continuous Operations": -50497000.0,
        "Tax Provision": 1011000.0,
        "Pretax Income": -49486000.0,
        "Other Income Expense": -198000.0,
        "Other Non Operating Income Expenses": 196000.0,
        "Gain On Sale Of Security": -394000.0,
        "Net Non Operating Interest Income Expense": -1405000.0,
        "Total Other Finance Cost": 1405000.0,
        "Interest Expense Non Operating": NaN,
        "Operating Income": -47883000.0,
        "Operating Expense": 63375000.0,
        "Research And Development": 37488000.0,
        "Selling General And Administration": 25887000.0,
        "Gross Profit": 15492000.0,
        "Cost Of Revenue": 44499000.0,
        "Total Revenue": 59991000.0,
        "Operating Revenue": 59991000.0
    },
    "2024-03-31": {
        "Tax Effect Of Unusual Items": 0.0,
        "Tax Rate For Calcs": 0.0,
        "Normalized EBITDA": -35355000.0,
        "Total Unusual Items": 311000.0,
        "Total Unusual Items Excluding Goodwill": 311000.0,
        "Net Income From Continuing Operation Net Minority Interest": -44260000.0,
        "Reconciled Depreciation": 8313000.0,
        "Reconciled Cost Of Revenue": 68593000.0,
        "EBITDA": -35044000.0,
        "EBIT": -43357000.0,
        "Net Interest Income": -898000.0,
        "Interest Expense": 898000.0,
        "Normalized Income": -44571000.0,
        "Net Income From Continuing And Discontinued Operation": -44260000.0,
        "Total Expenses": 135846000.0,
        "Total Operating Income As Reported": -43079000.0,
        "Diluted Average Shares": 489994709.0,
        "Basic Average Shares": 489994709.0,
        "Diluted EPS": -0.09,
        "Basic EPS": -0.09,
        "Diluted NI Availto Com Stockholders": -44260000.0,
        "Net Income Common Stockholders": -44260000.0,
        "Net Income": -44260000.0,
        "Net Income Including Noncontrolling Interests": -44260000.0,
        "Net Income Continuous Operations": -44260000.0,
        "Tax Provision": 5000.0,
        "Pretax Income": -44255000.0,
        "Other Income Expense": -278000.0,
        "Other Non Operating Income Expenses": -589000.0,
        "Gain On Sale Of Security": 311000.0,
        "Net Non Operating Interest Income Expense": -898000.0,
        "Total Other Finance Cost": NaN,
        "Interest Expense Non Operating": 898000.0,
        "Operating Income": -43079000.0,
        "Operating Expense": 67253000.0,
        "Research And Development": 38504000.0,
        "Selling General And Administration": 28749000.0,
        "Gross Profit": 24174000.0,
        "Cost Of Revenue": 68593000.0,
        "Total Revenue": 92767000.0,
        "Operating Revenue": 92767000.0
    },
    "2024-06-30": {
        "Tax Effect Of Unusual Items": -5720.0,
        "Tax Rate For Calcs": 0.02,
        "Normalized EBITDA": -33273000.0,
        "Total Unusual Items": -286000.0,
        "Total Unusual Items Excluding Goodwill": -286000.0,
        "Net Income From Continuing Operation Net Minority Interest": -41631000.0,
        "Reconciled Depreciation": 8108000.0,
        "Reconciled Cost Of Revenue": 79089000.0,
        "EBITDA": -33559000.0,
        "EBIT": -41667000.0,
        "Net Interest Income": -824000.0,
        "Interest Expense": 824000.0,
        "Normalized Income": -41350720.0,
        "Net Income From Continuing And Discontinued Operation": -41631000.0,
        "Total Expenses": 149525000.0,
        "Total Operating Income As Reported": -43274000.0,
        "Diluted Average Shares": 494190708.0,
        "Basic Average Shares": 494190708.0,
        "Diluted EPS": -0.08,
        "Basic EPS": -0.08,
        "Diluted NI Availto Com Stockholders": -41631000.0,
        "Net Income Common Stockholders": -41631000.0,
        "Net Income": -41631000.0,
        "Net Income Including Noncontrolling Interests": -41631000.0,
        "Net Income Continuous Operations": -41631000.0,
        "Tax Provision": -860000.0,
        "Pretax Income": -42491000.0,
        "Other Income Expense": 1607000.0,
        "Other Non Operating Income Expenses": 1893000.0,
        "Gain On Sale Of Security": -286000.0,
        "Net Non Operating Interest Income Expense": -824000.0,
        "Total Other Finance Cost": NaN,
        "Interest Expense Non Operating": 824000.0,
        "Operating Income": -43274000.0,
        "Operating Expense": 70436000.0,
        "Research And Development": 39912000.0,
        "Selling General And Administration": 30524000.0,
        "Gross Profit": 27162000.0,
        "Cost Of Revenue": 79089000.0,
        "Total Revenue": 106251000.0,
        "Operating Revenue": 106251000.0
    },
    "2024-09-30": {
        "Tax Effect Of Unusual Items": -102900.0,
        "Tax Rate For Calcs": 0.21,
        "Normalized EBITDA": -41956000.0,
        "Total Unusual Items": -490000.0,
        "Total Unusual Items Excluding Goodwill": -490000.0,
        "Net Income From Continuing Operation Net Minority Interest": -51939000.0,
        "Reconciled Depreciation": 8095000.0,
        "Reconciled Cost Of Revenue": 76812000.0,
        "EBITDA": -42446000.0,
        "EBIT": -50541000.0,
        "Net Interest Income": -454000.0,
        "Interest Expense": 454000.0,
        "Normalized Income": -51551900.0,
        "Net Income From Continuing And Discontinued Operation": -51939000.0,
        "Total Expenses": 156707000.0,
        "Total Operating Income As Reported": -51899000.0,
        "Diluted Average Shares": 497701715.0,
        "Basic Average Shares": 497701715.0,
        "Diluted EPS": -0.1,
        "Basic EPS": -0.1,
        "Diluted NI Availto Com Stockholders": -51939000.0,
        "Net Income Common Stockholders": -51939000.0,
        "Net Income": -51939000.0,
        "Net Income Including Noncontrolling Interests": -51939000.0,
        "Net Income Continuous Operations": -51939000.0,
        "Tax Provision": 944000.0,
        "Pretax Income": -50995000.0,
        "Other Income Expense": 1358000.0,
        "Other Non Operating Income Expenses": 1848000.0,
        "Gain On Sale Of Security": -490000.0,
        "Net Non Operating Interest Income Expense": -454000.0,
        "Total Other Finance Cost": NaN,
        "Interest Expense Non Operating": 454000.0,
        "Operating Income": -51899000.0,
        "Operating Expense": 79895000.0,
        "Research And Development": 47723000.0,
        "Selling General And Administration": 32172000.0,
        "Gross Profit": 27996000.0,
        "Cost Of Revenue": 76812000.0,
        "Total Revenue": 104808000.0,
        "Operating Revenue": 104808000.0
    },
    "2024-12-31": {
        "Tax Effect Of Unusual Items": 79380.0,
        "Tax Rate For Calcs": 0.21,
        "Normalized EBITDA": -41131000.0,
        "Total Unusual Items": 378000.0,
        "Total Unusual Items Excluding Goodwill": 378000.0,
        "Net Income From Continuing Operation Net Minority Interest": -52345000.0,
        "Reconciled Depreciation": 9139000.0,
        "Reconciled Cost Of Revenue": 95571000.0,
        "EBITDA": -40753000.0,
        "EBIT": -49892000.0,
        "Net Interest Income": -1778000.0,
        "Interest Expense": 1778000.0,
        "Normalized Income": -52643620.0,
        "Net Income From Continuing And Discontinued Operation": -52345000.0,
        "Total Expenses": 183937000.0,
        "Total Operating Income As Reported": -51549000.0,
        "Diluted Average Shares": NaN,
        "Basic Average Shares": NaN,
        "Diluted EPS": NaN,
        "Basic EPS": NaN,
        "Diluted NI Availto Com Stockholders": -52345000.0,
        "Net Income Common Stockholders": -52345000.0,
        "Net Income": -52345000.0,
        "Net Income Including Noncontrolling Interests": -52345000.0,
        "Net Income Continuous Operations": -52345000.0,
        "Tax Provision": 675000.0,
        "Pretax Income": -51670000.0,
        "Other Income Expense": 1657000.0,
        "Other Non Operating Income Expenses": 1279000.0,
        "Gain On Sale Of Security": 378000.0,
        "Net Non Operating Interest Income Expense": -1778000.0,
        "Total Other Finance Cost": NaN,
        "Interest Expense Non Operating": 1778000.0,
        "Operating Income": -51549000.0,
        "Operating Expense": 88366000.0,
        "Research And Development": 48255000.0,
        "Selling General And Administration": 40111000.0,
        "Gross Profit": 36817000.0,
        "Cost Of Revenue": 95571000.0,
        "Total Revenue": 132388000.0,
        "Operating Revenue": 132388000.0
    }
}