{
    "2023-03-31": {
        "Tax Effect Of Unusual Items": 0.0,
        "Tax Rate For Calcs": 0.2429,
        "Total Unusual Items": NaN,
        "Total Unusual Items Excluding Goodwill": NaN,
        "Net Income From Continuing Operation Net Minority Interest": -18523000.0,
        "Reconciled Depreciation": 30685000.0,
        "Net Interest Income": -6701000.0,
        "Interest Expense": 73445000.0,
        "Interest Income": 66744000.0,
        "Normalized Income": -18523000.0,
        "Net Income From Continuing And Discontinued Operation": -18523000.0,
        "Diluted Average Shares": 1974629808.0,
        "Basic Average Shares": 124732722.0,
        "Diluted EPS": -0.16,
        "Basic EPS": -0.15,
        "Diluted NI Availto Com Stockholders": -314453000.0,
        "Average Dilution Earnings": -295930000.0,
        "Net Income Common Stockholders": -18523000.0,
        "Otherunder Preferred Stock Dividend": NaN,
        "Net Income": -18523000.0,
        "Minority Interests": 392960000.0,
        "Net Income Including Noncontrolling Interests": -411483000.0,
        "Net Income Continuous Operations": -411483000.0,
        "Tax Provision": -4504000.0,
        "Pretax Income": -415987000.0,
        "Special Income Charges": NaN,
        "Other Special Charges": NaN,
        "Depreciation Amortization Depletion Income Statement": 30685000.0,
        "Depreciation And Amortization In Income Statement": 30685000.0,
        "Selling General And Administration": 980769000.0,
        "Selling And Marketing Expense": 181604000.0,
        "General And Administrative Expense": 799165000.0,
        "Other Gand A": 195390000.0,
        "Salaries And Wages": 603775000.0,
        "Total Revenue": 627735000.0,
        "Operating Revenue": 627735000.0,
        "Other Non Interest Expense": 32268000.0
    },
    "2022-12-31": {
        "Tax Effect Of Unusual Items": NaN,
        "Tax Rate For Calcs": NaN,
        "Total Unusual Items": NaN,
        "Total Unusual Items Excluding Goodwill": NaN,
        "Net Income From Continuing Operation Net Minority Interest": NaN,
        "Reconciled Depreciation": NaN,
        "Net Interest Income": NaN,
        "Interest Expense": NaN,
        "Interest Income": NaN,
        "Normalized Income": NaN,
        "Net Income From Continuing And Discontinued Operation": NaN,
        "Diluted Average Shares": NaN,
        "Basic Average Shares": NaN,
        "Diluted EPS": NaN,
        "Basic EPS": NaN,
        "Diluted NI Availto Com Stockholders": NaN,
        "Average Dilution Earnings": NaN,
        "Net Income Common Stockholders": NaN,
        "Otherunder Preferred Stock Dividend": 16000.0,
        "Net Income": NaN,
        "Minority Interests": NaN,
        "Net Income Including Noncontrolling Interests": NaN,
        "Net Income Continuous Operations": NaN,
        "Tax Provision": NaN,
        "Pretax Income": NaN,
        "Special Income Charges": NaN,
        "Other Special Charges": NaN,
        "Depreciation Amortization Depletion Income Statement": NaN,
        "Depreciation And Amortization In Income Statement": NaN,
        "Selling General And Administration": NaN,
        "Selling And Marketing Expense": NaN,
        "General And Administrative Expense": NaN,
        "Other Gand A": NaN,
        "Salaries And Wages": NaN,
        "Total Revenue": NaN,
        "Operating Revenue": NaN,
        "Other Non Interest Expense": NaN
    },
    "2022-09-30": {
        "Tax Effect Of Unusual Items": NaN,
        "Tax Rate For Calcs": NaN,
        "Total Unusual Items": NaN,
        "Total Unusual Items Excluding Goodwill": NaN,
        "Net Income From Continuing Operation Net Minority Interest": NaN,
        "Reconciled Depreciation": NaN,
        "Net Interest Income": NaN,
        "Interest Expense": NaN,
        "Interest Income": NaN,
        "Normalized Income": NaN,
        "Net Income From Continuing And Discontinued Operation": NaN,
        "Diluted Average Shares": NaN,
        "Basic Average Shares": NaN,
        "Diluted EPS": NaN,
        "Basic EPS": NaN,
        "Diluted NI Availto Com Stockholders": NaN,
        "Average Dilution Earnings": NaN,
        "Net Income Common Stockholders": NaN,
        "Otherunder Preferred Stock Dividend": -3000.0,
        "Net Income": NaN,
        "Minority Interests": NaN,
        "Net Income Including Noncontrolling Interests": NaN,
        "Net Income Continuous Operations": NaN,
        "Tax Provision": NaN,
        "Pretax Income": NaN,
        "Special Income Charges": NaN,
        "Other Special Charges": NaN,
        "Depreciation Amortization Depletion Income Statement": NaN,
        "Depreciation And Amortization In Income Statement": NaN,
        "Selling General And Administration": NaN,
        "Selling And Marketing Expense": NaN,
        "General And Administrative Expense": NaN,
        "Other Gand A": NaN,
        "Salaries And Wages": NaN,
        "Total Revenue": NaN,
        "Operating Revenue": NaN
    },
    "2022-06-30": {
        "Tax Effect Of Unusual Items": 0.0,
        "Tax Rate For Calcs": 0.2451,
        "Net Income From Continuing Operation Net Minority Interest": 3415000.0,
        "Reconciled Depreciation": 24780000.0,
        "Net Interest Income": -1792000.0,
        "Interest Expense": 80988000.0,
        "Interest Income": 79196000.0,
        "Normalized Income": 3415000.0,
        "Net Income From Continuing And Discontinued Operation": 3415000.0,
        "Diluted Average Shares": 1971741764.0,
        "Basic Average Shares": 118801530.0,
        "Diluted EPS": 0.02,
        "Basic EPS": 0.03,
        "Diluted NI Availto Com Stockholders": 3415000.0,
        "Average Dilution Earnings": 38843000.0,
        "Net Income Common Stockholders": 3415000.0,
        "Otherunder Preferred Stock Dividend": -2000.0,
        "Net Income": 3415000.0,
        "Minority Interests": -56341000.0,
        "Net Income Including Noncontrolling Interests": 59756000.0,
        "Net Income Continuous Operations": 59756000.0,
        "Tax Provision": 18761000.0,
        "Pretax Income": 78517000.0,
        "Depreciation Amortization Depletion Income Statement": 24780000.0,
        "Depreciation And Amortization In Income Statement": 24780000.0,
        "Selling General And Administration": 1215353000.0,
        "Selling And Marketing Expense": 231522000.0,
        "General And Administrative Expense": 983831000.0,
        "Other Gand A": 229706000.0,
        "Salaries And Wages": 754125000.0,
        "Total Revenue": 1354137000.0,
        "Operating Revenue": 1354137000.0
    },
    "2022-03-31": {
        "Diluted EPS": 0.4,
        "Total Revenue": NaN,
        "Gross Profit": NaN,
        "Operating Income": NaN,
        "EBIT": NaN,
        "Net Income": 54
    },
    "2021-12-31": {
        "Diluted EPS": 0.31,
        "Total Revenue": NaN,
        "Gross Profit": NaN,
        "Operating Income": 855,
        "EBIT": NaN,
        "Net Income": 48
    },
    "2021-09-30": {
        "Diluted EPS": 0.54,
        "Total Revenue": NaN,
        "Gross Profit": NaN,
        "Operating Income": NaN,
        "EBIT": NaN,
        "Net Income": 75
    },
    "2021-06-30": {
        "Diluted EPS": 0.4,
        "Total Revenue": NaN,
        "Gross Profit": NaN,
        "Operating Income": NaN,
        "EBIT": NaN,
        "Net Income": 61
    },
    "2021-03-31": {
        "Diluted EPS": 1.07,
        "Total Revenue": NaN,
        "Gross Profit": NaN,
        "Operating Income": NaN,
        "EBIT": NaN,
        "Net Income": 124
    },
    "2020-12-31": {
        "Diluted EPS": 1.22,
        "Total Revenue": NaN,
        "Gross Profit": NaN,
        "Operating Income": NaN,
        "EBIT": NaN,
        "Net Income": 140
    },
    "2020-09-30": {
        "Diluted EPS": 0.54,
        "Total Revenue": NaN,
        "Gross Profit": NaN,
        "Operating Income": NaN,
        "EBIT": NaN,
        "Net Income": 58
    },
    "2020-06-30": {
        "Diluted EPS": 0.0,
        "Total Revenue": NaN,
        "Gross Profit": NaN,
        "Operating Income": NaN,
        "EBIT": NaN,
        "Net Income": NaN
    },
    "2020-03-31": {
        "Diluted EPS": 0.0,
        "Total Revenue": NaN,
        "Gross Profit": NaN,
        "Operating Income": 100,
        "EBIT": 150,
        "Net Income": NaN
    },
    "2019-12-31": {
        "Diluted EPS": 0.0,
        "Total Revenue": NaN,
        "Gross Profit": NaN,
        "Operating Income": NaN,
        "EBIT": NaN,
        "Net Income": NaN
    },
    "2019-09-30": {
        "Diluted EPS": 0.0,
        "Total Revenue": NaN,
        "Gross Profit": NaN,
        "Operating Income": 500,
        "EBIT": 554,
        "Net Income": NaN
    },
    "2019-06-30": {
        "Diluted EPS": 0.0,
        "Total Revenue": 938,
        "Gross Profit": 938,
        "Operating Income": -54,
        "EBIT": -21,
        "Net Income": -54
    },
    "2018-12-31": {
        "Diluted EPS": 0.0,
        "Total Revenue": NaN,
        "Gross Profit": NaN,
        "Operating Income": NaN,
        "EBIT": NaN,
        "Net Income": NaN
    },
    "2023-06-30": {
        "Tax Effect Of Unusual Items": 0.0,
        "Tax Rate For Calcs": 0.21,
        "Total Unusual Items": NaN,
        "Total Unusual Items Excluding Goodwill": NaN,
        "Net Income From Continuing Operation Net Minority Interest": 7438000.0,
        "Reconciled Depreciation": 25357000.0,
        "Net Interest Income": -17089000.0,
        "Interest Expense": 97846000.0,
        "Interest Income": 80757000.0,
        "Normalized Income": 7438000.0,
        "Net Income From Continuing And Discontinued Operation": 7438000.0,
        "Diluted Average Shares": 1979450651.0,
        "Basic Average Shares": 126740748.0,
        "Diluted EPS": 0.05,
        "Basic EPS": 0.06,
        "Diluted NI Availto Com Stockholders": 105135000.0,
        "Average Dilution Earnings": 97697000.0,
        "Net Income Common Stockholders": 7438000.0,
        "Net Income": 7438000.0,
        "Minority Interests": -131714000.0,
        "Net Income Including Noncontrolling Interests": 139152000.0,
        "Net Income Continuous Operations": 139152000.0,
        "Tax Provision": -782000.0,
        "Pretax Income": 138370000.0,
        "Special Income Charges": NaN,
        "Other Special Charges": NaN,
        "Depreciation Amortization Depletion Income Statement": 25357000.0,
        "Depreciation And Amortization In Income Statement": 25357000.0,
        "Selling General And Administration": 998407000.0,
        "Selling And Marketing Expense": 218843000.0,
        "General And Administrative Expense": 779564000.0,
        "Other Gand A": 200425000.0,
        "Salaries And Wages": 579139000.0,
        "Total Revenue": 1197893000.0,
        "Operating Revenue": 1197893000.0,
        "Other Non Interest Expense": 35759000.0
    },
    "2023-09-30": {
        "Tax Effect Of Unusual Items": NaN,
        "Tax Rate For Calcs": NaN,
        "Total Unusual Items": NaN,
        "Total Unusual Items Excluding Goodwill": NaN,
        "Net Income From Continuing Operation Net Minority Interest": NaN,
        "Reconciled Depreciation": NaN,
        "Net Interest Income": NaN,
        "Interest Expense": NaN,
        "Interest Income": NaN,
        "Normalized Income": NaN,
        "Net Income From Continuing And Discontinued Operation": NaN,
        "Diluted Average Shares": 1983992350.0,
        "Basic Average Shares": 129390501.0,
        "Diluted EPS": 0.04,
        "Basic EPS": 0.05,
        "Diluted NI Availto Com Stockholders": NaN,
        "Average Dilution Earnings": NaN,
        "Net Income Common Stockholders": NaN,
        "Net Income": NaN,
        "Minority Interests": NaN,
        "Net Income Including Noncontrolling Interests": NaN,
        "Net Income Continuous Operations": NaN,
        "Tax Provision": NaN,
        "Pretax Income": NaN,
        "Special Income Charges": NaN,
        "Other Special Charges": NaN,
        "Depreciation Amortization Depletion Income Statement": NaN,
        "Depreciation And Amortization In Income Statement": NaN,
        "Selling General And Administration": NaN,
        "Selling And Marketing Expense": NaN,
        "General And Administrative Expense": NaN,
        "Other Gand A": NaN,
        "Salaries And Wages": NaN,
        "Total Revenue": NaN,
        "Operating Revenue": NaN,
        "Other Non Interest Expense": NaN
    },
    "2023-12-31": {
        "Tax Effect Of Unusual Items": 0.0,
        "Tax Rate For Calcs": 0.042037,
        "Total Unusual Items": NaN,
        "Total Unusual Items Excluding Goodwill": NaN,
        "Net Income From Continuing Operation Net Minority Interest": -10635000.0,
        "Reconciled Depreciation": 26593000.0,
        "Net Interest Income": -29818000.0,
        "Interest Expense": 115897000.0,
        "Interest Income": 86079000.0,
        "Normalized Income": -10635000.0,
        "Net Income From Continuing And Discontinued Operation": -10635000.0,
        "Diluted Average Shares": 1987457044.0,
        "Basic Average Shares": 133597434.0,
        "Diluted EPS": -0.09,
        "Basic EPS": -0.08,
        "Diluted NI Availto Com Stockholders": -178507000.0,
        "Average Dilution Earnings": -167872000.0,
        "Net Income Common Stockholders": -10635000.0,
        "Net Income": -10635000.0,
        "Minority Interests": 222059000.0,
        "Net Income Including Noncontrolling Interests": -232694000.0,
        "Net Income Continuous Operations": -232694000.0,
        "Tax Provision": -10211000.0,
        "Pretax Income": -242905000.0,
        "Special Income Charges": NaN,
        "Other Special Charges": NaN,
        "Depreciation Amortization Depletion Income Statement": 26593000.0,
        "Depreciation And Amortization In Income Statement": 26593000.0,
        "Selling General And Administration": 835267000.0,
        "Selling And Marketing Expense": 142823000.0,
        "General And Administrative Expense": 692444000.0,
        "Other Gand A": 207651000.0,
        "Salaries And Wages": 484793000.0,
        "Total Revenue": 655441000.0,
        "Operating Revenue": 655441000.0,
        "Other Non Interest Expense": 36486000.0
    },
    "2024-03-31": {
        "Tax Effect Of Unusual Items": NaN,
        "Tax Rate For Calcs": NaN,
        "Total Unusual Items": -19500000.0,
        "Total Unusual Items Excluding Goodwill": -19500000.0,
        "Net Income From Continuing Operation Net Minority Interest": NaN,
        "Reconciled Depreciation": NaN,
        "Net Interest Income": NaN,
        "Interest Expense": NaN,
        "Interest Income": NaN,
        "Normalized Income": NaN,
        "Net Income From Continuing And Discontinued Operation": NaN,
        "Diluted Average Shares": NaN,
        "Basic Average Shares": NaN,
        "Diluted EPS": NaN,
        "Basic EPS": NaN,
        "Diluted NI Availto Com Stockholders": NaN,
        "Average Dilution Earnings": NaN,
        "Net Income Common Stockholders": NaN,
        "Net Income": NaN,
        "Minority Interests": NaN,
        "Net Income Including Noncontrolling Interests": NaN,
        "Net Income Continuous Operations": NaN,
        "Tax Provision": NaN,
        "Pretax Income": NaN,
        "Special Income Charges": -19500000.0,
        "Other Special Charges": 19500000.0,
        "Restructuring And Mergern Acquisition": NaN,
        "Depreciation Amortization Depletion Income Statement": NaN,
        "Depreciation And Amortization In Income Statement": NaN,
        "Selling General And Administration": NaN,
        "Selling And Marketing Expense": NaN,
        "General And Administrative Expense": NaN,
        "Other Gand A": NaN,
        "Salaries And Wages": NaN,
        "Total Revenue": NaN,
        "Operating Revenue": NaN,
        "Other Non Interest Expense": NaN
    },
    "2024-06-30": {
        "Tax Effect Of Unusual Items": NaN,
        "Tax Rate For Calcs": NaN,
        "Total Unusual Items": 0.0,
        "Total Unusual Items Excluding Goodwill": 0.0,
        "Net Income From Continuing Operation Net Minority Interest": NaN,
        "Reconciled Depreciation": NaN,
        "Net Interest Income": NaN,
        "Interest Expense": NaN,
        "Interest Income": NaN,
        "Normalized Income": NaN,
        "Net Income From Continuing And Discontinued Operation": NaN,
        "Diluted Average Shares": NaN,
        "Basic Average Shares": NaN,
        "Diluted EPS": NaN,
        "Basic EPS": NaN,
        "Diluted NI Availto Com Stockholders": NaN,
        "Average Dilution Earnings": NaN,
        "Net Income Common Stockholders": NaN,
        "Net Income": NaN,
        "Minority Interests": NaN,
        "Net Income Including Noncontrolling Interests": NaN,
        "Net Income Continuous Operations": NaN,
        "Tax Provision": NaN,
        "Pretax Income": NaN,
        "Special Income Charges": 0.0,
        "Other Special Charges": 23000000.0,
        "Restructuring And Mergern Acquisition": 0.0,
        "Depreciation Amortization Depletion Income Statement": NaN,
        "Depreciation And Amortization In Income Statement": NaN,
        "Selling General And Administration": NaN,
        "Selling And Marketing Expense": NaN,
        "General And Administrative Expense": NaN,
        "Other Gand A": NaN,
        "Salaries And Wages": NaN,
        "Total Revenue": NaN,
        "Operating Revenue": NaN,
        "Other Non Interest Expense": NaN
    },
    "2024-09-30": {
        "Tax Effect Of Unusual Items": -4758000.0,
        "Tax Rate For Calcs": 0.244,
        "Total Unusual Items": -19500000.0,
        "Total Unusual Items Excluding Goodwill": -19500000.0,
        "Net Income From Continuing Operation Net Minority Interest": -22011000.0,
        "Reconciled Depreciation": 28607000.0,
        "Net Interest Income": -31874000.0,
        "Interest Expense": 140440000.0,
        "Interest Income": 108566000.0,
        "Normalized Income": -7269000.0,
        "Net Income From Continuing And Discontinued Operation": -22011000.0,
        "Diluted Average Shares": 2003296515.0,
        "Basic Average Shares": 141763221.0,
        "Diluted EPS": -0.19,
        "Basic EPS": -0.16,
        "Diluted NI Availto Com Stockholders": -374508000.0,
        "Average Dilution Earnings": -352497000.0,
        "Net Income Common Stockholders": -22011000.0,
        "Net Income": -22011000.0,
        "Minority Interests": 459413000.0,
        "Net Income Including Noncontrolling Interests": -481424000.0,
        "Net Income Continuous Operations": -481424000.0,
        "Tax Provision": -15895000.0,
        "Pretax Income": -497319000.0,
        "Special Income Charges": -19500000.0,
        "Other Special Charges": 19500000.0,
        "Restructuring And Mergern Acquisition": NaN,
        "Depreciation Amortization Depletion Income Statement": 28607000.0,
        "Depreciation And Amortization In Income Statement": 28607000.0,
        "Selling General And Administration": 1029128000.0,
        "Selling And Marketing Expense": 200528000.0,
        "General And Administrative Expense": 828600000.0,
        "Other Gand A": 221074000.0,
        "Salaries And Wages": 607526000.0,
        "Total Revenue": 608328000.0,
        "Operating Revenue": 608328000.0,
        "Other Non Interest Expense": 28412000.0
    },
    "2024-12-31": {
        "Tax Effect Of Unusual Items": 0.0,
        "Tax Rate For Calcs": 0.039033,
        "Total Unusual Items": NaN,
        "Total Unusual Items Excluding Goodwill": NaN,
        "Net Income From Continuing Operation Net Minority Interest": 33871000.0,
        "Reconciled Depreciation": 29284000.0,
        "Net Interest Income": -16127000.0,
        "Interest Expense": 119325000.0,
        "Interest Income": 103198000.0,
        "Normalized Income": 33871000.0,
        "Net Income From Continuing And Discontinued Operation": 33871000.0,
        "Diluted Average Shares": 145686451.0,
        "Basic Average Shares": 145686451.0,
        "Diluted EPS": 0.23,
        "Basic EPS": 0.23,
        "Diluted NI Availto Com Stockholders": 33871000.0,
        "Average Dilution Earnings": 0.0,
        "Net Income Common Stockholders": 33871000.0,
        "Net Income": 33871000.0,
        "Minority Interests": -614742000.0,
        "Net Income Including Noncontrolling Interests": 648613000.0,
        "Net Income Continuous Operations": 648613000.0,
        "Tax Provision": 26346000.0,
        "Pretax Income": 674959000.0,
        "Special Income Charges": NaN,
        "Other Special Charges": NaN,
        "Restructuring And Mergern Acquisition": NaN,
        "Depreciation Amortization Depletion Income Statement": 29284000.0,
        "Depreciation And Amortization In Income Statement": 29284000.0,
        "Selling General And Administration": 967947000.0,
        "Selling And Marketing Expense": 206281000.0,
        "General And Administrative Expense": 761666000.0,
        "Other Gand A": 202463000.0,
        "Salaries And Wages": 559203000.0,
        "Total Revenue": 1716124000.0,
        "Operating Revenue": 1716124000.0,
        "Other Non Interest Expense": 58934000.0
    },
    "2025-03-31": {
        "Tax Effect Of Unusual Items": 0.0,
        "Tax Rate For Calcs": 0.2432,
        "Total Unusual Items": NaN,
        "Total Unusual Items Excluding Goodwill": NaN,
        "Net Income From Continuing Operation Net Minority Interest": -10383000.0,
        "Reconciled Depreciation": 26910000.0,
        "Net Interest Income": -10236000.0,
        "Interest Expense": 102326000.0,
        "Interest Income": 92090000.0,
        "Normalized Income": -10383000.0,
        "Net Income From Continuing And Discontinued Operation": -10383000.0,
        "Diluted Average Shares": 2001936379.0,
        "Basic Average Shares": 147717296.0,
        "Diluted EPS": -0.08,
        "Basic EPS": -0.07,
        "Diluted NI Availto Com Stockholders": -167912000.0,
        "Average Dilution Earnings": -157529000.0,
        "Net Income Common Stockholders": -10383000.0,
        "Net Income": -10383000.0,
        "Minority Interests": 202063000.0,
        "Net Income Including Noncontrolling Interests": -212446000.0,
        "Net Income Continuous Operations": -212446000.0,
        "Tax Provision": -10657000.0,
        "Pretax Income": -223103000.0,
        "Special Income Charges": NaN,
        "Other Special Charges": NaN,
        "Restructuring And Mergern Acquisition": NaN,
        "Depreciation Amortization Depletion Income Statement": 26910000.0,
        "Depreciation And Amortization In Income Statement": 26910000.0,
        "Selling General And Administration": 1146046000.0,
        "Selling And Marketing Expense": 275623000.0,
        "General And Administrative Expense": 870423000.0,
        "Other Gand A": 260815000.0,
        "Salaries And Wages": 609608000.0,
        "Total Revenue": 998977000.0,
        "Operating Revenue": 998977000.0,
        "Other Non Interest Expense": 49124000.0
    },
    "2025-06-30": {
        "Tax Effect Of Unusual Items": -7349580.0,
        "Tax Rate For Calcs": 0.21,
        "Total Unusual Items": -34998000.0,
        "Total Unusual Items Excluding Goodwill": -34998000.0,
        "Net Income From Continuing Operation Net Minority Interest": -1785000.0,
        "Reconciled Depreciation": 27526000.0,
        "Net Interest Income": -25095000.0,
        "Interest Expense": 148597000.0,
        "Interest Income": 123502000.0,
        "Normalized Income": 25863420.0,
        "Net Income From Continuing And Discontinued Operation": -1785000.0,
        "Diluted Average Shares": 171438105.0,
        "Basic Average Shares": 171438105.0,
        "Diluted EPS": -0.01,
        "Basic EPS": -0.01,
        "Diluted NI Availto Com Stockholders": -1785000.0,
        "Average Dilution Earnings": 0.0,
        "Net Income Common Stockholders": -1785000.0,
        "Net Income": -1785000.0,
        "Minority Interests": -35874000.0,
        "Net Income Including Noncontrolling Interests": 34089000.0,
        "Net Income Continuous Operations": 34089000.0,
        "Tax Provision": -9827000.0,
        "Pretax Income": 24262000.0,
        "Special Income Charges": -34998000.0,
        "Other Special Charges": NaN,
        "Restructuring And Mergern Acquisition": 34998000.0,
        "Depreciation Amortization Depletion Income Statement": 27526000.0,
        "Depreciation And Amortization In Income Statement": 27526000.0,
        "Selling General And Administration": 1151932000.0,
        "Selling And Marketing Expense": 276050000.0,
        "General And Administrative Expense": 875882000.0,
        "Other Gand A": 252423000.0,
        "Salaries And Wages": 623459000.0,
        "Total Revenue": 1302533000.0,
        "Operating Revenue": 1302533000.0,
        "Other Non Interest Expense": 63815000.0
    },
    "2025-09-30": {
        "Tax Effect Of Unusual Items": -23708304.0,
        "Tax Rate For Calcs": 0.248,
        "Total Unusual Items": -95598000.0,
        "Total Unusual Items Excluding Goodwill": -95598000.0,
        "Net Income From Continuing Operation Net Minority Interest": -123854000.0,
        "Reconciled Depreciation": 78340000.0,
        "Net Interest Income": -101514000.0,
        "Interest Expense": 227973000.0,
        "Interest Income": 126459000.0,
        "Normalized Income": -51964304.0,
        "Net Income From Continuing And Discontinued Operation": -123854000.0,
        "Diluted Average Shares": 2106227188.0,
        "Basic Average Shares": 2106227188.0,
        "Diluted EPS": -0.06,
        "Basic EPS": -0.06,
        "Diluted NI Availto Com Stockholders": -123854000.0,
        "Average Dilution Earnings": 0.0,
        "Net Income Common Stockholders": -123854000.0,
        "Net Income": -123854000.0,
        "Minority Interests": 0.0,
        "Net Income Including Noncontrolling Interests": -123854000.0,
        "Net Income Continuous Operations": -123854000.0,
        "Tax Provision": -60342000.0,
        "Pretax Income": -184196000.0,
        "Special Income Charges": -95598000.0,
        "Other Special Charges": NaN,
        "Restructuring And Mergern Acquisition": 95598000.0,
        "Depreciation Amortization Depletion Income Statement": 78340000.0,
        "Depreciation And Amortization In Income Statement": 78340000.0,
        "Selling General And Administration": 1503601000.0,
        "Selling And Marketing Expense": 274273000.0,
        "General And Administrative Expense": 1229328000.0,
        "Other Gand A": 354554000.0,
        "Salaries And Wages": 874774000.0,
        "Total Revenue": 1468089000.0,
        "Operating Revenue": 1468089000.0,
        "Other Non Interest Expense": -25254000.0
    }
}