{
    "2023-03-31": {
        "Tax Effect Of Unusual Items": NaN,
        "Tax Rate For Calcs": NaN,
        "Total Unusual Items": -113000.0,
        "Total Unusual Items Excluding Goodwill": -113000.0,
        "Net Income From Continuing Operation Net Minority Interest": NaN,
        "Reconciled Depreciation": NaN,
        "Net Interest Income": NaN,
        "Interest Expense": NaN,
        "Interest Income": NaN,
        "Normalized Income": NaN,
        "Net Income From Continuing And Discontinued Operation": NaN,
        "Diluted Average Shares": NaN,
        "Basic Average Shares": NaN,
        "Diluted EPS": NaN,
        "Basic EPS": NaN,
        "Diluted NI Availto Com Stockholders": NaN,
        "Net Income Common Stockholders": NaN,
        "Net Income": NaN,
        "Net Income Including Noncontrolling Interests": NaN,
        "Net Income Continuous Operations": NaN,
        "Tax Provision": NaN,
        "Pretax Income": NaN,
        "Special Income Charges": -113000.0,
        "Other Special Charges": 113000.0,
        "Selling General And Administration": NaN,
        "Selling And Marketing Expense": NaN,
        "General And Administrative Expense": NaN,
        "Other Gand A": NaN,
        "Salaries And Wages": NaN,
        "Total Revenue": NaN,
        "Operating Revenue": NaN,
        "Occupancy And Equipment": NaN,
        "Other Non Interest Expense": -113000.0
    },
    "2022-12-31": {
        "Tax Effect Of Unusual Items": NaN,
        "Tax Rate For Calcs": NaN,
        "Total Unusual Items": -47000.0,
        "Total Unusual Items Excluding Goodwill": -47000.0,
        "Net Income From Continuing Operation Net Minority Interest": NaN,
        "Reconciled Depreciation": NaN,
        "Net Interest Income": NaN,
        "Interest Expense": NaN,
        "Interest Income": NaN,
        "Normalized Income": NaN,
        "Net Income From Continuing And Discontinued Operation": NaN,
        "Diluted Average Shares": NaN,
        "Basic Average Shares": NaN,
        "Diluted EPS": NaN,
        "Basic EPS": NaN,
        "Diluted NI Availto Com Stockholders": NaN,
        "Net Income Common Stockholders": NaN,
        "Net Income": NaN,
        "Net Income Including Noncontrolling Interests": NaN,
        "Net Income Continuous Operations": NaN,
        "Tax Provision": NaN,
        "Pretax Income": NaN,
        "Special Income Charges": -47000.0,
        "Other Special Charges": 47000.0,
        "Selling General And Administration": NaN,
        "Selling And Marketing Expense": NaN,
        "General And Administrative Expense": NaN,
        "Other Gand A": NaN,
        "Salaries And Wages": NaN,
        "Total Revenue": NaN,
        "Operating Revenue": NaN,
        "Occupancy And Equipment": NaN,
        "Other Non Interest Expense": -47000.0
    },
    "2022-09-30": {
        "Tax Effect Of Unusual Items": 0.0,
        "Tax Rate For Calcs": 0.246069,
        "Total Unusual Items": NaN,
        "Total Unusual Items Excluding Goodwill": NaN,
        "Net Income From Continuing Operation Net Minority Interest": 10068000.0,
        "Reconciled Depreciation": 2915000.0,
        "Net Interest Income": 104157000.0,
        "Interest Expense": 11863000.0,
        "Interest Income": 116020000.0,
        "Normalized Income": 10068000.0,
        "Net Income From Continuing And Discontinued Operation": 10068000.0,
        "Diluted Average Shares": 9526000.0,
        "Basic Average Shares": 9195000.0,
        "Diluted EPS": 1.06,
        "Basic EPS": 1.09,
        "Diluted NI Availto Com Stockholders": 10068000.0,
        "Net Income Common Stockholders": 10068000.0,
        "Net Income": 10068000.0,
        "Net Income Including Noncontrolling Interests": 10068000.0,
        "Net Income Continuous Operations": 10068000.0,
        "Tax Provision": 3286000.0,
        "Pretax Income": 13354000.0,
        "Special Income Charges": NaN,
        "Other Special Charges": NaN,
        "Selling General And Administration": 52316000.0,
        "Selling And Marketing Expense": 3940000.0,
        "General And Administrative Expense": 48376000.0,
        "Other Gand A": 11397000.0,
        "Salaries And Wages": 36979000.0,
        "Total Revenue": 119589000.0,
        "Operating Revenue": 119589000.0
    },
    "2022-06-30": {
        "Tax Effect Of Unusual Items": 0.0,
        "Tax Rate For Calcs": 0.240973,
        "Total Unusual Items": NaN,
        "Total Unusual Items Excluding Goodwill": NaN,
        "Net Income From Continuing Operation Net Minority Interest": 11982000.0,
        "Reconciled Depreciation": 2996000.0,
        "Net Interest Income": 102207000.0,
        "Interest Expense": 7564000.0,
        "Interest Income": 109771000.0,
        "Normalized Income": 11982000.0,
        "Net Income From Continuing And Discontinued Operation": 11982000.0,
        "Diluted Average Shares": 9669000.0,
        "Basic Average Shares": 9261000.0,
        "Diluted EPS": 1.24,
        "Basic EPS": 1.29,
        "Diluted NI Availto Com Stockholders": 11982000.0,
        "Net Income Common Stockholders": 11982000.0,
        "Net Income": 11982000.0,
        "Net Income Including Noncontrolling Interests": 11982000.0,
        "Net Income Continuous Operations": 11982000.0,
        "Tax Provision": 3804000.0,
        "Pretax Income": 15786000.0,
        "Special Income Charges": NaN,
        "Other Special Charges": NaN,
        "Selling General And Administration": 47965000.0,
        "Selling And Marketing Expense": 4108000.0,
        "General And Administrative Expense": 43857000.0,
        "Other Gand A": 9916000.0,
        "Salaries And Wages": 33941000.0,
        "Total Revenue": 115307000.0,
        "Operating Revenue": 115307000.0
    },
    "2023-06-30": {
        "Tax Effect Of Unusual Items": 0.0,
        "Tax Rate For Calcs": 0.229105,
        "Total Unusual Items": NaN,
        "Total Unusual Items Excluding Goodwill": NaN,
        "Net Income From Continuing Operation Net Minority Interest": 6023000.0,
        "Reconciled Depreciation": 3566000.0,
        "Net Interest Income": 101859000.0,
        "Interest Expense": 16224000.0,
        "Interest Income": 118083000.0,
        "Normalized Income": 6023000.0,
        "Net Income From Continuing And Discontinued Operation": 6023000.0,
        "Diluted Average Shares": 9566000.0,
        "Basic Average Shares": 9399000.0,
        "Diluted EPS": 0.63,
        "Basic EPS": 0.64,
        "Diluted NI Availto Com Stockholders": 6023000.0,
        "Net Income Common Stockholders": 6023000.0,
        "Net Income": 6023000.0,
        "Net Income Including Noncontrolling Interests": 6023000.0,
        "Net Income Continuous Operations": 6023000.0,
        "Tax Provision": 1790000.0,
        "Pretax Income": 7813000.0,
        "Special Income Charges": NaN,
        "Other Special Charges": NaN,
        "Selling General And Administration": 50738000.0,
        "Selling And Marketing Expense": 3844000.0,
        "General And Administrative Expense": 46894000.0,
        "Other Gand A": 10475000.0,
        "Salaries And Wages": 36419000.0,
        "Total Revenue": 117260000.0,
        "Operating Revenue": 117260000.0,
        "Occupancy And Equipment": 6158000.0,
        "Other Non Interest Expense": NaN
    },
    "2023-09-30": {
        "Tax Effect Of Unusual Items": NaN,
        "Tax Rate For Calcs": NaN,
        "Net Income From Continuing Operation Net Minority Interest": NaN,
        "Reconciled Depreciation": NaN,
        "Net Interest Income": NaN,
        "Interest Expense": NaN,
        "Interest Income": NaN,
        "Normalized Income": NaN,
        "Net Income From Continuing And Discontinued Operation": NaN,
        "Diluted Average Shares": 9650000.0,
        "Basic Average Shares": 9429000.0,
        "Diluted EPS": 0.91,
        "Basic EPS": 0.94,
        "Diluted NI Availto Com Stockholders": NaN,
        "Net Income Common Stockholders": NaN,
        "Net Income": NaN,
        "Net Income Including Noncontrolling Interests": NaN,
        "Net Income Continuous Operations": NaN,
        "Tax Provision": NaN,
        "Pretax Income": NaN,
        "Selling General And Administration": NaN,
        "Selling And Marketing Expense": NaN,
        "General And Administrative Expense": NaN,
        "Other Gand A": NaN,
        "Salaries And Wages": NaN,
        "Total Revenue": NaN,
        "Operating Revenue": NaN,
        "Occupancy And Equipment": NaN
    },
    "2023-12-31": {
        "Tax Effect Of Unusual Items": 0.0,
        "Tax Rate For Calcs": 0.205413,
        "Net Income From Continuing Operation Net Minority Interest": -7574000.0,
        "Reconciled Depreciation": 3434000.0,
        "Net Interest Income": 108680000.0,
        "Interest Expense": 17510000.0,
        "Interest Income": 126190000.0,
        "Normalized Income": -7574000.0,
        "Net Income From Continuing And Discontinued Operation": -7574000.0,
        "Diluted Average Shares": 9437000.0,
        "Basic Average Shares": 9437000.0,
        "Diluted EPS": -0.8,
        "Basic EPS": -0.8,
        "Diluted NI Availto Com Stockholders": -7574000.0,
        "Net Income Common Stockholders": -7574000.0,
        "Net Income": -7574000.0,
        "Net Income Including Noncontrolling Interests": -7574000.0,
        "Net Income Continuous Operations": -7574000.0,
        "Tax Provision": -1958000.0,
        "Pretax Income": -9532000.0,
        "Selling General And Administration": 58528000.0,
        "Selling And Marketing Expense": 4474000.0,
        "General And Administrative Expense": 54054000.0,
        "Other Gand A": 12030000.0,
        "Salaries And Wages": 42024000.0,
        "Total Revenue": 124149000.0,
        "Operating Revenue": 124149000.0,
        "Occupancy And Equipment": 6268000.0
    },
    "2024-03-31": {
        "Tax Effect Of Unusual Items": 0.0,
        "Tax Rate For Calcs": 0.237195,
        "Net Income From Continuing Operation Net Minority Interest": 15205000.0,
        "Reconciled Depreciation": 3498000.0,
        "Net Interest Income": 111314000.0,
        "Interest Expense": 17504000.0,
        "Interest Income": 128818000.0,
        "Normalized Income": 15205000.0,
        "Net Income From Continuing And Discontinued Operation": 15205000.0,
        "Diluted Average Shares": 9746000.0,
        "Basic Average Shares": 9569000.0,
        "Diluted EPS": 1.56,
        "Basic EPS": 1.59,
        "Diluted NI Availto Com Stockholders": 15205000.0,
        "Net Income Common Stockholders": 15205000.0,
        "Net Income": 15205000.0,
        "Net Income Including Noncontrolling Interests": 15205000.0,
        "Net Income Continuous Operations": 15205000.0,
        "Tax Provision": 4728000.0,
        "Pretax Income": 19933000.0,
        "Selling General And Administration": 54073000.0,
        "Selling And Marketing Expense": 4315000.0,
        "General And Administrative Expense": 49758000.0,
        "Other Gand A": 11938000.0,
        "Salaries And Wages": 37820000.0,
        "Total Revenue": 126804000.0,
        "Operating Revenue": 126804000.0,
        "Occupancy And Equipment": 6375000.0
    },
    "2024-06-30": {
        "Tax Effect Of Unusual Items": 0.0,
        "Tax Rate For Calcs": 0.247,
        "Net Income From Continuing Operation Net Minority Interest": 8445000.0,
        "Reconciled Depreciation": 3383000.0,
        "Net Interest Income": 110033000.0,
        "Interest Expense": 17865000.0,
        "Interest Income": 127898000.0,
        "Normalized Income": 8445000.0,
        "Net Income From Continuing And Discontinued Operation": 8445000.0,
        "Diluted Average Shares": 9863000.0,
        "Basic Average Shares": 9613000.0,
        "Diluted EPS": 0.86,
        "Basic EPS": 0.88,
        "Diluted NI Availto Com Stockholders": 8445000.0,
        "Net Income Common Stockholders": 8445000.0,
        "Net Income": 8445000.0,
        "Net Income Including Noncontrolling Interests": 8445000.0,
        "Net Income Continuous Operations": 8445000.0,
        "Tax Provision": 2777000.0,
        "Pretax Income": 11222000.0,
        "Selling General And Administration": 53987000.0,
        "Selling And Marketing Expense": 4836000.0,
        "General And Administrative Expense": 49151000.0,
        "Other Gand A": 12054000.0,
        "Salaries And Wages": 37097000.0,
        "Total Revenue": 125160000.0,
        "Operating Revenue": 125160000.0,
        "Occupancy And Equipment": 6149000.0
    },
    "2024-09-30": {
        "Tax Effect Of Unusual Items": 0.0,
        "Tax Rate For Calcs": 0.246,
        "Net Income From Continuing Operation Net Minority Interest": 7663000.0,
        "Reconciled Depreciation": 3582000.0,
        "Net Interest Income": 114576000.0,
        "Interest Expense": 19356000.0,
        "Interest Income": 133932000.0,
        "Normalized Income": 7663000.0,
        "Net Income From Continuing And Discontinued Operation": 7663000.0,
        "Diluted Average Shares": 10090000.0,
        "Basic Average Shares": 9683000.0,
        "Diluted EPS": 0.76,
        "Basic EPS": 0.79,
        "Diluted NI Availto Com Stockholders": 7663000.0,
        "Net Income Common Stockholders": 7663000.0,
        "Net Income": 7663000.0,
        "Net Income Including Noncontrolling Interests": 7663000.0,
        "Net Income Continuous Operations": 7663000.0,
        "Tax Provision": 2502000.0,
        "Pretax Income": 10165000.0,
        "Selling General And Administration": 55917000.0,
        "Selling And Marketing Expense": 5078000.0,
        "General And Administrative Expense": 50839000.0,
        "Other Gand A": 12516000.0,
        "Salaries And Wages": 38323000.0,
        "Total Revenue": 126982000.0,
        "Operating Revenue": 126982000.0,
        "Occupancy And Equipment": 6551000.0
    },
    "2024-12-31": {
        "Tax Effect Of Unusual Items": 0.0,
        "Tax Rate For Calcs": 0.222736,
        "Net Income From Continuing Operation Net Minority Interest": 9914000.0,
        "Reconciled Depreciation": 3607000.0,
        "Net Interest Income": 118441000.0,
        "Interest Expense": 19805000.0,
        "Interest Income": 138246000.0,
        "Normalized Income": 9914000.0,
        "Net Income From Continuing And Discontinued Operation": 9914000.0,
        "Diluted Average Shares": 10128000.0,
        "Basic Average Shares": 9691000.0,
        "Diluted EPS": 0.98,
        "Basic EPS": 1.02,
        "Diluted NI Availto Com Stockholders": 9914000.0,
        "Net Income Common Stockholders": 9914000.0,
        "Net Income": 9914000.0,
        "Net Income Including Noncontrolling Interests": 9914000.0,
        "Net Income Continuous Operations": 9914000.0,
        "Tax Provision": 2841000.0,
        "Pretax Income": 12755000.0,
        "Selling General And Administration": 57898000.0,
        "Selling And Marketing Expense": 4777000.0,
        "General And Administrative Expense": 53121000.0,
        "Other Gand A": 12572000.0,
        "Salaries And Wages": 40549000.0,
        "Total Revenue": 135027000.0,
        "Operating Revenue": 135027000.0,
        "Occupancy And Equipment": 6748000.0
    },
    "2025-03-31": {
        "Tax Effect Of Unusual Items": 0.0,
        "Tax Rate For Calcs": 0.235,
        "Net Income From Continuing Operation Net Minority Interest": 7007000.0,
        "Reconciled Depreciation": 3603000.0,
        "Net Interest Income": 116782000.0,
        "Interest Expense": 19771000.0,
        "Interest Income": 136553000.0,
        "Normalized Income": 7007000.0,
        "Net Income From Continuing And Discontinued Operation": 7007000.0,
        "Diluted Average Shares": 10025000.0,
        "Basic Average Shares": 9610000.0,
        "Diluted EPS": 0.7,
        "Basic EPS": 0.73,
        "Diluted NI Availto Com Stockholders": 7007000.0,
        "Net Income Common Stockholders": 7007000.0,
        "Net Income": 7007000.0,
        "Net Income Including Noncontrolling Interests": 7007000.0,
        "Net Income Continuous Operations": 7007000.0,
        "Tax Provision": 2154000.0,
        "Pretax Income": 9161000.0,
        "Selling General And Administration": 59137000.0,
        "Selling And Marketing Expense": 5406000.0,
        "General And Administrative Expense": 53731000.0,
        "Other Gand A": 12589000.0,
        "Salaries And Wages": 41142000.0,
        "Total Revenue": 133196000.0,
        "Operating Revenue": 133196000.0,
        "Occupancy And Equipment": 6906000.0
    },
    "2025-06-30": {
        "Tax Effect Of Unusual Items": 0.0,
        "Tax Rate For Calcs": 0.247998,
        "Net Income From Continuing Operation Net Minority Interest": 10140000.0,
        "Reconciled Depreciation": 3895000.0,
        "Net Interest Income": 120269000.0,
        "Interest Expense": 20426000.0,
        "Interest Income": 140695000.0,
        "Normalized Income": 10140000.0,
        "Net Income From Continuing And Discontinued Operation": 10140000.0,
        "Diluted Average Shares": 9843000.0,
        "Basic Average Shares": 9504000.0,
        "Diluted EPS": 1.03,
        "Basic EPS": 1.07,
        "Diluted NI Availto Com Stockholders": 10140000.0,
        "Net Income Common Stockholders": 10140000.0,
        "Net Income": 10140000.0,
        "Net Income Including Noncontrolling Interests": 10140000.0,
        "Net Income Continuous Operations": 10140000.0,
        "Tax Provision": 3344000.0,
        "Pretax Income": 13484000.0,
        "Selling General And Administration": 56034000.0,
        "Selling And Marketing Expense": 5059000.0,
        "General And Administrative Expense": 50975000.0,
        "Other Gand A": 12391000.0,
        "Salaries And Wages": 38584000.0,
        "Total Revenue": 137016000.0,
        "Operating Revenue": 137016000.0,
        "Occupancy And Equipment": 6911000.0
    }
}