{
    "2023-03-31": {
        "Tax Effect Of Unusual Items": NaN,
        "Tax Rate For Calcs": NaN,
        "Normalized EBITDA": NaN,
        "Total Unusual Items": NaN,
        "Total Unusual Items Excluding Goodwill": NaN,
        "Net Income From Continuing Operation Net Minority Interest": NaN,
        "Reconciled Depreciation": NaN,
        "Reconciled Cost Of Revenue": NaN,
        "EBITDA": NaN,
        "EBIT": NaN,
        "Net Interest Income": NaN,
        "Interest Expense": NaN,
        "Interest Income": NaN,
        "Normalized Income": NaN,
        "Net Income From Continuing And Discontinued Operation": NaN,
        "Total Expenses": NaN,
        "Rent Expense Supplemental": NaN,
        "Total Operating Income As Reported": NaN,
        "Diluted Average Shares": 17916841.0,
        "Basic Average Shares": 17916841.0,
        "Diluted EPS": -0.04,
        "Basic EPS": -0.04,
        "Diluted NI Availto Com Stockholders": NaN,
        "Net Income Common Stockholders": NaN,
        "Net Income": NaN,
        "Minority Interests": NaN,
        "Net Income Including Noncontrolling Interests": NaN,
        "Net Income Continuous Operations": NaN,
        "Tax Provision": NaN,
        "Pretax Income": NaN,
        "Other Income Expense": NaN,
        "Other Non Operating Income Expenses": NaN,
        "Special Income Charges": 0.0,
        "Restructuring And Mergern Acquisition": 0.0,
        "Gain On Sale Of Security": NaN,
        "Net Non Operating Interest Income Expense": NaN,
        "Interest Expense Non Operating": NaN,
        "Interest Income Non Operating": NaN,
        "Operating Income": NaN,
        "Operating Expense": NaN,
        "Other Operating Expenses": NaN,
        "Depreciation Amortization Depletion Income Statement": NaN,
        "Depreciation And Amortization In Income Statement": NaN,
        "Selling General And Administration": NaN,
        "General And Administrative Expense": NaN,
        "Other Gand A": NaN,
        "Rent And Landing Fees": NaN,
        "Salaries And Wages": NaN,
        "Gross Profit": NaN,
        "Cost Of Revenue": NaN,
        "Total Revenue": NaN,
        "Operating Revenue": NaN
    },
    "2022-12-31": {
        "Tax Effect Of Unusual Items": NaN,
        "Tax Rate For Calcs": NaN,
        "Normalized EBITDA": NaN,
        "Total Unusual Items": NaN,
        "Total Unusual Items Excluding Goodwill": NaN,
        "Net Income From Continuing Operation Net Minority Interest": NaN,
        "Reconciled Depreciation": NaN,
        "Reconciled Cost Of Revenue": NaN,
        "EBITDA": NaN,
        "EBIT": NaN,
        "Net Interest Income": NaN,
        "Interest Expense": NaN,
        "Interest Income": NaN,
        "Normalized Income": NaN,
        "Net Income From Continuing And Discontinued Operation": NaN,
        "Total Expenses": NaN,
        "Rent Expense Supplemental": NaN,
        "Total Operating Income As Reported": NaN,
        "Diluted Average Shares": NaN,
        "Basic Average Shares": NaN,
        "Diluted EPS": NaN,
        "Basic EPS": NaN,
        "Diluted NI Availto Com Stockholders": NaN,
        "Net Income Common Stockholders": NaN,
        "Net Income": NaN,
        "Minority Interests": NaN,
        "Net Income Including Noncontrolling Interests": NaN,
        "Net Income Continuous Operations": NaN,
        "Tax Provision": NaN,
        "Pretax Income": NaN,
        "Other Income Expense": NaN,
        "Other Non Operating Income Expenses": NaN,
        "Special Income Charges": -7100000.0,
        "Restructuring And Mergern Acquisition": 7100000.0,
        "Gain On Sale Of Security": NaN,
        "Net Non Operating Interest Income Expense": NaN,
        "Interest Expense Non Operating": NaN,
        "Interest Income Non Operating": NaN,
        "Operating Income": NaN,
        "Operating Expense": NaN,
        "Other Operating Expenses": NaN,
        "Depreciation Amortization Depletion Income Statement": NaN,
        "Depreciation And Amortization In Income Statement": NaN,
        "Selling General And Administration": NaN,
        "General And Administrative Expense": NaN,
        "Other Gand A": NaN,
        "Rent And Landing Fees": NaN,
        "Salaries And Wages": NaN,
        "Gross Profit": NaN,
        "Cost Of Revenue": NaN,
        "Total Revenue": NaN,
        "Operating Revenue": NaN
    },
    "2022-09-30": {
        "Tax Effect Of Unusual Items": -1149200.0,
        "Tax Rate For Calcs": 0.4,
        "Normalized EBITDA": 17002000.0,
        "Total Unusual Items": -2873000.0,
        "Total Unusual Items Excluding Goodwill": -2873000.0,
        "Net Income From Continuing Operation Net Minority Interest": 140000.0,
        "Reconciled Depreciation": 8757000.0,
        "Reconciled Cost Of Revenue": 22736000.0,
        "EBITDA": 14129000.0,
        "EBIT": 5372000.0,
        "Net Interest Income": -5232000.0,
        "Interest Expense": 5729000.0,
        "Interest Income": 497000.0,
        "Normalized Income": 1863800.0,
        "Net Income From Continuing And Discontinued Operation": 140000.0,
        "Total Expenses": 81195000.0,
        "Rent Expense Supplemental": 2096000.0,
        "Total Operating Income As Reported": 5235000.0,
        "Diluted Average Shares": 18876863.0,
        "Basic Average Shares": 18646306.0,
        "Diluted EPS": 0.01,
        "Basic EPS": 0.01,
        "Diluted NI Availto Com Stockholders": 140000.0,
        "Net Income Common Stockholders": 140000.0,
        "Net Income": 140000.0,
        "Minority Interests": 1050000.0,
        "Net Income Including Noncontrolling Interests": -910000.0,
        "Net Income Continuous Operations": -910000.0,
        "Tax Provision": 553000.0,
        "Pretax Income": -357000.0,
        "Other Income Expense": -2873000.0,
        "Other Non Operating Income Expenses": NaN,
        "Special Income Charges": -2513000.0,
        "Restructuring And Mergern Acquisition": 2513000.0,
        "Gain On Sale Of Security": -360000.0,
        "Net Non Operating Interest Income Expense": -5232000.0,
        "Interest Expense Non Operating": 5729000.0,
        "Interest Income Non Operating": 497000.0,
        "Operating Income": 7748000.0,
        "Operating Expense": 58459000.0,
        "Depreciation Amortization Depletion Income Statement": 8757000.0,
        "Depreciation And Amortization In Income Statement": 8757000.0,
        "Selling General And Administration": 49702000.0,
        "General And Administrative Expense": 49702000.0,
        "Other Gand A": 16270000.0,
        "Rent And Landing Fees": 2096000.0,
        "Salaries And Wages": 31336000.0,
        "Gross Profit": 66207000.0,
        "Cost Of Revenue": 22736000.0,
        "Total Revenue": 88943000.0,
        "Operating Revenue": 88943000.0
    },
    "2022-06-30": {
        "Tax Effect Of Unusual Items": -529240.0,
        "Tax Rate For Calcs": 0.202,
        "Normalized EBITDA": 28641000.0,
        "Total Unusual Items": -2620000.0,
        "Total Unusual Items Excluding Goodwill": -2620000.0,
        "Net Income From Continuing Operation Net Minority Interest": 5829000.0,
        "Reconciled Depreciation": 9113000.0,
        "Reconciled Cost Of Revenue": 22909000.0,
        "EBITDA": 26021000.0,
        "EBIT": 16908000.0,
        "Net Interest Income": -3873000.0,
        "Interest Expense": 4032000.0,
        "Interest Income": 159000.0,
        "Normalized Income": 7919760.0,
        "Net Income From Continuing And Discontinued Operation": 5829000.0,
        "Total Expenses": 72803000.0,
        "Rent Expense Supplemental": 1942000.0,
        "Total Operating Income As Reported": 16909000.0,
        "Diluted Average Shares": 19153349.0,
        "Basic Average Shares": 18997397.0,
        "Diluted EPS": 0.3,
        "Basic EPS": 0.31,
        "Diluted NI Availto Com Stockholders": 5829000.0,
        "Net Income Common Stockholders": 5829000.0,
        "Net Income": 5829000.0,
        "Minority Interests": -4446000.0,
        "Net Income Including Noncontrolling Interests": 10275000.0,
        "Net Income Continuous Operations": 10275000.0,
        "Tax Provision": 2601000.0,
        "Pretax Income": 12876000.0,
        "Other Income Expense": -2620000.0,
        "Special Income Charges": -2460000.0,
        "Restructuring And Mergern Acquisition": 2460000.0,
        "Gain On Sale Of Security": -160000.0,
        "Net Non Operating Interest Income Expense": -3873000.0,
        "Interest Expense Non Operating": 4032000.0,
        "Interest Income Non Operating": 159000.0,
        "Operating Income": 19369000.0,
        "Operating Expense": 49894000.0,
        "Depreciation Amortization Depletion Income Statement": 9113000.0,
        "Depreciation And Amortization In Income Statement": 9113000.0,
        "Selling General And Administration": 40781000.0,
        "General And Administrative Expense": 40781000.0,
        "Other Gand A": 15951000.0,
        "Rent And Landing Fees": 1942000.0,
        "Salaries And Wages": 22888000.0,
        "Gross Profit": 69263000.0,
        "Cost Of Revenue": 22909000.0,
        "Total Revenue": 92172000.0,
        "Operating Revenue": 92172000.0
    },
    "2023-06-30": {
        "Tax Effect Of Unusual Items": NaN,
        "Tax Rate For Calcs": NaN,
        "Normalized EBITDA": NaN,
        "Total Unusual Items": NaN,
        "Total Unusual Items Excluding Goodwill": NaN,
        "Net Income From Continuing Operation Net Minority Interest": NaN,
        "Reconciled Depreciation": NaN,
        "Reconciled Cost Of Revenue": NaN,
        "EBITDA": NaN,
        "EBIT": NaN,
        "Net Interest Income": NaN,
        "Interest Expense": NaN,
        "Interest Income": NaN,
        "Normalized Income": NaN,
        "Net Income From Continuing And Discontinued Operation": NaN,
        "Total Expenses": NaN,
        "Rent Expense Supplemental": NaN,
        "Total Operating Income As Reported": NaN,
        "Diluted Average Shares": NaN,
        "Basic Average Shares": NaN,
        "Diluted EPS": NaN,
        "Basic EPS": NaN,
        "Diluted NI Availto Com Stockholders": NaN,
        "Net Income Common Stockholders": NaN,
        "Net Income": NaN,
        "Minority Interests": NaN,
        "Net Income Including Noncontrolling Interests": NaN,
        "Net Income Continuous Operations": NaN,
        "Tax Provision": NaN,
        "Pretax Income": NaN,
        "Other Income Expense": NaN,
        "Other Non Operating Income Expenses": NaN,
        "Special Income Charges": 0.0,
        "Restructuring And Mergern Acquisition": 0.0,
        "Gain On Sale Of Security": NaN,
        "Net Non Operating Interest Income Expense": NaN,
        "Interest Expense Non Operating": NaN,
        "Interest Income Non Operating": NaN,
        "Operating Income": NaN,
        "Operating Expense": NaN,
        "Other Operating Expenses": NaN,
        "Depreciation Amortization Depletion Income Statement": NaN,
        "Depreciation And Amortization In Income Statement": NaN,
        "Selling General And Administration": NaN,
        "Selling And Marketing Expense": NaN,
        "General And Administrative Expense": NaN,
        "Other Gand A": NaN,
        "Rent And Landing Fees": NaN,
        "Salaries And Wages": NaN,
        "Gross Profit": NaN,
        "Cost Of Revenue": NaN,
        "Total Revenue": NaN,
        "Operating Revenue": NaN
    },
    "2022-03-31": {
        "Diluted EPS": 0.08,
        "Total Revenue": 91,
        "Gross Profit": 91,
        "Operating Income": 8,
        "EBIT": 17,
        "Net Income": 1
    },
    "2021-12-31": {
        "Diluted EPS": 0.16,
        "Total Revenue": 89,
        "Gross Profit": 89,
        "Operating Income": 10,
        "EBIT": 20,
        "Net Income": 3
    },
    "2021-09-30": {
        "Diluted EPS": -1.34,
        "Total Revenue": 91,
        "Gross Profit": 91,
        "Operating Income": -38,
        "EBIT": -24,
        "Net Income": -25
    },
    "2021-06-30": {
        "Diluted EPS": 0.28,
        "Total Revenue": 77,
        "Gross Profit": 77,
        "Operating Income": 14,
        "EBIT": 20,
        "Net Income": 5
    },
    "2021-03-31": {
        "Diluted EPS": 0.06,
        "Total Revenue": 72,
        "Gross Profit": 72,
        "Operating Income": 4,
        "EBIT": 10,
        "Net Income": 1
    },
    "2020-12-31": {
        "Diluted EPS": 0.07,
        "Total Revenue": 72,
        "Gross Profit": 72,
        "Operating Income": 7,
        "EBIT": 14,
        "Net Income": 2
    },
    "2020-09-30": {
        "Diluted EPS": 0.2,
        "Total Revenue": 71,
        "Gross Profit": 71,
        "Operating Income": 11,
        "EBIT": 17,
        "Net Income": 4
    },
    "2020-06-30": {
        "Diluted EPS": 0.19,
        "Total Revenue": 52,
        "Gross Profit": 52,
        "Operating Income": 9,
        "EBIT": 15,
        "Net Income": 3
    },
    "2020-03-31": {
        "Diluted EPS": 0.15,
        "Total Revenue": 70,
        "Gross Profit": 70,
        "Operating Income": 12,
        "EBIT": 18,
        "Net Income": 3
    },
    "2019-12-31": {
        "Diluted EPS": 0.17,
        "Total Revenue": 68,
        "Gross Profit": 68,
        "Operating Income": 11,
        "EBIT": 16,
        "Net Income": 3
    },
    "2019-09-30": {
        "Diluted EPS": 0.51,
        "Total Revenue": 72,
        "Gross Profit": 72,
        "Operating Income": 23,
        "EBIT": 29,
        "Net Income": 9
    },
    "2019-06-30": {
        "Diluted EPS": 0.48,
        "Total Revenue": 71,
        "Gross Profit": 71,
        "Operating Income": 22,
        "EBIT": 28,
        "Net Income": 9
    },
    "2019-03-31": {
        "Diluted EPS": 0.25,
        "Total Revenue": 71,
        "Gross Profit": 71,
        "Operating Income": 13,
        "EBIT": 19,
        "Net Income": 4
    },
    "2018-12-31": {
        "Diluted EPS": 0.36,
        "Total Revenue": 51,
        "Gross Profit": 51,
        "Operating Income": 10,
        "EBIT": 15,
        "Net Income": 6
    },
    "2018-09-30": {
        "Diluted EPS": 0.46,
        "Total Revenue": 55,
        "Gross Profit": 55,
        "Operating Income": 22,
        "EBIT": 27,
        "Net Income": 8
    },
    "2018-06-30": {
        "Diluted EPS": 0.43,
        "Total Revenue": 54,
        "Gross Profit": 54,
        "Operating Income": 21,
        "EBIT": 26,
        "Net Income": 8
    },
    "2018-03-31": {
        "Diluted EPS": 0.28,
        "Total Revenue": 53,
        "Gross Profit": 53,
        "Operating Income": 14,
        "EBIT": 18,
        "Net Income": 5
    },
    "2017-12-31": {
        "Diluted EPS": -0.32,
        "Total Revenue": 49,
        "Gross Profit": 49,
        "Operating Income": 48,
        "EBIT": 53,
        "Net Income": -6
    },
    "2017-09-30": {
        "Diluted EPS": 0.21,
        "Total Revenue": 49,
        "Gross Profit": 49,
        "Operating Income": 12,
        "EBIT": 17,
        "Net Income": 4
    },
    "2017-06-30": {
        "Diluted EPS": 0.42,
        "Total Revenue": 49,
        "Gross Profit": 49,
        "Operating Income": 23,
        "EBIT": 28,
        "Net Income": 7
    },
    "2017-03-31": {
        "Diluted EPS": 0.26,
        "Total Revenue": 47,
        "Gross Profit": 47,
        "Operating Income": 15,
        "EBIT": 21,
        "Net Income": 5
    },
    "2016-12-31": {
        "Diluted EPS": 0.21,
        "Total Revenue": 44,
        "Gross Profit": 44,
        "Operating Income": 14,
        "EBIT": 18,
        "Net Income": 4
    },
    "2016-09-30": {
        "Diluted EPS": 0.38,
        "Total Revenue": 46,
        "Gross Profit": 46,
        "Operating Income": 21,
        "EBIT": 25,
        "Net Income": 7
    },
    "2016-06-30": {
        "Diluted EPS": 0.39,
        "Total Revenue": 43,
        "Gross Profit": 43,
        "Operating Income": 21,
        "EBIT": 25,
        "Net Income": 7
    },
    "2016-03-31": {
        "Diluted EPS": 0.28,
        "Total Revenue": 43,
        "Gross Profit": 43,
        "Operating Income": 16,
        "EBIT": 20,
        "Net Income": 5
    },
    "2015-12-31": {
        "Diluted EPS": 0.27,
        "Total Revenue": 43,
        "Gross Profit": 43,
        "Operating Income": 16,
        "EBIT": 20,
        "Net Income": 4
    },
    "2015-09-30": {
        "Diluted EPS": 0.39,
        "Total Revenue": 45,
        "Gross Profit": 45,
        "Operating Income": 21,
        "EBIT": 24,
        "Net Income": 5
    },
    "2015-06-30": {
        "Diluted EPS": 0.4,
        "Total Revenue": 44,
        "Gross Profit": 44,
        "Operating Income": 21,
        "EBIT": 25,
        "Net Income": 5
    },
    "2015-03-31": {
        "Diluted EPS": 0.22,
        "Total Revenue": 44,
        "Gross Profit": 44,
        "Operating Income": 15,
        "EBIT": 19,
        "Net Income": 3
    },
    "2014-12-31": {
        "Diluted EPS": 0.19,
        "Total Revenue": 43,
        "Gross Profit": 43,
        "Operating Income": 12,
        "EBIT": 16,
        "Net Income": 2
    },
    "2014-09-30": {
        "Diluted EPS": 0.35,
        "Total Revenue": 44,
        "Gross Profit": 44,
        "Operating Income": 20,
        "EBIT": 24,
        "Net Income": 4
    },
    "2014-06-30": {
        "Diluted EPS": 0.36,
        "Total Revenue": 42,
        "Gross Profit": 42,
        "Operating Income": 19,
        "EBIT": 23,
        "Net Income": 4
    },
    "2014-03-31": {
        "Diluted EPS": 0.2,
        "Total Revenue": 42,
        "Gross Profit": 42,
        "Operating Income": 13,
        "EBIT": 17,
        "Net Income": 2
    },
    "2013-12-31": {
        "Diluted EPS": 0.0,
        "Total Revenue": 40,
        "Gross Profit": 40,
        "Operating Income": 10,
        "EBIT": 14,
        "Net Income": NaN
    },
    "2013-09-30": {
        "Diluted EPS": 0.0,
        "Total Revenue": 40,
        "Gross Profit": 40,
        "Operating Income": 15,
        "EBIT": 18,
        "Net Income": NaN
    },
    "2013-06-30": {
        "Diluted EPS": 0.0,
        "Total Revenue": 39,
        "Gross Profit": 39,
        "Operating Income": 13,
        "EBIT": 17,
        "Net Income": NaN
    },
    "2013-03-31": {
        "Diluted EPS": 0.0,
        "Total Revenue": 39,
        "Gross Profit": 39,
        "Operating Income": 9,
        "EBIT": 13,
        "Net Income": NaN
    },
    "2012-12-31": {
        "Diluted EPS": 0.0,
        "Total Revenue": NaN,
        "Gross Profit": NaN,
        "Operating Income": NaN,
        "EBIT": NaN,
        "Net Income": NaN
    },
    "2012-09-30": {
        "Diluted EPS": 0.0,
        "Total Revenue": 38,
        "Gross Profit": 38,
        "Operating Income": 15,
        "EBIT": 15,
        "Net Income": 7
    },
    "2011-12-31": {
        "Diluted EPS": 0.0,
        "Total Revenue": NaN,
        "Gross Profit": NaN,
        "Operating Income": NaN,
        "EBIT": NaN,
        "Net Income": NaN
    },
    "2023-09-30": {
        "Tax Effect Of Unusual Items": NaN,
        "Tax Rate For Calcs": NaN,
        "Normalized EBITDA": NaN,
        "Total Unusual Items": NaN,
        "Total Unusual Items Excluding Goodwill": NaN,
        "Net Income From Continuing Operation Net Minority Interest": NaN,
        "Reconciled Depreciation": NaN,
        "Reconciled Cost Of Revenue": NaN,
        "EBITDA": NaN,
        "EBIT": NaN,
        "Net Interest Income": NaN,
        "Interest Expense": NaN,
        "Interest Income": NaN,
        "Normalized Income": NaN,
        "Net Income From Continuing And Discontinued Operation": NaN,
        "Total Expenses": NaN,
        "Rent Expense Supplemental": NaN,
        "Total Operating Income As Reported": NaN,
        "Diluted Average Shares": NaN,
        "Basic Average Shares": NaN,
        "Diluted EPS": NaN,
        "Basic EPS": NaN,
        "Diluted NI Availto Com Stockholders": NaN,
        "Net Income Common Stockholders": NaN,
        "Net Income": NaN,
        "Minority Interests": NaN,
        "Net Income Including Noncontrolling Interests": NaN,
        "Net Income Continuous Operations": NaN,
        "Tax Provision": NaN,
        "Pretax Income": NaN,
        "Other Income Expense": NaN,
        "Other Non Operating Income Expenses": 24917000.0,
        "Special Income Charges": -55000000.0,
        "Other Special Charges": 55000000.0,
        "Restructuring And Mergern Acquisition": 55000000.0,
        "Gain On Sale Of Security": NaN,
        "Net Non Operating Interest Income Expense": NaN,
        "Interest Expense Non Operating": NaN,
        "Interest Income Non Operating": NaN,
        "Operating Income": NaN,
        "Operating Expense": NaN,
        "Other Operating Expenses": -24917000.0,
        "Depreciation Amortization Depletion Income Statement": NaN,
        "Depreciation And Amortization In Income Statement": NaN,
        "Selling General And Administration": NaN,
        "Selling And Marketing Expense": NaN,
        "General And Administrative Expense": NaN,
        "Other Gand A": NaN,
        "Rent And Landing Fees": NaN,
        "Salaries And Wages": NaN,
        "Gross Profit": NaN,
        "Cost Of Revenue": NaN,
        "Total Revenue": NaN,
        "Operating Revenue": NaN
    },
    "2023-12-31": {
        "Tax Effect Of Unusual Items": NaN,
        "Tax Rate For Calcs": NaN,
        "Normalized EBITDA": NaN,
        "Total Unusual Items": NaN,
        "Total Unusual Items Excluding Goodwill": NaN,
        "Net Income From Continuing Operation Net Minority Interest": NaN,
        "Reconciled Depreciation": NaN,
        "Reconciled Cost Of Revenue": NaN,
        "EBITDA": NaN,
        "EBIT": NaN,
        "Net Interest Income": NaN,
        "Interest Expense": NaN,
        "Interest Income": NaN,
        "Normalized Income": NaN,
        "Net Income From Continuing And Discontinued Operation": NaN,
        "Total Expenses": NaN,
        "Rent Expense Supplemental": NaN,
        "Total Operating Income As Reported": NaN,
        "Diluted Average Shares": NaN,
        "Basic Average Shares": NaN,
        "Diluted EPS": NaN,
        "Basic EPS": NaN,
        "Diluted NI Availto Com Stockholders": NaN,
        "Net Income Common Stockholders": NaN,
        "Net Income": NaN,
        "Minority Interests": NaN,
        "Net Income Including Noncontrolling Interests": NaN,
        "Net Income Continuous Operations": NaN,
        "Tax Provision": NaN,
        "Pretax Income": NaN,
        "Other Income Expense": NaN,
        "Other Non Operating Income Expenses": NaN,
        "Special Income Charges": -18783000.0,
        "Other Special Charges": 18783000.0,
        "Restructuring And Mergern Acquisition": 18783000.0,
        "Gain On Sale Of Security": NaN,
        "Net Non Operating Interest Income Expense": NaN,
        "Interest Expense Non Operating": NaN,
        "Interest Income Non Operating": NaN,
        "Operating Income": NaN,
        "Operating Expense": NaN,
        "Other Operating Expenses": -381000.0,
        "Depreciation Amortization Depletion Income Statement": NaN,
        "Depreciation And Amortization In Income Statement": NaN,
        "Selling General And Administration": NaN,
        "Selling And Marketing Expense": 11665000.0,
        "General And Administrative Expense": NaN,
        "Other Gand A": NaN,
        "Rent And Landing Fees": NaN,
        "Salaries And Wages": NaN,
        "Gross Profit": NaN,
        "Cost Of Revenue": NaN,
        "Total Revenue": NaN,
        "Operating Revenue": NaN
    },
    "2024-03-31": {
        "Tax Effect Of Unusual Items": -78120.0,
        "Tax Rate For Calcs": 0.21,
        "Normalized EBITDA": 13377000.0,
        "Total Unusual Items": -372000.0,
        "Total Unusual Items Excluding Goodwill": -372000.0,
        "Net Income From Continuing Operation Net Minority Interest": -3353000.0,
        "Reconciled Depreciation": 7852000.0,
        "Reconciled Cost Of Revenue": 20206000.0,
        "EBITDA": 13005000.0,
        "EBIT": 5153000.0,
        "Net Interest Income": -8255000.0,
        "Interest Expense": 9256000.0,
        "Interest Income": 1001000.0,
        "Normalized Income": -3059120.0,
        "Net Income From Continuing And Discontinued Operation": -3353000.0,
        "Total Expenses": 73763000.0,
        "Rent Expense Supplemental": 1898000.0,
        "Total Operating Income As Reported": 4524000.0,
        "Diluted Average Shares": 18481848.0,
        "Basic Average Shares": 18481848.0,
        "Diluted EPS": -0.18,
        "Basic EPS": -0.18,
        "Diluted NI Availto Com Stockholders": -3353000.0,
        "Net Income Common Stockholders": -3353000.0,
        "Net Income": -3353000.0,
        "Minority Interests": 2254000.0,
        "Net Income Including Noncontrolling Interests": -5607000.0,
        "Net Income Continuous Operations": -5607000.0,
        "Tax Provision": 1504000.0,
        "Pretax Income": -4103000.0,
        "Other Income Expense": -372000.0,
        "Other Non Operating Income Expenses": NaN,
        "Special Income Charges": NaN,
        "Other Special Charges": NaN,
        "Restructuring And Mergern Acquisition": NaN,
        "Gain On Sale Of Security": -372000.0,
        "Net Non Operating Interest Income Expense": -8255000.0,
        "Interest Expense Non Operating": 9256000.0,
        "Interest Income Non Operating": 1001000.0,
        "Operating Income": 4524000.0,
        "Operating Expense": 53557000.0,
        "Other Operating Expenses": NaN,
        "Depreciation Amortization Depletion Income Statement": 7852000.0,
        "Depreciation And Amortization In Income Statement": 7852000.0,
        "Selling General And Administration": 45705000.0,
        "Selling And Marketing Expense": 15048000.0,
        "General And Administrative Expense": 30657000.0,
        "Other Gand A": 2927000.0,
        "Rent And Landing Fees": 1898000.0,
        "Salaries And Wages": 25832000.0,
        "Gross Profit": 58081000.0,
        "Cost Of Revenue": 20206000.0,
        "Total Revenue": 78287000.0,
        "Operating Revenue": 78287000.0
    },
    "2024-06-30": {
        "Tax Effect Of Unusual Items": -51900.039149,
        "Tax Rate For Calcs": 0.192222,
        "Normalized EBITDA": 24524000.0,
        "Total Unusual Items": -270000.0,
        "Total Unusual Items Excluding Goodwill": -270000.0,
        "Net Income From Continuing Operation Net Minority Interest": 3705000.0,
        "Reconciled Depreciation": 7400000.0,
        "Reconciled Cost Of Revenue": 20027000.0,
        "EBITDA": 24254000.0,
        "EBIT": 16854000.0,
        "Net Interest Income": -8242000.0,
        "Interest Expense": 9191000.0,
        "Interest Income": 949000.0,
        "Normalized Income": 3923099.960851,
        "Net Income From Continuing And Discontinued Operation": 3705000.0,
        "Total Expenses": 62278000.0,
        "Rent Expense Supplemental": 1608000.0,
        "Total Operating Income As Reported": 16175000.0,
        "Diluted Average Shares": 19003962.0,
        "Basic Average Shares": 18853929.0,
        "Diluted EPS": 0.19,
        "Basic EPS": 0.2,
        "Diluted NI Availto Com Stockholders": 3705000.0,
        "Net Income Common Stockholders": 3705000.0,
        "Net Income": 3705000.0,
        "Minority Interests": -2485000.0,
        "Net Income Including Noncontrolling Interests": 6190000.0,
        "Net Income Continuous Operations": 6190000.0,
        "Tax Provision": 1473000.0,
        "Pretax Income": 7663000.0,
        "Other Income Expense": -270000.0,
        "Other Non Operating Income Expenses": NaN,
        "Special Income Charges": NaN,
        "Other Special Charges": NaN,
        "Restructuring And Mergern Acquisition": NaN,
        "Gain On Sale Of Security": -270000.0,
        "Net Non Operating Interest Income Expense": -8242000.0,
        "Interest Expense Non Operating": 9191000.0,
        "Interest Income Non Operating": 949000.0,
        "Operating Income": 16175000.0,
        "Operating Expense": 42251000.0,
        "Other Operating Expenses": NaN,
        "Depreciation Amortization Depletion Income Statement": 7400000.0,
        "Depreciation And Amortization In Income Statement": 7400000.0,
        "Selling General And Administration": 34851000.0,
        "Selling And Marketing Expense": 8283000.0,
        "General And Administrative Expense": 26568000.0,
        "Other Gand A": 2763000.0,
        "Rent And Landing Fees": 1608000.0,
        "Salaries And Wages": 22197000.0,
        "Gross Profit": 58426000.0,
        "Cost Of Revenue": 20027000.0,
        "Total Revenue": 78453000.0,
        "Operating Revenue": 78453000.0
    },
    "2024-09-30": {
        "Tax Effect Of Unusual Items": 15540.0,
        "Tax Rate For Calcs": 0.21,
        "Normalized EBITDA": 23333000.0,
        "Total Unusual Items": 74000.0,
        "Total Unusual Items Excluding Goodwill": 74000.0,
        "Net Income From Continuing Operation Net Minority Interest": 966000.0,
        "Reconciled Depreciation": 7237000.0,
        "Reconciled Cost Of Revenue": 20098000.0,
        "EBITDA": 23407000.0,
        "EBIT": 16170000.0,
        "Net Interest Income": -8364000.0,
        "Interest Expense": 9249000.0,
        "Interest Income": 885000.0,
        "Normalized Income": 907540.0,
        "Net Income From Continuing And Discontinued Operation": 966000.0,
        "Total Expenses": 63267000.0,
        "Rent Expense Supplemental": 1611000.0,
        "Total Operating Income As Reported": 15211000.0,
        "Diluted Average Shares": 19483798.0,
        "Basic Average Shares": 18863793.0,
        "Diluted EPS": 0.05,
        "Basic EPS": 0.05,
        "Diluted NI Availto Com Stockholders": 966000.0,
        "Net Income Common Stockholders": 966000.0,
        "Net Income": 966000.0,
        "Minority Interests": -2448000.0,
        "Net Income Including Noncontrolling Interests": 3414000.0,
        "Net Income Continuous Operations": 3414000.0,
        "Tax Provision": 3507000.0,
        "Pretax Income": 6921000.0,
        "Other Income Expense": 74000.0,
        "Other Non Operating Income Expenses": NaN,
        "Special Income Charges": 0.0,
        "Other Special Charges": NaN,
        "Restructuring And Mergern Acquisition": 0.0,
        "Gain On Sale Of Security": 74000.0,
        "Net Non Operating Interest Income Expense": -8364000.0,
        "Interest Expense Non Operating": 9249000.0,
        "Interest Income Non Operating": 885000.0,
        "Operating Income": 15211000.0,
        "Operating Expense": 43169000.0,
        "Other Operating Expenses": NaN,
        "Depreciation Amortization Depletion Income Statement": 7237000.0,
        "Depreciation And Amortization In Income Statement": 7237000.0,
        "Selling General And Administration": 35932000.0,
        "Selling And Marketing Expense": 8577000.0,
        "General And Administrative Expense": 27355000.0,
        "Other Gand A": 2348000.0,
        "Rent And Landing Fees": 1611000.0,
        "Salaries And Wages": 23396000.0,
        "Gross Profit": 58380000.0,
        "Cost Of Revenue": 20098000.0,
        "Total Revenue": 78478000.0,
        "Operating Revenue": 78478000.0
    },
    "2024-12-31": {
        "Tax Effect Of Unusual Items": -1338960.0,
        "Tax Rate For Calcs": 0.21,
        "Normalized EBITDA": 17729000.0,
        "Total Unusual Items": -6376000.0,
        "Total Unusual Items Excluding Goodwill": -6376000.0,
        "Net Income From Continuing Operation Net Minority Interest": 5805000.0,
        "Reconciled Depreciation": 7072000.0,
        "Reconciled Cost Of Revenue": 18652000.0,
        "EBITDA": 11353000.0,
        "EBIT": 4281000.0,
        "Net Interest Income": -7659000.0,
        "Interest Expense": 8562000.0,
        "Interest Income": 903000.0,
        "Normalized Income": 10842040.0,
        "Net Income From Continuing And Discontinued Operation": 5805000.0,
        "Total Expenses": 62713000.0,
        "Rent Expense Supplemental": 1639000.0,
        "Total Operating Income As Reported": 4271000.0,
        "Diluted Average Shares": 19985471.0,
        "Basic Average Shares": 18921229.0,
        "Diluted EPS": 0.29,
        "Basic EPS": 0.31,
        "Diluted NI Availto Com Stockholders": 5805000.0,
        "Net Income Common Stockholders": 5805000.0,
        "Net Income": 5805000.0,
        "Minority Interests": 1725000.0,
        "Net Income Including Noncontrolling Interests": 4080000.0,
        "Net Income Continuous Operations": 4080000.0,
        "Tax Provision": -8361000.0,
        "Pretax Income": -4281000.0,
        "Other Income Expense": -6376000.0,
        "Other Non Operating Income Expenses": NaN,
        "Special Income Charges": -5483000.0,
        "Other Special Charges": NaN,
        "Restructuring And Mergern Acquisition": 5483000.0,
        "Gain On Sale Of Security": -893000.0,
        "Net Non Operating Interest Income Expense": -7659000.0,
        "Interest Expense Non Operating": 8562000.0,
        "Interest Income Non Operating": 903000.0,
        "Operating Income": 9754000.0,
        "Operating Expense": 44061000.0,
        "Other Operating Expenses": NaN,
        "Depreciation Amortization Depletion Income Statement": 7072000.0,
        "Depreciation And Amortization In Income Statement": 7072000.0,
        "Selling General And Administration": 35770000.0,
        "Selling And Marketing Expense": 7160000.0,
        "General And Administrative Expense": 35770000.0,
        "Other Gand A": 11382000.0,
        "Rent And Landing Fees": 1639000.0,
        "Salaries And Wages": 22749000.0,
        "Gross Profit": 53815000.0,
        "Cost Of Revenue": 18652000.0,
        "Total Revenue": 72467000.0,
        "Operating Revenue": 72467000.0
    },
    "2025-03-31": {
        "Tax Effect Of Unusual Items": -134400.0,
        "Tax Rate For Calcs": 0.4,
        "Normalized EBITDA": 13483000.0,
        "Total Unusual Items": -336000.0,
        "Total Unusual Items Excluding Goodwill": -336000.0,
        "Net Income From Continuing Operation Net Minority Interest": -1958000.0,
        "Reconciled Depreciation": 6589000.0,
        "Reconciled Cost Of Revenue": 18864000.0,
        "EBITDA": 13147000.0,
        "EBIT": 6558000.0,
        "Net Interest Income": -7016000.0,
        "Interest Expense": 7924000.0,
        "Interest Income": 908000.0,
        "Normalized Income": -1756400.0,
        "Net Income From Continuing And Discontinued Operation": -1958000.0,
        "Total Expenses": 68481000.0,
        "Rent Expense Supplemental": 1640000.0,
        "Total Operating Income As Reported": 5367000.0,
        "Diluted Average Shares": 19292210.0,
        "Basic Average Shares": 19292210.0,
        "Diluted EPS": -0.1,
        "Basic EPS": -0.1,
        "Diluted NI Availto Com Stockholders": -1958000.0,
        "Net Income Common Stockholders": -1958000.0,
        "Net Income": -1958000.0,
        "Minority Interests": 1278000.0,
        "Net Income Including Noncontrolling Interests": -3236000.0,
        "Net Income Continuous Operations": -3236000.0,
        "Tax Provision": 1870000.0,
        "Pretax Income": -1366000.0,
        "Other Income Expense": -336000.0,
        "Other Non Operating Income Expenses": NaN,
        "Special Income Charges": -619000.0,
        "Other Special Charges": 619000.0,
        "Restructuring And Mergern Acquisition": NaN,
        "Gain On Sale Of Security": 283000.0,
        "Net Non Operating Interest Income Expense": -7016000.0,
        "Interest Expense Non Operating": 7924000.0,
        "Interest Income Non Operating": 908000.0,
        "Operating Income": 5986000.0,
        "Operating Expense": 49617000.0,
        "Other Operating Expenses": NaN,
        "Depreciation Amortization Depletion Income Statement": 6589000.0,
        "Depreciation And Amortization In Income Statement": 6589000.0,
        "Selling General And Administration": 43028000.0,
        "Selling And Marketing Expense": NaN,
        "General And Administrative Expense": 43028000.0,
        "Other Gand A": 16310000.0,
        "Rent And Landing Fees": 1640000.0,
        "Salaries And Wages": 25078000.0,
        "Gross Profit": 55603000.0,
        "Cost Of Revenue": 18864000.0,
        "Total Revenue": 74467000.0,
        "Operating Revenue": 74467000.0
    }
}