{
    "2023-03-31": {
        "Tax Effect Of Unusual Items": NaN,
        "Tax Rate For Calcs": NaN,
        "Total Unusual Items": 1921.0,
        "Total Unusual Items Excluding Goodwill": 1921.0,
        "Net Income From Continuing Operation Net Minority Interest": NaN,
        "Reconciled Depreciation": NaN,
        "Net Interest Income": NaN,
        "Interest Expense": NaN,
        "Interest Income": NaN,
        "Normalized Income": NaN,
        "Net Income From Continuing And Discontinued Operation": NaN,
        "Diluted Average Shares": NaN,
        "Basic Average Shares": NaN,
        "Diluted EPS": NaN,
        "Basic EPS": NaN,
        "Diluted NI Availto Com Stockholders": NaN,
        "Net Income Common Stockholders": NaN,
        "Net Income": NaN,
        "Net Income Including Noncontrolling Interests": NaN,
        "Net Income Continuous Operations": NaN,
        "Tax Provision": NaN,
        "Pretax Income": NaN,
        "Gain On Sale Of Security": NaN,
        "Selling General And Administration": NaN,
        "Selling And Marketing Expense": NaN,
        "General And Administrative Expense": NaN,
        "Other Gand A": NaN,
        "Insurance And Claims": NaN,
        "Salaries And Wages": NaN,
        "Total Revenue": NaN,
        "Operating Revenue": NaN,
        "Occupancy And Equipment": NaN,
        "Professional Expense And Contract Services Expense": NaN,
        "Other Non Interest Expense": NaN
    },
    "2022-12-31": {
        "Tax Effect Of Unusual Items": NaN,
        "Tax Rate For Calcs": NaN,
        "Total Unusual Items": NaN,
        "Total Unusual Items Excluding Goodwill": NaN,
        "Net Income From Continuing Operation Net Minority Interest": NaN,
        "Reconciled Depreciation": NaN,
        "Net Interest Income": NaN,
        "Interest Expense": NaN,
        "Interest Income": NaN,
        "Normalized Income": NaN,
        "Net Income From Continuing And Discontinued Operation": NaN,
        "Diluted Average Shares": NaN,
        "Basic Average Shares": NaN,
        "Diluted EPS": NaN,
        "Basic EPS": NaN,
        "Diluted NI Availto Com Stockholders": NaN,
        "Net Income Common Stockholders": NaN,
        "Net Income": NaN,
        "Net Income Including Noncontrolling Interests": NaN,
        "Net Income Continuous Operations": NaN,
        "Tax Provision": NaN,
        "Pretax Income": NaN,
        "Gain On Sale Of Security": 0.0,
        "Selling General And Administration": NaN,
        "Selling And Marketing Expense": NaN,
        "General And Administrative Expense": NaN,
        "Other Gand A": -1916110.0,
        "Insurance And Claims": NaN,
        "Salaries And Wages": NaN,
        "Total Revenue": NaN,
        "Operating Revenue": NaN,
        "Occupancy And Equipment": NaN,
        "Professional Expense And Contract Services Expense": NaN,
        "Other Non Interest Expense": NaN
    },
    "2022-09-30": {
        "Tax Effect Of Unusual Items": NaN,
        "Tax Rate For Calcs": NaN,
        "Total Unusual Items": 0.0,
        "Total Unusual Items Excluding Goodwill": 0.0,
        "Net Income From Continuing Operation Net Minority Interest": NaN,
        "Reconciled Depreciation": NaN,
        "Net Interest Income": NaN,
        "Interest Expense": NaN,
        "Interest Income": NaN,
        "Normalized Income": NaN,
        "Net Income From Continuing And Discontinued Operation": NaN,
        "Diluted Average Shares": 10835617.0,
        "Basic Average Shares": 10638444.0,
        "Diluted EPS": 0.29,
        "Basic EPS": 0.3,
        "Diluted NI Availto Com Stockholders": NaN,
        "Net Income Common Stockholders": NaN,
        "Net Income": NaN,
        "Net Income Including Noncontrolling Interests": NaN,
        "Net Income Continuous Operations": NaN,
        "Tax Provision": NaN,
        "Pretax Income": NaN,
        "Gain On Sale Of Security": 0.0,
        "Selling General And Administration": NaN,
        "Selling And Marketing Expense": NaN,
        "General And Administrative Expense": NaN,
        "Other Gand A": 788681.0,
        "Insurance And Claims": NaN,
        "Salaries And Wages": NaN,
        "Total Revenue": NaN,
        "Operating Revenue": NaN
    },
    "2022-06-30": {
        "Tax Effect Of Unusual Items": -171.094,
        "Tax Rate For Calcs": 0.202,
        "Total Unusual Items": -847.0,
        "Total Unusual Items Excluding Goodwill": -847.0,
        "Net Income From Continuing Operation Net Minority Interest": 3485342.0,
        "Reconciled Depreciation": 347607.0,
        "Net Interest Income": 10548652.0,
        "Interest Expense": 1899193.0,
        "Interest Income": 12447845.0,
        "Normalized Income": 3486017.906,
        "Net Income From Continuing And Discontinued Operation": 3485342.0,
        "Diluted Average Shares": 11124972.0,
        "Basic Average Shares": 10763360.0,
        "Diluted EPS": 0.31,
        "Basic EPS": 0.32,
        "Diluted NI Availto Com Stockholders": 3485342.0,
        "Net Income Common Stockholders": 3485342.0,
        "Net Income": 3485342.0,
        "Net Income Including Noncontrolling Interests": 3485342.0,
        "Net Income Continuous Operations": 3485342.0,
        "Tax Provision": 882118.0,
        "Pretax Income": 4367460.0,
        "Gain On Sale Of Security": 0.0,
        "Selling General And Administration": 5322357.0,
        "Selling And Marketing Expense": 103803.0,
        "General And Administrative Expense": 5218554.0,
        "Other Gand A": 622692.0,
        "Insurance And Claims": 81000.0,
        "Salaries And Wages": 4514862.0,
        "Total Revenue": 11693324.0,
        "Operating Revenue": 11693324.0
    },
    "2022-03-31": {
        "Diluted EPS": 0.26,
        "Total Revenue": 13,
        "Gross Profit": 11,
        "Operating Income": 4,
        "EBIT": NaN,
        "Net Income": 3
    },
    "2021-12-31": {
        "Diluted EPS": 0.23,
        "Total Revenue": 13,
        "Gross Profit": 11,
        "Operating Income": 3,
        "EBIT": NaN,
        "Net Income": 3
    },
    "2021-09-30": {
        "Diluted EPS": 0.27,
        "Total Revenue": 13,
        "Gross Profit": 11,
        "Operating Income": 4,
        "EBIT": NaN,
        "Net Income": 3
    },
    "2021-06-30": {
        "Diluted EPS": 0.24,
        "Total Revenue": 13,
        "Gross Profit": 11,
        "Operating Income": 3,
        "EBIT": NaN,
        "Net Income": 3
    },
    "2021-03-31": {
        "Diluted EPS": 0.22,
        "Total Revenue": 12,
        "Gross Profit": 11,
        "Operating Income": 3,
        "EBIT": NaN,
        "Net Income": 3
    },
    "2020-12-31": {
        "Diluted EPS": 0.21,
        "Total Revenue": 13,
        "Gross Profit": 11,
        "Operating Income": 3,
        "EBIT": NaN,
        "Net Income": 3
    },
    "2020-09-30": {
        "Diluted EPS": 0.21,
        "Total Revenue": 13,
        "Gross Profit": 10,
        "Operating Income": 3,
        "EBIT": NaN,
        "Net Income": 3
    },
    "2020-06-30": {
        "Diluted EPS": 0.2,
        "Total Revenue": 13,
        "Gross Profit": 10,
        "Operating Income": 3,
        "EBIT": NaN,
        "Net Income": 3
    },
    "2020-03-31": {
        "Diluted EPS": 0.2,
        "Total Revenue": 11,
        "Gross Profit": 9,
        "Operating Income": 3,
        "EBIT": NaN,
        "Net Income": 2
    },
    "2019-12-31": {
        "Diluted EPS": -1.01,
        "Total Revenue": 12,
        "Gross Profit": 9,
        "Operating Income": -17,
        "EBIT": NaN,
        "Net Income": -13
    },
    "2019-09-30": {
        "Diluted EPS": -0.26,
        "Total Revenue": 12,
        "Gross Profit": 9,
        "Operating Income": -4,
        "EBIT": NaN,
        "Net Income": -3
    },
    "2019-06-30": {
        "Diluted EPS": 0.0,
        "Total Revenue": 11,
        "Gross Profit": 8,
        "Operating Income": 0,
        "EBIT": NaN,
        "Net Income": 0
    },
    "2019-03-31": {
        "Diluted EPS": 0.0,
        "Total Revenue": 11,
        "Gross Profit": 8,
        "Operating Income": 2,
        "EBIT": NaN,
        "Net Income": 1
    },
    "2018-12-31": {
        "Diluted EPS": 0.0,
        "Total Revenue": 11,
        "Gross Profit": 9,
        "Operating Income": 1,
        "EBIT": NaN,
        "Net Income": 1
    },
    "2018-09-30": {
        "Diluted EPS": 0.0,
        "Total Revenue": 10,
        "Gross Profit": 8,
        "Operating Income": 2,
        "EBIT": NaN,
        "Net Income": 2
    },
    "2018-06-30": {
        "Diluted EPS": 0.0,
        "Total Revenue": 9,
        "Gross Profit": 8,
        "Operating Income": 2,
        "EBIT": NaN,
        "Net Income": 1
    },
    "2018-03-31": {
        "Diluted EPS": 0.0,
        "Total Revenue": 9,
        "Gross Profit": 7,
        "Operating Income": 2,
        "EBIT": NaN,
        "Net Income": 1
    },
    "2017-12-31": {
        "Diluted EPS": 0.0,
        "Total Revenue": NaN,
        "Gross Profit": NaN,
        "Operating Income": NaN,
        "EBIT": NaN,
        "Net Income": NaN
    },
    "2023-06-30": {
        "Tax Effect Of Unusual Items": NaN,
        "Tax Rate For Calcs": NaN,
        "Total Unusual Items": 0.0,
        "Total Unusual Items Excluding Goodwill": 0.0,
        "Net Income From Continuing Operation Net Minority Interest": NaN,
        "Reconciled Depreciation": NaN,
        "Net Interest Income": NaN,
        "Interest Expense": NaN,
        "Interest Income": NaN,
        "Normalized Income": NaN,
        "Net Income From Continuing And Discontinued Operation": NaN,
        "Diluted Average Shares": 10475544.0,
        "Basic Average Shares": 10403092.0,
        "Diluted EPS": 0.26,
        "Basic EPS": 0.26,
        "Diluted NI Availto Com Stockholders": NaN,
        "Net Income Common Stockholders": NaN,
        "Net Income": NaN,
        "Net Income Including Noncontrolling Interests": NaN,
        "Net Income Continuous Operations": NaN,
        "Tax Provision": NaN,
        "Pretax Income": NaN,
        "Gain On Sale Of Security": 0.0,
        "Selling General And Administration": NaN,
        "Selling And Marketing Expense": NaN,
        "General And Administrative Expense": NaN,
        "Other Gand A": NaN,
        "Insurance And Claims": NaN,
        "Salaries And Wages": NaN,
        "Total Revenue": NaN,
        "Operating Revenue": NaN,
        "Occupancy And Equipment": NaN,
        "Professional Expense And Contract Services Expense": NaN,
        "Other Non Interest Expense": NaN
    },
    "2023-09-30": {
        "Tax Effect Of Unusual Items": NaN,
        "Tax Rate For Calcs": NaN,
        "Net Income From Continuing Operation Net Minority Interest": NaN,
        "Reconciled Depreciation": NaN,
        "Net Interest Income": NaN,
        "Interest Expense": NaN,
        "Interest Income": NaN,
        "Normalized Income": NaN,
        "Net Income From Continuing And Discontinued Operation": NaN,
        "Diluted Average Shares": NaN,
        "Basic Average Shares": NaN,
        "Diluted EPS": NaN,
        "Basic EPS": NaN,
        "Diluted NI Availto Com Stockholders": NaN,
        "Net Income Common Stockholders": NaN,
        "Net Income": NaN,
        "Net Income Including Noncontrolling Interests": NaN,
        "Net Income Continuous Operations": NaN,
        "Tax Provision": NaN,
        "Pretax Income": NaN,
        "Gain On Sale Of Security": 0.0,
        "Selling General And Administration": NaN,
        "Selling And Marketing Expense": NaN,
        "General And Administrative Expense": NaN,
        "Other Gand A": 903616.0,
        "Insurance And Claims": NaN,
        "Salaries And Wages": NaN,
        "Total Revenue": NaN,
        "Operating Revenue": NaN,
        "Occupancy And Equipment": NaN,
        "Professional Expense And Contract Services Expense": NaN,
        "Other Non Interest Expense": NaN
    },
    "2023-12-31": {
        "Tax Effect Of Unusual Items": 0.0,
        "Tax Rate For Calcs": 0.10796,
        "Net Income From Continuing Operation Net Minority Interest": 1941906.0,
        "Reconciled Depreciation": 276624.0,
        "Net Interest Income": 9330961.0,
        "Interest Expense": 9250036.0,
        "Interest Income": 18580997.0,
        "Normalized Income": 1941906.0,
        "Net Income From Continuing And Discontinued Operation": 1941906.0,
        "Diluted Average Shares": NaN,
        "Basic Average Shares": NaN,
        "Diluted EPS": NaN,
        "Basic EPS": NaN,
        "Diluted NI Availto Com Stockholders": 1941906.0,
        "Net Income Common Stockholders": 1941906.0,
        "Net Income": 1941906.0,
        "Net Income Including Noncontrolling Interests": 1941906.0,
        "Net Income Continuous Operations": 1941906.0,
        "Tax Provision": 235020.0,
        "Pretax Income": 2176926.0,
        "Gain On Sale Of Security": NaN,
        "Selling General And Administration": 2559929.0,
        "Selling And Marketing Expense": 124292.0,
        "General And Administrative Expense": 2435637.0,
        "Other Gand A": NaN,
        "Insurance And Claims": 523060.0,
        "Salaries And Wages": 4547223.0,
        "Total Revenue": 10459298.0,
        "Operating Revenue": 10459298.0,
        "Occupancy And Equipment": 583401.0,
        "Professional Expense And Contract Services Expense": 402933.0,
        "Other Non Interest Expense": 4432151.0
    },
    "2024-03-31": {
        "Tax Effect Of Unusual Items": 0.0,
        "Tax Rate For Calcs": 0.129419,
        "Net Income From Continuing Operation Net Minority Interest": 2368916.0,
        "Reconciled Depreciation": 257981.0,
        "Net Interest Income": 9832781.0,
        "Interest Expense": 9677412.0,
        "Interest Income": 19510193.0,
        "Normalized Income": 2368916.0,
        "Net Income From Continuing And Discontinued Operation": 2368916.0,
        "Diluted Average Shares": 10229680.0,
        "Basic Average Shares": 10160203.0,
        "Diluted EPS": 0.23,
        "Basic EPS": 0.23,
        "Diluted NI Availto Com Stockholders": 2368916.0,
        "Net Income Common Stockholders": 2368916.0,
        "Net Income": 2368916.0,
        "Net Income Including Noncontrolling Interests": 2368916.0,
        "Net Income Continuous Operations": 2368916.0,
        "Tax Provision": 352160.0,
        "Pretax Income": 2721076.0,
        "Gain On Sale Of Security": NaN,
        "Selling General And Administration": 5065430.0,
        "Selling And Marketing Expense": 88723.0,
        "General And Administrative Expense": 4976707.0,
        "Insurance And Claims": 403000.0,
        "Salaries And Wages": 4573707.0,
        "Total Revenue": 10901010.0,
        "Operating Revenue": 10901010.0,
        "Occupancy And Equipment": 580570.0,
        "Professional Expense And Contract Services Expense": 432553.0,
        "Other Non Interest Expense": 1918247.0
    },
    "2024-06-30": {
        "Tax Effect Of Unusual Items": 0.0,
        "Tax Rate For Calcs": 0.129,
        "Net Income From Continuing Operation Net Minority Interest": 2060579.0,
        "Reconciled Depreciation": 258195.0,
        "Net Interest Income": 9575893.0,
        "Interest Expense": 10509416.0,
        "Interest Income": 20085309.0,
        "Normalized Income": 2060579.0,
        "Net Income From Continuing And Discontinued Operation": 2060579.0,
        "Diluted Average Shares": 10178000.0,
        "Basic Average Shares": 10067000.0,
        "Diluted EPS": 0.2,
        "Basic EPS": 0.2,
        "Diluted NI Availto Com Stockholders": 2060579.0,
        "Net Income Common Stockholders": 2060579.0,
        "Net Income": 2060579.0,
        "Net Income Including Noncontrolling Interests": 2060579.0,
        "Net Income Continuous Operations": 2060579.0,
        "Tax Provision": 305061.0,
        "Pretax Income": 2365640.0,
        "Gain On Sale Of Security": -62029.0,
        "Selling General And Administration": 5134313.0,
        "Selling And Marketing Expense": 82093.0,
        "General And Administrative Expense": 5052220.0,
        "Insurance And Claims": 380000.0,
        "Salaries And Wages": 4672220.0,
        "Total Revenue": 10631455.0,
        "Operating Revenue": 10631455.0,
        "Occupancy And Equipment": 558209.0,
        "Professional Expense And Contract Services Expense": 480924.0,
        "Other Non Interest Expense": 1821897.0
    },
    "2024-09-30": {
        "Tax Effect Of Unusual Items": 0.0,
        "Tax Rate For Calcs": 0.13,
        "Net Income From Continuing Operation Net Minority Interest": 2471878.0,
        "Reconciled Depreciation": 263249.0,
        "Net Interest Income": 9432799.0,
        "Interest Expense": 10828233.0,
        "Interest Income": 20261032.0,
        "Normalized Income": 2471878.0,
        "Net Income From Continuing And Discontinued Operation": 2471878.0,
        "Diluted Average Shares": 10216000.0,
        "Basic Average Shares": 10087000.0,
        "Diluted EPS": 0.24,
        "Basic EPS": 0.25,
        "Diluted NI Availto Com Stockholders": 2471878.0,
        "Net Income Common Stockholders": 2471878.0,
        "Net Income": 2471878.0,
        "Net Income Including Noncontrolling Interests": 2471878.0,
        "Net Income Continuous Operations": 2471878.0,
        "Tax Provision": 369415.0,
        "Pretax Income": 2841293.0,
        "Gain On Sale Of Security": 11331.0,
        "Selling General And Administration": 5072112.0,
        "Selling And Marketing Expense": 111183.0,
        "General And Administrative Expense": 4960929.0,
        "Insurance And Claims": 380000.0,
        "Salaries And Wages": 4580929.0,
        "Total Revenue": 10691788.0,
        "Operating Revenue": 10691788.0,
        "Occupancy And Equipment": 566098.0,
        "Professional Expense And Contract Services Expense": 463108.0,
        "Other Non Interest Expense": 1848025.0
    },
    "2024-12-31": {
        "Tax Effect Of Unusual Items": 0.0,
        "Tax Rate For Calcs": 0.156594,
        "Net Income From Continuing Operation Net Minority Interest": 2475975.0,
        "Reconciled Depreciation": 263626.0,
        "Net Interest Income": 9865688.0,
        "Interest Expense": 10803972.0,
        "Interest Income": 20669660.0,
        "Normalized Income": 2475975.0,
        "Net Income From Continuing And Discontinued Operation": 2475975.0,
        "Diluted Average Shares": 10255000.0,
        "Basic Average Shares": 10009000.0,
        "Diluted EPS": 0.24,
        "Basic EPS": 0.25,
        "Diluted NI Availto Com Stockholders": 2475975.0,
        "Net Income Common Stockholders": 2475975.0,
        "Net Income": 2475975.0,
        "Net Income Including Noncontrolling Interests": 2475975.0,
        "Net Income Continuous Operations": 2475975.0,
        "Tax Provision": 459712.0,
        "Pretax Income": 2935687.0,
        "Gain On Sale Of Security": 0.0,
        "Selling General And Administration": 4984481.0,
        "Selling And Marketing Expense": 95788.0,
        "General And Administrative Expense": 4888693.0,
        "Insurance And Claims": 367500.0,
        "Salaries And Wages": 4521193.0,
        "Total Revenue": 11010650.0,
        "Operating Revenue": 11010650.0,
        "Occupancy And Equipment": 576653.0,
        "Professional Expense And Contract Services Expense": 445507.0,
        "Other Non Interest Expense": 1872815.0
    },
    "2025-03-31": {
        "Tax Effect Of Unusual Items": 0.0,
        "Tax Rate For Calcs": 0.150348,
        "Net Income From Continuing Operation Net Minority Interest": 1968310.0,
        "Reconciled Depreciation": 269442.0,
        "Net Interest Income": 10258072.0,
        "Interest Expense": 10609955.0,
        "Interest Income": 20868027.0,
        "Normalized Income": 1968310.0,
        "Net Income From Continuing And Discontinued Operation": 1968310.0,
        "Diluted Average Shares": 10084297.0,
        "Basic Average Shares": 9840648.0,
        "Diluted EPS": 0.2,
        "Basic EPS": 0.2,
        "Diluted NI Availto Com Stockholders": 1968310.0,
        "Net Income Common Stockholders": 1968310.0,
        "Net Income": 1968310.0,
        "Net Income Including Noncontrolling Interests": 1968310.0,
        "Net Income Continuous Operations": 1968310.0,
        "Tax Provision": 348298.0,
        "Pretax Income": 2316608.0,
        "Gain On Sale Of Security": NaN,
        "Selling General And Administration": 5116567.0,
        "Selling And Marketing Expense": 65612.0,
        "General And Administrative Expense": 5050955.0,
        "Insurance And Claims": 339000.0,
        "Salaries And Wages": 4711955.0,
        "Total Revenue": 11373698.0,
        "Operating Revenue": 11373698.0,
        "Occupancy And Equipment": 632790.0,
        "Professional Expense And Contract Services Expense": 530917.0,
        "Other Non Interest Expense": 2045721.0
    }
}