{
    "2023-06-30": {
        "Tax Effect Of Unusual Items": NaN,
        "Tax Rate For Calcs": NaN,
        "Normalized EBITDA": NaN,
        "Total Unusual Items": NaN,
        "Total Unusual Items Excluding Goodwill": NaN,
        "Net Income From Continuing Operation Net Minority Interest": NaN,
        "Reconciled Depreciation": NaN,
        "Reconciled Cost Of Revenue": NaN,
        "EBITDA": NaN,
        "EBIT": NaN,
        "Net Interest Income": NaN,
        "Interest Expense": NaN,
        "Interest Income": NaN,
        "Normalized Income": NaN,
        "Net Income From Continuing And Discontinued Operation": NaN,
        "Total Expenses": NaN,
        "Total Operating Income As Reported": NaN,
        "Diluted Average Shares": NaN,
        "Basic Average Shares": NaN,
        "Diluted EPS": NaN,
        "Basic EPS": NaN,
        "Diluted NI Availto Com Stockholders": NaN,
        "Net Income Common Stockholders": NaN,
        "Net Income": NaN,
        "Net Income Including Noncontrolling Interests": NaN,
        "Net Income Continuous Operations": NaN,
        "Tax Provision": NaN,
        "Pretax Income": NaN,
        "Other Income Expense": NaN,
        "Special Income Charges": NaN,
        "Gain On Sale Of Business": NaN,
        "Write Off": NaN,
        "Restructuring And Mergern Acquisition": NaN,
        "Gain On Sale Of Security": NaN,
        "Net Non Operating Interest Income Expense": NaN,
        "Interest Expense Non Operating": NaN,
        "Interest Income Non Operating": NaN,
        "Operating Income": NaN,
        "Operating Expense": NaN,
        "Depreciation Amortization Depletion Income Statement": NaN,
        "Depreciation And Amortization In Income Statement": NaN,
        "Amortization": NaN,
        "Amortization Of Intangibles Income Statement": NaN,
        "Research And Development": NaN,
        "Selling General And Administration": NaN,
        "General And Administrative Expense": 26200000.0,
        "Other Gand A": 19100000.0,
        "Salaries And Wages": 7100000.0,
        "Gross Profit": NaN,
        "Cost Of Revenue": NaN,
        "Total Revenue": NaN,
        "Operating Revenue": NaN
    },
    "2023-03-31": {
        "Tax Effect Of Unusual Items": NaN,
        "Tax Rate For Calcs": NaN,
        "Normalized EBITDA": NaN,
        "Total Unusual Items": NaN,
        "Total Unusual Items Excluding Goodwill": NaN,
        "Net Income From Continuing Operation Net Minority Interest": NaN,
        "Reconciled Depreciation": NaN,
        "Reconciled Cost Of Revenue": NaN,
        "EBITDA": NaN,
        "EBIT": NaN,
        "Net Interest Income": NaN,
        "Interest Expense": NaN,
        "Interest Income": NaN,
        "Normalized Income": NaN,
        "Net Income From Continuing And Discontinued Operation": NaN,
        "Total Expenses": NaN,
        "Total Operating Income As Reported": NaN,
        "Diluted Average Shares": NaN,
        "Basic Average Shares": NaN,
        "Diluted EPS": NaN,
        "Basic EPS": NaN,
        "Diluted NI Availto Com Stockholders": NaN,
        "Net Income Common Stockholders": NaN,
        "Net Income": NaN,
        "Net Income Including Noncontrolling Interests": NaN,
        "Net Income Continuous Operations": NaN,
        "Tax Provision": NaN,
        "Pretax Income": NaN,
        "Other Income Expense": NaN,
        "Special Income Charges": NaN,
        "Gain On Sale Of Business": NaN,
        "Write Off": NaN,
        "Restructuring And Mergern Acquisition": NaN,
        "Gain On Sale Of Security": -240000.0,
        "Net Non Operating Interest Income Expense": NaN,
        "Interest Expense Non Operating": NaN,
        "Interest Income Non Operating": NaN,
        "Operating Income": NaN,
        "Operating Expense": NaN,
        "Depreciation Amortization Depletion Income Statement": NaN,
        "Depreciation And Amortization In Income Statement": NaN,
        "Amortization": NaN,
        "Amortization Of Intangibles Income Statement": NaN,
        "Research And Development": NaN,
        "Selling General And Administration": NaN,
        "General And Administrative Expense": NaN,
        "Other Gand A": NaN,
        "Salaries And Wages": NaN,
        "Gross Profit": NaN,
        "Cost Of Revenue": NaN,
        "Total Revenue": NaN,
        "Operating Revenue": NaN
    },
    "2022-12-31": {
        "Tax Effect Of Unusual Items": NaN,
        "Tax Rate For Calcs": NaN,
        "Normalized EBITDA": NaN,
        "Total Unusual Items": NaN,
        "Total Unusual Items Excluding Goodwill": NaN,
        "Net Income From Continuing Operation Net Minority Interest": NaN,
        "Reconciled Depreciation": NaN,
        "Reconciled Cost Of Revenue": NaN,
        "EBITDA": NaN,
        "EBIT": NaN,
        "Net Interest Income": NaN,
        "Interest Expense": NaN,
        "Interest Income": NaN,
        "Normalized Income": NaN,
        "Net Income From Continuing And Discontinued Operation": NaN,
        "Total Expenses": NaN,
        "Total Operating Income As Reported": NaN,
        "Diluted Average Shares": NaN,
        "Basic Average Shares": NaN,
        "Diluted EPS": NaN,
        "Basic EPS": NaN,
        "Diluted NI Availto Com Stockholders": NaN,
        "Net Income Common Stockholders": NaN,
        "Net Income": NaN,
        "Net Income Including Noncontrolling Interests": NaN,
        "Net Income Continuous Operations": NaN,
        "Tax Provision": NaN,
        "Pretax Income": NaN,
        "Other Income Expense": NaN,
        "Special Income Charges": NaN,
        "Gain On Sale Of Business": NaN,
        "Other Special Charges": 0.0,
        "Write Off": NaN,
        "Restructuring And Mergern Acquisition": NaN,
        "Gain On Sale Of Security": 0.0,
        "Net Non Operating Interest Income Expense": NaN,
        "Interest Expense Non Operating": NaN,
        "Interest Income Non Operating": NaN,
        "Operating Income": NaN,
        "Operating Expense": NaN,
        "Depreciation Amortization Depletion Income Statement": NaN,
        "Depreciation And Amortization In Income Statement": NaN,
        "Amortization": NaN,
        "Amortization Of Intangibles Income Statement": NaN,
        "Research And Development": NaN,
        "Selling General And Administration": NaN,
        "General And Administrative Expense": NaN,
        "Other Gand A": NaN,
        "Salaries And Wages": NaN,
        "Gross Profit": NaN,
        "Cost Of Revenue": NaN,
        "Total Revenue": NaN,
        "Operating Revenue": NaN
    },
    "2022-09-30": {
        "Tax Effect Of Unusual Items": NaN,
        "Tax Rate For Calcs": NaN,
        "Normalized EBITDA": NaN,
        "Total Unusual Items": NaN,
        "Total Unusual Items Excluding Goodwill": NaN,
        "Net Income From Continuing Operation Net Minority Interest": NaN,
        "Reconciled Depreciation": NaN,
        "Reconciled Cost Of Revenue": NaN,
        "EBITDA": NaN,
        "EBIT": NaN,
        "Net Interest Income": NaN,
        "Interest Expense": NaN,
        "Interest Income": NaN,
        "Normalized Income": NaN,
        "Net Income From Continuing And Discontinued Operation": NaN,
        "Total Expenses": NaN,
        "Total Operating Income As Reported": NaN,
        "Diluted Average Shares": NaN,
        "Basic Average Shares": NaN,
        "Diluted EPS": NaN,
        "Basic EPS": NaN,
        "Diluted NI Availto Com Stockholders": NaN,
        "Net Income Common Stockholders": NaN,
        "Net Income": NaN,
        "Net Income Including Noncontrolling Interests": NaN,
        "Net Income Continuous Operations": NaN,
        "Tax Provision": NaN,
        "Pretax Income": NaN,
        "Other Income Expense": NaN,
        "Special Income Charges": NaN,
        "Gain On Sale Of Business": 0.0,
        "Other Special Charges": 17129000.0,
        "Write Off": 0.0,
        "Restructuring And Mergern Acquisition": NaN,
        "Gain On Sale Of Security": 1245000.0,
        "Net Non Operating Interest Income Expense": NaN,
        "Interest Expense Non Operating": NaN,
        "Interest Income Non Operating": NaN,
        "Operating Income": NaN,
        "Operating Expense": NaN,
        "Depreciation Amortization Depletion Income Statement": NaN,
        "Depreciation And Amortization In Income Statement": NaN,
        "Amortization": NaN,
        "Amortization Of Intangibles Income Statement": NaN,
        "Research And Development": NaN,
        "Selling General And Administration": NaN,
        "General And Administrative Expense": 26200000.0,
        "Other Gand A": 20700000.0,
        "Salaries And Wages": 5500000.0,
        "Gross Profit": NaN,
        "Cost Of Revenue": NaN,
        "Total Revenue": NaN,
        "Operating Revenue": NaN
    },
    "2022-06-30": {
        "Tax Effect Of Unusual Items": 424637.681159,
        "Tax Rate For Calcs": 0.077207,
        "Normalized EBITDA": 33215000.0,
        "Total Unusual Items": 5500000.0,
        "Total Unusual Items Excluding Goodwill": 5500000.0,
        "Net Income From Continuing Operation Net Minority Interest": 35020000.0,
        "Reconciled Depreciation": 417000.0,
        "Reconciled Cost Of Revenue": 24812000.0,
        "EBITDA": 38715000.0,
        "EBIT": 38298000.0,
        "Net Interest Income": 2390000.0,
        "Interest Expense": 348000.0,
        "Interest Income": 2738000.0,
        "Normalized Income": 29944637.681159,
        "Net Income From Continuing And Discontinued Operation": 35020000.0,
        "Total Expenses": 91072000.0,
        "Total Operating Income As Reported": 35560000.0,
        "Diluted Average Shares": 112715000.0,
        "Basic Average Shares": 110447000.0,
        "Diluted EPS": 0.31,
        "Basic EPS": 0.32,
        "Diluted NI Availto Com Stockholders": 35020000.0,
        "Net Income Common Stockholders": 35020000.0,
        "Net Income": 35020000.0,
        "Net Income Including Noncontrolling Interests": 35020000.0,
        "Net Income Continuous Operations": 35020000.0,
        "Tax Provision": 2930000.0,
        "Pretax Income": 37950000.0,
        "Other Income Expense": 5500000.0,
        "Special Income Charges": 5500000.0,
        "Other Special Charges": NaN,
        "Restructuring And Mergern Acquisition": -5500000.0,
        "Gain On Sale Of Security": NaN,
        "Net Non Operating Interest Income Expense": 2390000.0,
        "Interest Expense Non Operating": 348000.0,
        "Interest Income Non Operating": 2738000.0,
        "Operating Income": 30060000.0,
        "Operating Expense": 66260000.0,
        "Depreciation Amortization Depletion Income Statement": 417000.0,
        "Depreciation And Amortization In Income Statement": 417000.0,
        "Amortization": 417000.0,
        "Amortization Of Intangibles Income Statement": 417000.0,
        "Research And Development": 39538000.0,
        "Selling General And Administration": 26305000.0,
        "General And Administrative Expense": 26300000.0,
        "Other Gand A": 21000000.0,
        "Salaries And Wages": 5300000.0,
        "Gross Profit": 96320000.0,
        "Cost Of Revenue": 24812000.0,
        "Total Revenue": 121132000.0,
        "Operating Revenue": 121132000.0
    },
    "2022-03-31": {
        "Diluted EPS": -0.6,
        "Total Revenue": 99,
        "Gross Profit": 77,
        "Operating Income": 8,
        "EBIT": 19,
        "Net Income": -66
    },
    "2021-12-31": {
        "Diluted EPS": 0.05,
        "Total Revenue": 92,
        "Gross Profit": 74,
        "Operating Income": 9,
        "EBIT": 20,
        "Net Income": 6
    },
    "2021-09-30": {
        "Diluted EPS": 0.03,
        "Total Revenue": 81,
        "Gross Profit": 63,
        "Operating Income": 5,
        "EBIT": 16,
        "Net Income": 4
    },
    "2021-06-30": {
        "Diluted EPS": 0.1,
        "Total Revenue": 85,
        "Gross Profit": 68,
        "Operating Income": 14,
        "EBIT": 25,
        "Net Income": 11
    },
    "2021-03-31": {
        "Diluted EPS": -0.02,
        "Total Revenue": 70,
        "Gross Profit": 53,
        "Operating Income": -3,
        "EBIT": 7,
        "Net Income": -3
    },
    "2020-12-31": {
        "Diluted EPS": -0.11,
        "Total Revenue": 62,
        "Gross Profit": 48,
        "Operating Income": -11,
        "EBIT": 2,
        "Net Income": -12
    },
    "2020-09-30": {
        "Diluted EPS": -0.11,
        "Total Revenue": 57,
        "Gross Profit": 42,
        "Operating Income": -13,
        "EBIT": -2,
        "Net Income": -13
    },
    "2020-06-30": {
        "Diluted EPS": -0.08,
        "Total Revenue": 62,
        "Gross Profit": 46,
        "Operating Income": -11,
        "EBIT": 1,
        "Net Income": -9
    },
    "2020-03-31": {
        "Diluted EPS": -0.06,
        "Total Revenue": 66,
        "Gross Profit": 50,
        "Operating Income": -9,
        "EBIT": 3,
        "Net Income": -7
    },
    "2019-12-31": {
        "Diluted EPS": -0.04,
        "Total Revenue": 64,
        "Gross Profit": 49,
        "Operating Income": -9,
        "EBIT": 3,
        "Net Income": -5
    },
    "2019-09-30": {
        "Diluted EPS": -0.16,
        "Total Revenue": 57,
        "Gross Profit": 45,
        "Operating Income": -23,
        "EBIT": -13,
        "Net Income": -17
    },
    "2019-06-30": {
        "Diluted EPS": -0.33,
        "Total Revenue": 58,
        "Gross Profit": 45,
        "Operating Income": -37,
        "EBIT": -27,
        "Net Income": -37
    },
    "2019-03-31": {
        "Diluted EPS": -0.24,
        "Total Revenue": 48,
        "Gross Profit": 37,
        "Operating Income": -31,
        "EBIT": -22,
        "Net Income": -27
    },
    "2018-12-31": {
        "Diluted EPS": -0.02,
        "Total Revenue": 69,
        "Gross Profit": 58,
        "Operating Income": -4,
        "EBIT": 3,
        "Net Income": -2
    },
    "2018-09-30": {
        "Diluted EPS": -0.97,
        "Total Revenue": 60,
        "Gross Profit": 48,
        "Operating Income": -19,
        "EBIT": -12,
        "Net Income": -105
    },
    "2018-06-30": {
        "Diluted EPS": -0.14,
        "Total Revenue": 56,
        "Gross Profit": 41,
        "Operating Income": -20,
        "EBIT": -9,
        "Net Income": -15
    },
    "2018-03-31": {
        "Diluted EPS": -0.33,
        "Total Revenue": 46,
        "Gross Profit": 30,
        "Operating Income": -44,
        "EBIT": -30,
        "Net Income": -36
    },
    "2017-12-31": {
        "Diluted EPS": -0.33,
        "Total Revenue": 102,
        "Gross Profit": 84,
        "Operating Income": 16,
        "EBIT": 30,
        "Net Income": -36
    },
    "2017-09-30": {
        "Diluted EPS": 0.07,
        "Total Revenue": 99,
        "Gross Profit": 80,
        "Operating Income": 17,
        "EBIT": 31,
        "Net Income": 8
    },
    "2017-06-30": {
        "Diluted EPS": 0.02,
        "Total Revenue": 95,
        "Gross Profit": 73,
        "Operating Income": 8,
        "EBIT": 22,
        "Net Income": 3
    },
    "2017-03-31": {
        "Diluted EPS": 0.03,
        "Total Revenue": 97,
        "Gross Profit": 78,
        "Operating Income": 13,
        "EBIT": 27,
        "Net Income": 3
    },
    "2016-12-31": {
        "Diluted EPS": -0.03,
        "Total Revenue": 98,
        "Gross Profit": 76,
        "Operating Income": 1,
        "EBIT": 33,
        "Net Income": -3
    },
    "2016-09-30": {
        "Diluted EPS": 0.04,
        "Total Revenue": 90,
        "Gross Profit": 70,
        "Operating Income": 12,
        "EBIT": 25,
        "Net Income": 5
    },
    "2016-06-30": {
        "Diluted EPS": 0.03,
        "Total Revenue": 77,
        "Gross Profit": 62,
        "Operating Income": 12,
        "EBIT": 23,
        "Net Income": 4
    },
    "2016-03-31": {
        "Diluted EPS": 0.02,
        "Total Revenue": 73,
        "Gross Profit": 60,
        "Operating Income": 9,
        "EBIT": 20,
        "Net Income": 2
    },
    "2015-12-31": {
        "Diluted EPS": 0.14,
        "Total Revenue": 77,
        "Gross Profit": 65,
        "Operating Income": 20,
        "EBIT": 29,
        "Net Income": 13
    },
    "2015-09-30": {
        "Diluted EPS": 1.52,
        "Total Revenue": 74,
        "Gross Profit": 63,
        "Operating Income": 18,
        "EBIT": 27,
        "Net Income": 182
    },
    "2015-06-30": {
        "Diluted EPS": 0.06,
        "Total Revenue": 73,
        "Gross Profit": 61,
        "Operating Income": 16,
        "EBIT": 25,
        "Net Income": 7
    },
    "2015-03-31": {
        "Diluted EPS": 0.08,
        "Total Revenue": 73,
        "Gross Profit": 62,
        "Operating Income": 18,
        "EBIT": 27,
        "Net Income": 10
    },
    "2014-12-31": {
        "Diluted EPS": 0.06,
        "Total Revenue": 72,
        "Gross Profit": 61,
        "Operating Income": 18,
        "EBIT": 27,
        "Net Income": 8
    },
    "2014-09-30": {
        "Diluted EPS": 0.05,
        "Total Revenue": 70,
        "Gross Profit": 59,
        "Operating Income": 14,
        "EBIT": 25,
        "Net Income": 6
    },
    "2014-06-30": {
        "Diluted EPS": 0.04,
        "Total Revenue": 77,
        "Gross Profit": 66,
        "Operating Income": 20,
        "EBIT": 30,
        "Net Income": 5
    },
    "2014-03-31": {
        "Diluted EPS": 0.07,
        "Total Revenue": 78,
        "Gross Profit": 68,
        "Operating Income": 23,
        "EBIT": 33,
        "Net Income": 8
    },
    "2013-12-31": {
        "Diluted EPS": -0.09,
        "Total Revenue": 73,
        "Gross Profit": 63,
        "Operating Income": 6,
        "EBIT": 27,
        "Net Income": -10
    },
    "2013-09-30": {
        "Diluted EPS": -0.05,
        "Total Revenue": 73,
        "Gross Profit": 64,
        "Operating Income": 9,
        "EBIT": 28,
        "Net Income": -6
    },
    "2013-06-30": {
        "Diluted EPS": -0.07,
        "Total Revenue": 58,
        "Gross Profit": 51,
        "Operating Income": 6,
        "EBIT": 17,
        "Net Income": -8
    },
    "2013-03-31": {
        "Diluted EPS": -0.09,
        "Total Revenue": 67,
        "Gross Profit": 60,
        "Operating Income": 1,
        "EBIT": 12,
        "Net Income": -10
    },
    "2012-12-31": {
        "Diluted EPS": -0.15,
        "Total Revenue": 57,
        "Gross Profit": 51,
        "Operating Income": -4,
        "EBIT": 6,
        "Net Income": -16
    },
    "2012-09-30": {
        "Diluted EPS": -0.52,
        "Total Revenue": 58,
        "Gross Profit": 50,
        "Operating Income": -47,
        "EBIT": 0,
        "Net Income": -58
    },
    "2012-06-30": {
        "Diluted EPS": -0.29,
        "Total Revenue": 56,
        "Gross Profit": 49,
        "Operating Income": -22,
        "EBIT": -11,
        "Net Income": -32
    },
    "2012-03-31": {
        "Diluted EPS": -0.25,
        "Total Revenue": 63,
        "Gross Profit": 56,
        "Operating Income": -18,
        "EBIT": -7,
        "Net Income": -28
    },
    "2011-12-31": {
        "Diluted EPS": -0.25,
        "Total Revenue": 83,
        "Gross Profit": 76,
        "Operating Income": -12,
        "EBIT": -2,
        "Net Income": -29
    },
    "2011-09-30": {
        "Diluted EPS": 0.0,
        "Total Revenue": 100,
        "Gross Profit": 93,
        "Operating Income": 11,
        "EBIT": 21,
        "Net Income": 0
    },
    "2011-06-30": {
        "Diluted EPS": -0.1,
        "Total Revenue": 66,
        "Gross Profit": 60,
        "Operating Income": -3,
        "EBIT": 4,
        "Net Income": -11
    },
    "2011-03-31": {
        "Diluted EPS": -0.04,
        "Total Revenue": 63,
        "Gross Profit": 59,
        "Operating Income": 2,
        "EBIT": 13,
        "Net Income": -4
    },
    "2010-12-31": {
        "Diluted EPS": 0.31,
        "Total Revenue": 91,
        "Gross Profit": 89,
        "Operating Income": 49,
        "EBIT": 53,
        "Net Income": 33
    },
    "2010-09-30": {
        "Diluted EPS": -0.18,
        "Total Revenue": 32,
        "Gross Profit": 30,
        "Operating Income": -11,
        "EBIT": -8,
        "Net Income": -21
    },
    "2010-06-30": {
        "Diluted EPS": -0.11,
        "Total Revenue": 39,
        "Gross Profit": 37,
        "Operating Income": -7,
        "EBIT": -3,
        "Net Income": -12
    },
    "2010-03-31": {
        "Diluted EPS": 1.28,
        "Total Revenue": 162,
        "Gross Profit": 160,
        "Operating Income": 196,
        "EBIT": 206,
        "Net Income": 151
    },
    "2009-12-31": {
        "Diluted EPS": -0.22,
        "Total Revenue": 31,
        "Gross Profit": 29,
        "Operating Income": -4,
        "EBIT": 0,
        "Net Income": -23
    },
    "2009-09-30": {
        "Diluted EPS": -0.26,
        "Total Revenue": 28,
        "Gross Profit": 26,
        "Operating Income": -28,
        "EBIT": -17,
        "Net Income": -27
    },
    "2009-06-30": {
        "Diluted EPS": -0.23,
        "Total Revenue": 27,
        "Gross Profit": 26,
        "Operating Income": -25,
        "EBIT": -19,
        "Net Income": -24
    },
    "2009-03-31": {
        "Diluted EPS": -0.17,
        "Total Revenue": 27,
        "Gross Profit": 25,
        "Operating Income": -19,
        "EBIT": -13,
        "Net Income": -17
    },
    "2023-09-30": {
        "Tax Effect Of Unusual Items": NaN,
        "Tax Rate For Calcs": NaN,
        "Normalized EBITDA": NaN,
        "Total Unusual Items": NaN,
        "Total Unusual Items Excluding Goodwill": NaN,
        "Net Income From Continuing Operation Net Minority Interest": NaN,
        "Reconciled Depreciation": NaN,
        "Reconciled Cost Of Revenue": NaN,
        "EBITDA": NaN,
        "EBIT": NaN,
        "Net Interest Income": NaN,
        "Interest Expense": NaN,
        "Interest Income": NaN,
        "Normalized Income": NaN,
        "Net Income From Continuing And Discontinued Operation": NaN,
        "Total Expenses": NaN,
        "Total Operating Income As Reported": NaN,
        "Diluted Average Shares": NaN,
        "Basic Average Shares": NaN,
        "Diluted EPS": NaN,
        "Basic EPS": NaN,
        "Diluted NI Availto Com Stockholders": NaN,
        "Net Income Common Stockholders": NaN,
        "Net Income": NaN,
        "Net Income Including Noncontrolling Interests": NaN,
        "Net Income Continuous Operations": NaN,
        "Tax Provision": NaN,
        "Pretax Income": NaN,
        "Other Income Expense": NaN,
        "Special Income Charges": NaN,
        "Gain On Sale Of Business": 90843000.0,
        "Write Off": 10045000.0,
        "Restructuring And Mergern Acquisition": NaN,
        "Gain On Sale Of Security": NaN,
        "Net Non Operating Interest Income Expense": NaN,
        "Interest Expense Non Operating": NaN,
        "Interest Income Non Operating": NaN,
        "Operating Income": NaN,
        "Operating Expense": NaN,
        "Depreciation Amortization Depletion Income Statement": NaN,
        "Depreciation And Amortization In Income Statement": NaN,
        "Amortization": NaN,
        "Amortization Of Intangibles Income Statement": NaN,
        "Research And Development": NaN,
        "Selling General And Administration": NaN,
        "General And Administrative Expense": 25300000.0,
        "Other Gand A": 18300000.0,
        "Salaries And Wages": 7000000.0,
        "Gross Profit": NaN,
        "Cost Of Revenue": NaN,
        "Total Revenue": NaN,
        "Operating Revenue": NaN
    },
    "2023-12-31": {
        "Tax Effect Of Unusual Items": NaN,
        "Tax Rate For Calcs": NaN,
        "Normalized EBITDA": NaN,
        "Total Unusual Items": NaN,
        "Total Unusual Items Excluding Goodwill": NaN,
        "Net Income From Continuing Operation Net Minority Interest": NaN,
        "Reconciled Depreciation": NaN,
        "Reconciled Cost Of Revenue": NaN,
        "EBITDA": NaN,
        "EBIT": NaN,
        "Net Interest Income": NaN,
        "Interest Expense": NaN,
        "Interest Income": NaN,
        "Normalized Income": NaN,
        "Net Income From Continuing And Discontinued Operation": NaN,
        "Total Expenses": NaN,
        "Total Operating Income As Reported": NaN,
        "Diluted Average Shares": NaN,
        "Basic Average Shares": NaN,
        "Diluted EPS": NaN,
        "Basic EPS": NaN,
        "Diluted NI Availto Com Stockholders": NaN,
        "Net Income Common Stockholders": NaN,
        "Net Income": NaN,
        "Net Income Including Noncontrolling Interests": NaN,
        "Net Income Continuous Operations": NaN,
        "Tax Provision": NaN,
        "Pretax Income": NaN,
        "Other Income Expense": 22791000.0,
        "Special Income Charges": NaN,
        "Gain On Sale Of Business": -59000.0,
        "Write Off": 0.0,
        "Restructuring And Mergern Acquisition": NaN,
        "Gain On Sale Of Security": 23924000.0,
        "Net Non Operating Interest Income Expense": NaN,
        "Interest Expense Non Operating": NaN,
        "Interest Income Non Operating": NaN,
        "Operating Income": NaN,
        "Operating Expense": NaN,
        "Depreciation Amortization Depletion Income Statement": NaN,
        "Depreciation And Amortization In Income Statement": NaN,
        "Amortization": NaN,
        "Amortization Of Intangibles Income Statement": NaN,
        "Research And Development": NaN,
        "Selling General And Administration": NaN,
        "General And Administrative Expense": NaN,
        "Other Gand A": NaN,
        "Salaries And Wages": NaN,
        "Gross Profit": NaN,
        "Cost Of Revenue": NaN,
        "Total Revenue": NaN,
        "Operating Revenue": NaN
    },
    "2024-03-31": {
        "Tax Effect Of Unusual Items": NaN,
        "Tax Rate For Calcs": NaN,
        "Normalized EBITDA": NaN,
        "Total Unusual Items": NaN,
        "Total Unusual Items Excluding Goodwill": NaN,
        "Net Income From Continuing Operation Net Minority Interest": NaN,
        "Reconciled Depreciation": NaN,
        "Reconciled Cost Of Revenue": NaN,
        "EBITDA": NaN,
        "EBIT": NaN,
        "Net Interest Income": NaN,
        "Interest Expense": NaN,
        "Interest Income": NaN,
        "Normalized Income": NaN,
        "Net Income From Continuing And Discontinued Operation": NaN,
        "Total Expenses": NaN,
        "Total Operating Income As Reported": NaN,
        "Diluted Average Shares": NaN,
        "Basic Average Shares": NaN,
        "Diluted EPS": NaN,
        "Basic EPS": NaN,
        "Diluted NI Availto Com Stockholders": NaN,
        "Net Income Common Stockholders": NaN,
        "Net Income": NaN,
        "Net Income Including Noncontrolling Interests": NaN,
        "Net Income Continuous Operations": NaN,
        "Tax Provision": NaN,
        "Pretax Income": NaN,
        "Other Income Expense": -700000.0,
        "Special Income Charges": NaN,
        "Gain On Sale Of Business": NaN,
        "Write Off": NaN,
        "Restructuring And Mergern Acquisition": NaN,
        "Gain On Sale Of Security": NaN,
        "Net Non Operating Interest Income Expense": NaN,
        "Interest Expense Non Operating": NaN,
        "Interest Income Non Operating": NaN,
        "Operating Income": NaN,
        "Operating Expense": NaN,
        "Depreciation Amortization Depletion Income Statement": NaN,
        "Depreciation And Amortization In Income Statement": NaN,
        "Amortization": NaN,
        "Amortization Of Intangibles Income Statement": NaN,
        "Research And Development": NaN,
        "Selling General And Administration": NaN,
        "General And Administrative Expense": 25800000.0,
        "Other Gand A": 19900000.0,
        "Salaries And Wages": 5900000.0,
        "Gross Profit": NaN,
        "Cost Of Revenue": NaN,
        "Total Revenue": NaN,
        "Operating Revenue": NaN
    },
    "2024-06-30": {
        "Tax Effect Of Unusual Items": 24123.0,
        "Tax Rate For Calcs": 0.187,
        "Normalized EBITDA": 55351000.0,
        "Total Unusual Items": 129000.0,
        "Total Unusual Items Excluding Goodwill": 129000.0,
        "Net Income From Continuing Operation Net Minority Interest": 36056000.0,
        "Reconciled Depreciation": 10758000.0,
        "Reconciled Cost Of Revenue": 16260000.0,
        "EBITDA": 55480000.0,
        "EBIT": 44722000.0,
        "Net Interest Income": 4029000.0,
        "Interest Expense": 371000.0,
        "Interest Income": 4400000.0,
        "Normalized Income": 35951123.0,
        "Net Income From Continuing And Discontinued Operation": 36056000.0,
        "Total Expenses": 91945000.0,
        "Total Operating Income As Reported": 40322000.0,
        "Diluted Average Shares": 109047000.0,
        "Basic Average Shares": 107721000.0,
        "Diluted EPS": 0.33,
        "Basic EPS": 0.33,
        "Diluted NI Availto Com Stockholders": 36056000.0,
        "Net Income Common Stockholders": 36056000.0,
        "Net Income": 36056000.0,
        "Net Income Including Noncontrolling Interests": 36056000.0,
        "Net Income Continuous Operations": 36056000.0,
        "Tax Provision": 8295000.0,
        "Pretax Income": 44351000.0,
        "Other Income Expense": 129000.0,
        "Special Income Charges": 129000.0,
        "Gain On Sale Of Business": NaN,
        "Write Off": 1071000.0,
        "Restructuring And Mergern Acquisition": -1200000.0,
        "Gain On Sale Of Security": NaN,
        "Net Non Operating Interest Income Expense": 4029000.0,
        "Interest Expense Non Operating": 371000.0,
        "Interest Income Non Operating": 4400000.0,
        "Operating Income": 40193000.0,
        "Operating Expense": 65114000.0,
        "Depreciation Amortization Depletion Income Statement": 187000.0,
        "Depreciation And Amortization In Income Statement": 187000.0,
        "Amortization": 187000.0,
        "Amortization Of Intangibles Income Statement": 187000.0,
        "Research And Development": 40525000.0,
        "Selling General And Administration": 24402000.0,
        "General And Administrative Expense": 24402000.0,
        "Other Gand A": 17080000.0,
        "Salaries And Wages": 7322000.0,
        "Gross Profit": 105307000.0,
        "Cost Of Revenue": 26831000.0,
        "Total Revenue": 132138000.0,
        "Operating Revenue": 132138000.0
    },
    "2024-09-30": {
        "Tax Effect Of Unusual Items": 799744.0,
        "Tax Rate For Calcs": 0.176,
        "Normalized EBITDA": 65466000.0,
        "Total Unusual Items": 4544000.0,
        "Total Unusual Items Excluding Goodwill": 4544000.0,
        "Net Income From Continuing Operation Net Minority Interest": 48665000.0,
        "Reconciled Depreciation": 10648000.0,
        "Reconciled Cost Of Revenue": 17548000.0,
        "EBITDA": 70010000.0,
        "EBIT": 59362000.0,
        "Net Interest Income": 4340000.0,
        "Interest Expense": 327000.0,
        "Interest Income": 4667000.0,
        "Normalized Income": 44920744.0,
        "Net Income From Continuing And Discontinued Operation": 48665000.0,
        "Total Expenses": 95395000.0,
        "Total Operating Income As Reported": 54695000.0,
        "Diluted Average Shares": 108474000.0,
        "Basic Average Shares": 107235000.0,
        "Diluted EPS": 0.45,
        "Basic EPS": 0.45,
        "Diluted NI Availto Com Stockholders": 48665000.0,
        "Net Income Common Stockholders": 48665000.0,
        "Net Income": 48665000.0,
        "Net Income Including Noncontrolling Interests": 48665000.0,
        "Net Income Continuous Operations": 48665000.0,
        "Tax Provision": 10370000.0,
        "Pretax Income": 59035000.0,
        "Other Income Expense": 4544000.0,
        "Special Income Charges": 4544000.0,
        "Gain On Sale Of Business": 0.0,
        "Write Off": 0.0,
        "Restructuring And Mergern Acquisition": -4544000.0,
        "Gain On Sale Of Security": NaN,
        "Net Non Operating Interest Income Expense": 4340000.0,
        "Interest Expense Non Operating": 327000.0,
        "Interest Income Non Operating": 4667000.0,
        "Operating Income": 50118000.0,
        "Operating Expense": 67293000.0,
        "Depreciation Amortization Depletion Income Statement": 94000.0,
        "Depreciation And Amortization In Income Statement": 94000.0,
        "Amortization": 94000.0,
        "Amortization Of Intangibles Income Statement": 94000.0,
        "Research And Development": 41299000.0,
        "Selling General And Administration": 25900000.0,
        "General And Administrative Expense": 25900000.0,
        "Other Gand A": 18200000.0,
        "Salaries And Wages": 7700000.0,
        "Gross Profit": 117411000.0,
        "Cost Of Revenue": 28102000.0,
        "Total Revenue": 145513000.0,
        "Operating Revenue": 145513000.0
    },
    "2024-12-31": {
        "Tax Effect Of Unusual Items": 0.0,
        "Tax Rate For Calcs": 0.001653,
        "Normalized EBITDA": 72967000.0,
        "Total Unusual Items": 0.0,
        "Total Unusual Items Excluding Goodwill": 0.0,
        "Net Income From Continuing Operation Net Minority Interest": 62202000.0,
        "Reconciled Depreciation": 10310000.0,
        "Reconciled Cost Of Revenue": 21235000.0,
        "EBITDA": 72967000.0,
        "EBIT": 62657000.0,
        "Net Interest Income": 4444000.0,
        "Interest Expense": 352000.0,
        "Interest Income": 4796000.0,
        "Normalized Income": 62202000.0,
        "Net Income From Continuing And Discontinued Operation": 62202000.0,
        "Total Expenses": 103237000.0,
        "Total Operating Income As Reported": 57861000.0,
        "Diluted Average Shares": 108082000.0,
        "Basic Average Shares": 106716000.0,
        "Diluted EPS": 0.58,
        "Basic EPS": 0.58,
        "Diluted NI Availto Com Stockholders": 62202000.0,
        "Net Income Common Stockholders": 62202000.0,
        "Net Income": 62202000.0,
        "Net Income Including Noncontrolling Interests": 62202000.0,
        "Net Income Continuous Operations": 62202000.0,
        "Tax Provision": 103000.0,
        "Pretax Income": 62305000.0,
        "Other Income Expense": 0.0,
        "Special Income Charges": 0.0,
        "Gain On Sale Of Business": 0.0,
        "Write Off": 0.0,
        "Restructuring And Mergern Acquisition": 0.0,
        "Gain On Sale Of Security": NaN,
        "Net Non Operating Interest Income Expense": 4444000.0,
        "Interest Expense Non Operating": 352000.0,
        "Interest Income Non Operating": 4796000.0,
        "Operating Income": 57865000.0,
        "Operating Expense": 71722000.0,
        "Depreciation Amortization Depletion Income Statement": 30000.0,
        "Depreciation And Amortization In Income Statement": 30000.0,
        "Amortization": 30000.0,
        "Amortization Of Intangibles Income Statement": 30000.0,
        "Research And Development": 43698000.0,
        "Selling General And Administration": 27994000.0,
        "General And Administrative Expense": NaN,
        "Other Gand A": NaN,
        "Salaries And Wages": NaN,
        "Gross Profit": 129587000.0,
        "Cost Of Revenue": 31515000.0,
        "Total Revenue": 161102000.0,
        "Operating Revenue": 161102000.0
    },
    "2025-03-31": {
        "Tax Effect Of Unusual Items": 0.0,
        "Tax Rate For Calcs": 0.108,
        "Normalized EBITDA": 77835000.0,
        "Total Unusual Items": 0.0,
        "Total Unusual Items Excluding Goodwill": 0.0,
        "Net Income From Continuing Operation Net Minority Interest": 60303000.0,
        "Reconciled Depreciation": 9835000.0,
        "Reconciled Cost Of Revenue": 23007000.0,
        "EBITDA": 77835000.0,
        "EBIT": 68000000.0,
        "Net Interest Income": 4479000.0,
        "Interest Expense": 377000.0,
        "Interest Income": 4856000.0,
        "Normalized Income": 60303000.0,
        "Net Income From Continuing And Discontinued Operation": 60303000.0,
        "Total Expenses": 103462000.0,
        "Total Operating Income As Reported": 63144000.0,
        "Diluted Average Shares": 108628000.0,
        "Basic Average Shares": 107236000.0,
        "Diluted EPS": 0.56,
        "Basic EPS": 0.56,
        "Diluted NI Availto Com Stockholders": 60303000.0,
        "Net Income Common Stockholders": 60303000.0,
        "Net Income": 60303000.0,
        "Net Income Including Noncontrolling Interests": 60303000.0,
        "Net Income Continuous Operations": 60303000.0,
        "Tax Provision": 7320000.0,
        "Pretax Income": 67623000.0,
        "Other Income Expense": NaN,
        "Special Income Charges": 0.0,
        "Gain On Sale Of Business": NaN,
        "Write Off": NaN,
        "Restructuring And Mergern Acquisition": 0.0,
        "Gain On Sale Of Security": NaN,
        "Net Non Operating Interest Income Expense": 4479000.0,
        "Interest Expense Non Operating": 377000.0,
        "Interest Income Non Operating": 4856000.0,
        "Operating Income": 63202000.0,
        "Operating Expense": 70620000.0,
        "Depreciation Amortization Depletion Income Statement": 0.0,
        "Depreciation And Amortization In Income Statement": 0.0,
        "Amortization": 0.0,
        "Amortization Of Intangibles Income Statement": 0.0,
        "Research And Development": 42620000.0,
        "Selling General And Administration": 28000000.0,
        "General And Administrative Expense": 28000000.0,
        "Other Gand A": 21300000.0,
        "Salaries And Wages": 6700000.0,
        "Gross Profit": 133822000.0,
        "Cost Of Revenue": 32842000.0,
        "Total Revenue": 166664000.0,
        "Operating Revenue": 166664000.0
    },
    "2025-06-30": {
        "Tax Effect Of Unusual Items": 0.0,
        "Tax Rate For Calcs": 0.146,
        "Normalized EBITDA": 78425000.0,
        "Total Unusual Items": 0.0,
        "Total Unusual Items Excluding Goodwill": 0.0,
        "Net Income From Continuing Operation Net Minority Interest": 57935000.0,
        "Reconciled Depreciation": 10204000.0,
        "Reconciled Cost Of Revenue": 24566000.0,
        "EBITDA": 78425000.0,
        "EBIT": 68221000.0,
        "Net Interest Income": 4846000.0,
        "Interest Expense": 382000.0,
        "Interest Income": 5228000.0,
        "Normalized Income": 57935000.0,
        "Net Income From Continuing And Discontinued Operation": 57935000.0,
        "Total Expenses": 109216000.0,
        "Total Operating Income As Reported": 62993000.0,
        "Diluted Average Shares": 108520000.0,
        "Basic Average Shares": 107586000.0,
        "Diluted EPS": 0.53,
        "Basic EPS": 0.54,
        "Diluted NI Availto Com Stockholders": 57935000.0,
        "Net Income Common Stockholders": 57935000.0,
        "Net Income": 57935000.0,
        "Net Income Including Noncontrolling Interests": 57935000.0,
        "Net Income Continuous Operations": 57935000.0,
        "Tax Provision": 9904000.0,
        "Pretax Income": 67839000.0,
        "Other Income Expense": NaN,
        "Special Income Charges": 0.0,
        "Gain On Sale Of Business": NaN,
        "Write Off": 0.0,
        "Restructuring And Mergern Acquisition": 0.0,
        "Gain On Sale Of Security": NaN,
        "Net Non Operating Interest Income Expense": 4846000.0,
        "Interest Expense Non Operating": 382000.0,
        "Interest Income Non Operating": 5228000.0,
        "Operating Income": 62993000.0,
        "Operating Expense": 74446000.0,
        "Depreciation Amortization Depletion Income Statement": 0.0,
        "Depreciation And Amortization In Income Statement": 0.0,
        "Amortization": 0.0,
        "Amortization Of Intangibles Income Statement": 0.0,
        "Research And Development": 46331000.0,
        "Selling General And Administration": 28115000.0,
        "General And Administrative Expense": 28115000.0,
        "Other Gand A": 19506000.0,
        "Salaries And Wages": 8609000.0,
        "Gross Profit": 137439000.0,
        "Cost Of Revenue": 34770000.0,
        "Total Revenue": 172209000.0,
        "Operating Revenue": 172209000.0
    }
}