{
    "2023-03-31": {
        "Tax Effect Of Unusual Items": NaN,
        "Tax Rate For Calcs": NaN,
        "Normalized EBITDA": NaN,
        "Total Unusual Items": NaN,
        "Total Unusual Items Excluding Goodwill": NaN,
        "Net Income From Continuing Operation Net Minority Interest": NaN,
        "Reconciled Depreciation": NaN,
        "Reconciled Cost Of Revenue": NaN,
        "EBITDA": NaN,
        "EBIT": NaN,
        "Net Interest Income": NaN,
        "Normalized Income": NaN,
        "Net Income From Continuing And Discontinued Operation": NaN,
        "Total Expenses": NaN,
        "Total Operating Income As Reported": NaN,
        "Diluted Average Shares": NaN,
        "Basic Average Shares": NaN,
        "Diluted EPS": NaN,
        "Basic EPS": NaN,
        "Diluted NI Availto Com Stockholders": NaN,
        "Net Income Common Stockholders": NaN,
        "Net Income": NaN,
        "Net Income Including Noncontrolling Interests": NaN,
        "Net Income Continuous Operations": NaN,
        "Tax Provision": NaN,
        "Pretax Income": NaN,
        "Other Income Expense": NaN,
        "Other Non Operating Income Expenses": NaN,
        "Special Income Charges": 0.0,
        "Restructuring And Mergern Acquisition": 0.0,
        "Earnings From Equity Interest": NaN,
        "Gain On Sale Of Security": NaN,
        "Net Non Operating Interest Income Expense": NaN,
        "Total Other Finance Cost": NaN,
        "Operating Income": NaN,
        "Operating Expense": NaN,
        "Depreciation Amortization Depletion Income Statement": NaN,
        "Depreciation And Amortization In Income Statement": NaN,
        "Amortization": NaN,
        "Amortization Of Intangibles Income Statement": NaN,
        "Research And Development": NaN,
        "Selling General And Administration": NaN,
        "Gross Profit": NaN,
        "Cost Of Revenue": NaN,
        "Total Revenue": NaN,
        "Operating Revenue": NaN
    },
    "2022-12-31": {
        "Tax Effect Of Unusual Items": NaN,
        "Tax Rate For Calcs": NaN,
        "Normalized EBITDA": NaN,
        "Total Unusual Items": -8412000.0,
        "Total Unusual Items Excluding Goodwill": -8412000.0,
        "Net Income From Continuing Operation Net Minority Interest": NaN,
        "Reconciled Depreciation": NaN,
        "Reconciled Cost Of Revenue": NaN,
        "EBITDA": NaN,
        "EBIT": NaN,
        "Net Interest Income": NaN,
        "Normalized Income": NaN,
        "Net Income From Continuing And Discontinued Operation": NaN,
        "Total Expenses": NaN,
        "Total Operating Income As Reported": NaN,
        "Diluted Average Shares": NaN,
        "Basic Average Shares": NaN,
        "Diluted EPS": NaN,
        "Basic EPS": NaN,
        "Diluted NI Availto Com Stockholders": NaN,
        "Net Income Common Stockholders": NaN,
        "Net Income": NaN,
        "Net Income Including Noncontrolling Interests": NaN,
        "Net Income Continuous Operations": NaN,
        "Tax Provision": NaN,
        "Pretax Income": NaN,
        "Other Income Expense": NaN,
        "Other Non Operating Income Expenses": NaN,
        "Special Income Charges": -8412000.0,
        "Restructuring And Mergern Acquisition": 8412000.0,
        "Earnings From Equity Interest": NaN,
        "Net Non Operating Interest Income Expense": NaN,
        "Total Other Finance Cost": NaN,
        "Operating Income": NaN,
        "Operating Expense": NaN,
        "Depreciation Amortization Depletion Income Statement": NaN,
        "Depreciation And Amortization In Income Statement": NaN,
        "Amortization": NaN,
        "Amortization Of Intangibles Income Statement": NaN,
        "Research And Development": NaN,
        "Selling General And Administration": NaN,
        "Gross Profit": NaN,
        "Cost Of Revenue": NaN,
        "Total Revenue": NaN,
        "Operating Revenue": NaN
    },
    "2022-09-30": {
        "Tax Effect Of Unusual Items": 0.0,
        "Tax Rate For Calcs": 0.196014,
        "Normalized EBITDA": 319773000.0,
        "Total Unusual Items": NaN,
        "Total Unusual Items Excluding Goodwill": NaN,
        "Net Income From Continuing Operation Net Minority Interest": 210478000.0,
        "Reconciled Depreciation": 44034000.0,
        "Reconciled Cost Of Revenue": 373400000.0,
        "EBITDA": 319773000.0,
        "EBIT": 275739000.0,
        "Net Interest Income": -7134000.0,
        "Normalized Income": 210478000.0,
        "Net Income From Continuing And Discontinued Operation": 210478000.0,
        "Total Expenses": 674555000.0,
        "Total Operating Income As Reported": 275739000.0,
        "Diluted Average Shares": 147134000.0,
        "Basic Average Shares": 146431000.0,
        "Diluted EPS": 1.43,
        "Basic EPS": 1.44,
        "Diluted NI Availto Com Stockholders": 210478000.0,
        "Net Income Common Stockholders": 210478000.0,
        "Net Income": 210478000.0,
        "Net Income Including Noncontrolling Interests": 210478000.0,
        "Net Income Continuous Operations": 210478000.0,
        "Tax Provision": 51315000.0,
        "Pretax Income": 261793000.0,
        "Other Income Expense": -6812000.0,
        "Other Non Operating Income Expenses": -1504000.0,
        "Special Income Charges": NaN,
        "Other Special Charges": NaN,
        "Restructuring And Mergern Acquisition": NaN,
        "Earnings From Equity Interest": -5308000.0,
        "Gain On Sale Of Security": NaN,
        "Net Non Operating Interest Income Expense": -7134000.0,
        "Total Other Finance Cost": 7134000.0,
        "Operating Income": 275739000.0,
        "Operating Expense": 265071000.0,
        "Depreciation Amortization Depletion Income Statement": 7950000.0,
        "Depreciation And Amortization In Income Statement": 7950000.0,
        "Amortization": 7950000.0,
        "Amortization Of Intangibles Income Statement": 7950000.0,
        "Research And Development": 63188000.0,
        "Selling General And Administration": 193933000.0,
        "Gross Profit": 540810000.0,
        "Cost Of Revenue": 409484000.0,
        "Total Revenue": 950294000.0,
        "Operating Revenue": 950294000.0
    },
    "2022-06-30": {
        "Tax Effect Of Unusual Items": 0.0,
        "Tax Rate For Calcs": 0.180722,
        "Normalized EBITDA": 300403000.0,
        "Total Unusual Items": 0.0,
        "Total Unusual Items Excluding Goodwill": 0.0,
        "Net Income From Continuing Operation Net Minority Interest": 195061000.0,
        "Reconciled Depreciation": 45007000.0,
        "Reconciled Cost Of Revenue": 355127000.0,
        "EBITDA": 300403000.0,
        "EBIT": 255396000.0,
        "Net Interest Income": -5542000.0,
        "Normalized Income": 195061000.0,
        "Net Income From Continuing And Discontinued Operation": 195061000.0,
        "Total Expenses": 659341000.0,
        "Total Operating Income As Reported": 255396000.0,
        "Diluted Average Shares": 147070000.0,
        "Basic Average Shares": 146357000.0,
        "Diluted EPS": 1.33,
        "Basic EPS": 1.33,
        "Diluted NI Availto Com Stockholders": 195061000.0,
        "Net Income Common Stockholders": 195061000.0,
        "Net Income": 195061000.0,
        "Net Income Including Noncontrolling Interests": 195061000.0,
        "Net Income Continuous Operations": 195061000.0,
        "Tax Provision": 43028000.0,
        "Pretax Income": 238089000.0,
        "Other Income Expense": -11765000.0,
        "Other Non Operating Income Expenses": 2468000.0,
        "Special Income Charges": 0.0,
        "Other Special Charges": NaN,
        "Restructuring And Mergern Acquisition": 0.0,
        "Earnings From Equity Interest": -14233000.0,
        "Gain On Sale Of Security": NaN,
        "Net Non Operating Interest Income Expense": -5542000.0,
        "Total Other Finance Cost": 5542000.0,
        "Operating Income": 255396000.0,
        "Operating Expense": 267110000.0,
        "Depreciation Amortization Depletion Income Statement": 7903000.0,
        "Depreciation And Amortization In Income Statement": 7903000.0,
        "Amortization": 7903000.0,
        "Amortization Of Intangibles Income Statement": 7903000.0,
        "Research And Development": 64318000.0,
        "Selling General And Administration": 194889000.0,
        "Gross Profit": 522506000.0,
        "Cost Of Revenue": 392231000.0,
        "Total Revenue": 914737000.0,
        "Operating Revenue": 914737000.0
    },
    "2023-06-30": {
        "Tax Effect Of Unusual Items": NaN,
        "Tax Rate For Calcs": NaN,
        "Normalized EBITDA": NaN,
        "Total Unusual Items": NaN,
        "Total Unusual Items Excluding Goodwill": NaN,
        "Net Income From Continuing Operation Net Minority Interest": NaN,
        "Reconciled Depreciation": NaN,
        "Reconciled Cost Of Revenue": NaN,
        "EBITDA": NaN,
        "EBIT": NaN,
        "Net Interest Income": NaN,
        "Normalized Income": NaN,
        "Net Income From Continuing And Discontinued Operation": NaN,
        "Total Expenses": NaN,
        "Total Operating Income As Reported": NaN,
        "Diluted Average Shares": NaN,
        "Basic Average Shares": NaN,
        "Diluted EPS": NaN,
        "Basic EPS": NaN,
        "Diluted NI Availto Com Stockholders": NaN,
        "Net Income Common Stockholders": NaN,
        "Net Income": NaN,
        "Net Income Including Noncontrolling Interests": NaN,
        "Net Income Continuous Operations": NaN,
        "Tax Provision": NaN,
        "Pretax Income": NaN,
        "Other Income Expense": NaN,
        "Other Non Operating Income Expenses": NaN,
        "Special Income Charges": 9258000.0,
        "Restructuring And Mergern Acquisition": 10969000.0,
        "Earnings From Equity Interest": NaN,
        "Gain On Sale Of Security": NaN,
        "Net Non Operating Interest Income Expense": NaN,
        "Total Other Finance Cost": NaN,
        "Operating Income": NaN,
        "Operating Expense": NaN,
        "Depreciation Amortization Depletion Income Statement": NaN,
        "Depreciation And Amortization In Income Statement": NaN,
        "Amortization": NaN,
        "Amortization Of Intangibles Income Statement": NaN,
        "Research And Development": NaN,
        "Selling General And Administration": NaN,
        "Gross Profit": NaN,
        "Cost Of Revenue": NaN,
        "Total Revenue": NaN,
        "Operating Revenue": NaN
    },
    "2022-03-31": {
        "Diluted EPS": 1.22,
        "Total Revenue": 865,
        "Gross Profit": 491,
        "Operating Income": 234,
        "EBIT": 286,
        "Net Income": 179
    },
    "2021-12-31": {
        "Diluted EPS": 1.37,
        "Total Revenue": 895,
        "Gross Profit": 504,
        "Operating Income": 249,
        "EBIT": 298,
        "Net Income": 202
    },
    "2021-09-30": {
        "Diluted EPS": 1.39,
        "Total Revenue": 904,
        "Gross Profit": 506,
        "Operating Income": 262,
        "EBIT": 310,
        "Net Income": 204
    },
    "2021-06-30": {
        "Diluted EPS": 1.33,
        "Total Revenue": 876,
        "Gross Profit": 491,
        "Operating Income": 242,
        "EBIT": 287,
        "Net Income": 195
    },
    "2021-03-31": {
        "Diluted EPS": -0.54,
        "Total Revenue": 769,
        "Gross Profit": 447,
        "Operating Income": 223,
        "EBIT": 271,
        "Net Income": -78
    },
    "2020-12-31": {
        "Diluted EPS": 1.23,
        "Total Revenue": 800,
        "Gross Profit": 462,
        "Operating Income": 222,
        "EBIT": 270,
        "Net Income": 180
    },
    "2020-09-30": {
        "Diluted EPS": 1.22,
        "Total Revenue": 752,
        "Gross Profit": 439,
        "Operating Income": 217,
        "EBIT": 267,
        "Net Income": 178
    },
    "2020-06-30": {
        "Diluted EPS": 1.22,
        "Total Revenue": 770,
        "Gross Profit": 449,
        "Operating Income": 223,
        "EBIT": 269,
        "Net Income": 178
    },
    "2020-03-31": {
        "Diluted EPS": 1.12,
        "Total Revenue": 769,
        "Gross Profit": 450,
        "Operating Income": 218,
        "EBIT": 264,
        "Net Income": 163
    },
    "2019-12-31": {
        "Diluted EPS": 1.1,
        "Total Revenue": 736,
        "Gross Profit": 427,
        "Operating Income": 198,
        "EBIT": 243,
        "Net Income": 161
    },
    "2019-09-30": {
        "Diluted EPS": 0.83,
        "Total Revenue": 681,
        "Gross Profit": 392,
        "Operating Income": 171,
        "EBIT": 215,
        "Net Income": 120
    },
    "2019-06-30": {
        "Diluted EPS": 0.48,
        "Total Revenue": 705,
        "Gross Profit": 395,
        "Operating Income": 121,
        "EBIT": 164,
        "Net Income": 69
    },
    "2019-03-31": {
        "Diluted EPS": 0.73,
        "Total Revenue": 662,
        "Gross Profit": 381,
        "Operating Income": 157,
        "EBIT": 199,
        "Net Income": 105
    },
    "2018-12-31": {
        "Diluted EPS": 0.86,
        "Total Revenue": 651,
        "Gross Profit": 375,
        "Operating Income": 157,
        "EBIT": 193,
        "Net Income": 125
    },
    "2018-09-30": {
        "Diluted EPS": 0.73,
        "Total Revenue": 588,
        "Gross Profit": 343,
        "Operating Income": 144,
        "EBIT": 175,
        "Net Income": 106
    },
    "2018-06-30": {
        "Diluted EPS": 0.76,
        "Total Revenue": 624,
        "Gross Profit": 335,
        "Operating Income": 147,
        "EBIT": 179,
        "Net Income": 110
    },
    "2018-03-31": {
        "Diluted EPS": 0.76,
        "Total Revenue": 592,
        "Gross Profit": 344,
        "Operating Income": 136,
        "EBIT": 166,
        "Net Income": 110
    },
    "2017-12-31": {
        "Diluted EPS": 0.07,
        "Total Revenue": 601,
        "Gross Profit": 350,
        "Operating Income": 146,
        "EBIT": 175,
        "Net Income": 10
    },
    "2017-09-30": {
        "Diluted EPS": 0.6,
        "Total Revenue": 524,
        "Gross Profit": 306,
        "Operating Income": 113,
        "EBIT": 142,
        "Net Income": 86
    },
    "2017-06-30": {
        "Diluted EPS": 0.7,
        "Total Revenue": 557,
        "Gross Profit": 324,
        "Operating Income": 127,
        "EBIT": 156,
        "Net Income": 102
    },
    "2017-03-31": {
        "Diluted EPS": 0.62,
        "Total Revenue": 514,
        "Gross Profit": 300,
        "Operating Income": 107,
        "EBIT": 136,
        "Net Income": 88
    },
    "2016-12-31": {
        "Diluted EPS": 0.54,
        "Total Revenue": 530,
        "Gross Profit": 309,
        "Operating Income": 97,
        "EBIT": 125,
        "Net Income": 77
    },
    "2016-09-30": {
        "Diluted EPS": 0.54,
        "Total Revenue": 465,
        "Gross Profit": 269,
        "Operating Income": 94,
        "EBIT": 122,
        "Net Income": 76
    },
    "2016-06-30": {
        "Diluted EPS": 0.59,
        "Total Revenue": 519,
        "Gross Profit": 301,
        "Operating Income": 119,
        "EBIT": 146,
        "Net Income": 83
    },
    "2016-03-31": {
        "Diluted EPS": 0.64,
        "Total Revenue": 454,
        "Gross Profit": 260,
        "Operating Income": 104,
        "EBIT": 124,
        "Net Income": 91
    },
    "2015-12-31": {
        "Diluted EPS": 0.68,
        "Total Revenue": 455,
        "Gross Profit": 267,
        "Operating Income": 108,
        "EBIT": 129,
        "Net Income": 96
    },
    "2015-09-30": {
        "Diluted EPS": 0.58,
        "Total Revenue": 412,
        "Gross Profit": 239,
        "Operating Income": 98,
        "EBIT": 116,
        "Net Income": 83
    },
    "2015-06-30": {
        "Diluted EPS": 0.61,
        "Total Revenue": 453,
        "Gross Profit": 259,
        "Operating Income": 100,
        "EBIT": 117,
        "Net Income": 87
    },
    "2015-03-31": {
        "Diluted EPS": 0.64,
        "Total Revenue": 422,
        "Gross Profit": 251,
        "Operating Income": 106,
        "EBIT": 124,
        "Net Income": 91
    },
    "2014-12-31": {
        "Diluted EPS": 0.64,
        "Total Revenue": 423,
        "Gross Profit": 263,
        "Operating Income": 109,
        "EBIT": 128,
        "Net Income": 91
    },
    "2014-09-30": {
        "Diluted EPS": 0.58,
        "Total Revenue": 380,
        "Gross Profit": 237,
        "Operating Income": 95,
        "EBIT": 113,
        "Net Income": 83
    },
    "2014-06-30": {
        "Diluted EPS": 0.6,
        "Total Revenue": 415,
        "Gross Profit": 261,
        "Operating Income": 98,
        "EBIT": 118,
        "Net Income": 88
    },
    "2014-03-31": {
        "Diluted EPS": 0.63,
        "Total Revenue": 398,
        "Gross Profit": 252,
        "Operating Income": 105,
        "EBIT": 122,
        "Net Income": 90
    },
    "2013-12-31": {
        "Diluted EPS": 0.6,
        "Total Revenue": 384,
        "Gross Profit": 249,
        "Operating Income": 105,
        "EBIT": 124,
        "Net Income": 87
    },
    "2013-09-30": {
        "Diluted EPS": 0.56,
        "Total Revenue": 358,
        "Gross Profit": 228,
        "Operating Income": 97,
        "EBIT": 115,
        "Net Income": 81
    },
    "2013-06-30": {
        "Diluted EPS": 0.5,
        "Total Revenue": 415,
        "Gross Profit": 260,
        "Operating Income": 86,
        "EBIT": 106,
        "Net Income": 73
    },
    "2013-03-31": {
        "Diluted EPS": 0.58,
        "Total Revenue": 384,
        "Gross Profit": 239,
        "Operating Income": 96,
        "EBIT": 117,
        "Net Income": 85
    },
    "2012-12-31": {
        "Diluted EPS": 0.53,
        "Total Revenue": 377,
        "Gross Profit": 233,
        "Operating Income": 92,
        "EBIT": 111,
        "Net Income": 78
    },
    "2012-09-30": {
        "Diluted EPS": 0.49,
        "Total Revenue": 340,
        "Gross Profit": 209,
        "Operating Income": 80,
        "EBIT": 99,
        "Net Income": 71
    },
    "2012-06-30": {
        "Diluted EPS": 0.52,
        "Total Revenue": 372,
        "Gross Profit": 226,
        "Operating Income": 90,
        "EBIT": 112,
        "Net Income": 77
    },
    "2012-03-31": {
        "Diluted EPS": 0.44,
        "Total Revenue": 349,
        "Gross Profit": 210,
        "Operating Income": 77,
        "EBIT": 97,
        "Net Income": 65
    },
    "2011-12-31": {
        "Diluted EPS": 0.42,
        "Total Revenue": 333,
        "Gross Profit": 199,
        "Operating Income": 67,
        "EBIT": 90,
        "Net Income": 63
    },
    "2011-09-30": {
        "Diluted EPS": 0.33,
        "Total Revenue": 315,
        "Gross Profit": 185,
        "Operating Income": 61,
        "EBIT": 81,
        "Net Income": 51
    },
    "2011-06-30": {
        "Diluted EPS": 0.37,
        "Total Revenue": 342,
        "Gross Profit": 199,
        "Operating Income": 67,
        "EBIT": 86,
        "Net Income": 58
    },
    "2011-03-31": {
        "Diluted EPS": 0.34,
        "Total Revenue": 313,
        "Gross Profit": 183,
        "Operating Income": 64,
        "EBIT": 82,
        "Net Income": 53
    },
    "2010-12-31": {
        "Diluted EPS": 0.37,
        "Total Revenue": 306,
        "Gross Profit": 186,
        "Operating Income": 70,
        "EBIT": 87,
        "Net Income": 58
    },
    "2010-09-30": {
        "Diluted EPS": 0.36,
        "Total Revenue": 282,
        "Gross Profit": 174,
        "Operating Income": 66,
        "EBIT": 82,
        "Net Income": 57
    },
    "2010-06-30": {
        "Diluted EPS": 0.35,
        "Total Revenue": 292,
        "Gross Profit": 175,
        "Operating Income": 69,
        "EBIT": 84,
        "Net Income": 53
    },
    "2010-03-31": {
        "Diluted EPS": 0.31,
        "Total Revenue": 279,
        "Gross Profit": 167,
        "Operating Income": 61,
        "EBIT": 77,
        "Net Income": 49
    },
    "2009-12-31": {
        "Diluted EPS": 0.3,
        "Total Revenue": 275,
        "Gross Profit": 164,
        "Operating Income": 58,
        "EBIT": 74,
        "Net Income": 46
    },
    "2009-09-30": {
        "Diluted EPS": 0.27,
        "Total Revenue": 247,
        "Gross Profit": 150,
        "Operating Income": 53,
        "EBIT": 67,
        "Net Income": 42
    },
    "2009-06-30": {
        "Diluted EPS": 0.3,
        "Total Revenue": 252,
        "Gross Profit": 157,
        "Operating Income": 58,
        "EBIT": 73,
        "Net Income": 45
    },
    "2009-03-31": {
        "Diluted EPS": 0.26,
        "Total Revenue": 228,
        "Gross Profit": 139,
        "Operating Income": 53,
        "EBIT": 65,
        "Net Income": 39
    },
    "2023-09-30": {
        "Tax Effect Of Unusual Items": NaN,
        "Tax Rate For Calcs": NaN,
        "Normalized EBITDA": NaN,
        "Total Unusual Items": NaN,
        "Total Unusual Items Excluding Goodwill": NaN,
        "Net Income From Continuing Operation Net Minority Interest": NaN,
        "Reconciled Depreciation": NaN,
        "Reconciled Cost Of Revenue": NaN,
        "EBITDA": NaN,
        "EBIT": NaN,
        "Net Interest Income": NaN,
        "Normalized Income": NaN,
        "Net Income From Continuing And Discontinued Operation": NaN,
        "Total Expenses": NaN,
        "Total Operating Income As Reported": NaN,
        "Diluted Average Shares": NaN,
        "Basic Average Shares": NaN,
        "Diluted EPS": NaN,
        "Basic EPS": NaN,
        "Diluted NI Availto Com Stockholders": NaN,
        "Net Income Common Stockholders": NaN,
        "Net Income": NaN,
        "Net Income Including Noncontrolling Interests": NaN,
        "Net Income Continuous Operations": NaN,
        "Tax Provision": NaN,
        "Pretax Income": NaN,
        "Other Income Expense": NaN,
        "Other Non Operating Income Expenses": NaN,
        "Special Income Charges": NaN,
        "Restructuring And Mergern Acquisition": NaN,
        "Earnings From Equity Interest": NaN,
        "Gain On Sale Of Security": -602000.0,
        "Net Non Operating Interest Income Expense": NaN,
        "Total Other Finance Cost": NaN,
        "Operating Income": NaN,
        "Operating Expense": NaN,
        "Depreciation Amortization Depletion Income Statement": NaN,
        "Depreciation And Amortization In Income Statement": NaN,
        "Amortization": NaN,
        "Amortization Of Intangibles Income Statement": NaN,
        "Research And Development": NaN,
        "Selling General And Administration": NaN,
        "Gross Profit": NaN,
        "Cost Of Revenue": NaN,
        "Total Revenue": NaN,
        "Operating Revenue": NaN
    },
    "2023-12-31": {
        "Tax Effect Of Unusual Items": NaN,
        "Tax Rate For Calcs": NaN,
        "Normalized EBITDA": NaN,
        "Total Unusual Items": NaN,
        "Total Unusual Items Excluding Goodwill": NaN,
        "Net Income From Continuing Operation Net Minority Interest": NaN,
        "Reconciled Depreciation": NaN,
        "Reconciled Cost Of Revenue": NaN,
        "EBITDA": NaN,
        "EBIT": NaN,
        "Net Interest Income": NaN,
        "Normalized Income": NaN,
        "Net Income From Continuing And Discontinued Operation": NaN,
        "Total Expenses": NaN,
        "Total Operating Income As Reported": NaN,
        "Diluted Average Shares": NaN,
        "Basic Average Shares": NaN,
        "Diluted EPS": NaN,
        "Basic EPS": NaN,
        "Diluted NI Availto Com Stockholders": NaN,
        "Net Income Common Stockholders": NaN,
        "Net Income": NaN,
        "Net Income Including Noncontrolling Interests": NaN,
        "Net Income Continuous Operations": NaN,
        "Tax Provision": NaN,
        "Pretax Income": NaN,
        "Other Income Expense": NaN,
        "Other Non Operating Income Expenses": NaN,
        "Special Income Charges": NaN,
        "Restructuring And Mergern Acquisition": NaN,
        "Earnings From Equity Interest": NaN,
        "Gain On Sale Of Security": -1888000.0,
        "Net Non Operating Interest Income Expense": NaN,
        "Total Other Finance Cost": NaN,
        "Operating Income": NaN,
        "Operating Expense": NaN,
        "Depreciation Amortization Depletion Income Statement": NaN,
        "Depreciation And Amortization In Income Statement": NaN,
        "Amortization": NaN,
        "Amortization Of Intangibles Income Statement": NaN,
        "Research And Development": NaN,
        "Selling General And Administration": NaN,
        "Gross Profit": NaN,
        "Cost Of Revenue": NaN,
        "Total Revenue": NaN,
        "Operating Revenue": NaN
    },
    "2024-03-31": {
        "Tax Effect Of Unusual Items": NaN,
        "Tax Rate For Calcs": NaN,
        "Normalized EBITDA": NaN,
        "Total Unusual Items": NaN,
        "Total Unusual Items Excluding Goodwill": NaN,
        "Net Income From Continuing Operation Net Minority Interest": NaN,
        "Reconciled Depreciation": NaN,
        "Reconciled Cost Of Revenue": NaN,
        "EBITDA": NaN,
        "EBIT": NaN,
        "Net Interest Income": NaN,
        "Normalized Income": NaN,
        "Net Income From Continuing And Discontinued Operation": NaN,
        "Total Expenses": NaN,
        "Total Operating Income As Reported": NaN,
        "Diluted Average Shares": NaN,
        "Basic Average Shares": NaN,
        "Diluted EPS": NaN,
        "Basic EPS": NaN,
        "Diluted NI Availto Com Stockholders": NaN,
        "Net Income Common Stockholders": NaN,
        "Net Income": NaN,
        "Net Income Including Noncontrolling Interests": NaN,
        "Net Income Continuous Operations": NaN,
        "Tax Provision": NaN,
        "Pretax Income": NaN,
        "Other Income Expense": NaN,
        "Other Non Operating Income Expenses": NaN,
        "Special Income Charges": 0.0,
        "Restructuring And Mergern Acquisition": 0.0,
        "Earnings From Equity Interest": NaN,
        "Gain On Sale Of Security": NaN,
        "Net Non Operating Interest Income Expense": NaN,
        "Total Other Finance Cost": 11026000.0,
        "Operating Income": NaN,
        "Operating Expense": NaN,
        "Depreciation Amortization Depletion Income Statement": NaN,
        "Depreciation And Amortization In Income Statement": NaN,
        "Amortization": NaN,
        "Amortization Of Intangibles Income Statement": NaN,
        "Research And Development": NaN,
        "Selling General And Administration": NaN,
        "Gross Profit": NaN,
        "Cost Of Revenue": NaN,
        "Total Revenue": NaN,
        "Operating Revenue": NaN
    },
    "2024-06-30": {
        "Tax Effect Of Unusual Items": NaN,
        "Tax Rate For Calcs": NaN,
        "Normalized EBITDA": NaN,
        "Total Unusual Items": NaN,
        "Total Unusual Items Excluding Goodwill": NaN,
        "Net Income From Continuing Operation Net Minority Interest": NaN,
        "Reconciled Depreciation": NaN,
        "Reconciled Cost Of Revenue": NaN,
        "EBITDA": NaN,
        "EBIT": NaN,
        "Net Interest Income": NaN,
        "Normalized Income": NaN,
        "Net Income From Continuing And Discontinued Operation": NaN,
        "Total Expenses": NaN,
        "Total Operating Income As Reported": NaN,
        "Diluted Average Shares": NaN,
        "Basic Average Shares": NaN,
        "Diluted EPS": NaN,
        "Basic EPS": NaN,
        "Diluted NI Availto Com Stockholders": NaN,
        "Net Income Common Stockholders": NaN,
        "Net Income": NaN,
        "Net Income Including Noncontrolling Interests": NaN,
        "Net Income Continuous Operations": NaN,
        "Tax Provision": NaN,
        "Pretax Income": NaN,
        "Other Income Expense": NaN,
        "Other Non Operating Income Expenses": NaN,
        "Special Income Charges": 0.0,
        "Restructuring And Mergern Acquisition": 0.0,
        "Earnings From Equity Interest": NaN,
        "Gain On Sale Of Security": NaN,
        "Net Non Operating Interest Income Expense": NaN,
        "Total Other Finance Cost": NaN,
        "Operating Income": NaN,
        "Operating Expense": NaN,
        "Depreciation Amortization Depletion Income Statement": NaN,
        "Depreciation And Amortization In Income Statement": NaN,
        "Amortization": NaN,
        "Amortization Of Intangibles Income Statement": NaN,
        "Research And Development": NaN,
        "Selling General And Administration": NaN,
        "Gross Profit": NaN,
        "Cost Of Revenue": NaN,
        "Total Revenue": NaN,
        "Operating Revenue": NaN
    },
    "2024-09-30": {
        "Tax Effect Of Unusual Items": NaN,
        "Tax Rate For Calcs": NaN,
        "Normalized EBITDA": NaN,
        "Total Unusual Items": NaN,
        "Total Unusual Items Excluding Goodwill": NaN,
        "Net Income From Continuing Operation Net Minority Interest": NaN,
        "Reconciled Depreciation": NaN,
        "Reconciled Cost Of Revenue": NaN,
        "EBITDA": NaN,
        "EBIT": NaN,
        "Net Interest Income": NaN,
        "Normalized Income": NaN,
        "Net Income From Continuing And Discontinued Operation": NaN,
        "Total Expenses": NaN,
        "Total Operating Income As Reported": NaN,
        "Diluted Average Shares": NaN,
        "Basic Average Shares": NaN,
        "Diluted EPS": NaN,
        "Basic EPS": NaN,
        "Diluted NI Availto Com Stockholders": NaN,
        "Net Income Common Stockholders": NaN,
        "Net Income": NaN,
        "Net Income Including Noncontrolling Interests": NaN,
        "Net Income Continuous Operations": NaN,
        "Tax Provision": NaN,
        "Pretax Income": NaN,
        "Other Income Expense": NaN,
        "Other Non Operating Income Expenses": NaN,
        "Special Income Charges": NaN,
        "Restructuring And Mergern Acquisition": NaN,
        "Earnings From Equity Interest": NaN,
        "Gain On Sale Of Security": -680000.0,
        "Net Non Operating Interest Income Expense": NaN,
        "Total Other Finance Cost": NaN,
        "Operating Income": NaN,
        "Operating Expense": NaN,
        "Depreciation Amortization Depletion Income Statement": NaN,
        "Depreciation And Amortization In Income Statement": NaN,
        "Amortization": NaN,
        "Amortization Of Intangibles Income Statement": NaN,
        "Research And Development": NaN,
        "Selling General And Administration": NaN,
        "Gross Profit": NaN,
        "Cost Of Revenue": NaN,
        "Total Revenue": NaN,
        "Operating Revenue": NaN
    },
    "2024-12-31": {
        "Tax Effect Of Unusual Items": 0.0,
        "Tax Rate For Calcs": 0.176,
        "Normalized EBITDA": 473145000.0,
        "Total Unusual Items": 0.0,
        "Total Unusual Items Excluding Goodwill": 0.0,
        "Net Income From Continuing Operation Net Minority Interest": 344622000.0,
        "Reconciled Depreciation": 55902000.0,
        "Reconciled Cost Of Revenue": 485959000.0,
        "EBITDA": 473145000.0,
        "EBIT": 417243000.0,
        "Net Interest Income": -775000.0,
        "Normalized Income": 344622000.0,
        "Net Income From Continuing And Discontinued Operation": 344622000.0,
        "Total Expenses": 864846000.0,
        "Total Operating Income As Reported": 417243000.0,
        "Diluted Average Shares": 147481000.0,
        "Basic Average Shares": 146810000.0,
        "Diluted EPS": 2.34,
        "Basic EPS": 2.35,
        "Diluted NI Availto Com Stockholders": 344622000.0,
        "Net Income Common Stockholders": 344622000.0,
        "Net Income": 344622000.0,
        "Net Income Including Noncontrolling Interests": 344622000.0,
        "Net Income Continuous Operations": 344622000.0,
        "Tax Provision": 73700000.0,
        "Pretax Income": 418322000.0,
        "Other Income Expense": 1854000.0,
        "Other Non Operating Income Expenses": 2216000.0,
        "Special Income Charges": 0.0,
        "Restructuring And Mergern Acquisition": 0.0,
        "Earnings From Equity Interest": -362000.0,
        "Gain On Sale Of Security": -1439000.0,
        "Net Non Operating Interest Income Expense": -775000.0,
        "Total Other Finance Cost": 775000.0,
        "Operating Income": 417243000.0,
        "Operating Expense": 334032000.0,
        "Depreciation Amortization Depletion Income Statement": 11047000.0,
        "Depreciation And Amortization In Income Statement": 11047000.0,
        "Amortization": 11047000.0,
        "Amortization Of Intangibles Income Statement": 11047000.0,
        "Research And Development": 81372000.0,
        "Selling General And Administration": 241613000.0,
        "Gross Profit": 751275000.0,
        "Cost Of Revenue": 530814000.0,
        "Total Revenue": 1282089000.0,
        "Operating Revenue": 1282089000.0
    },
    "2025-03-31": {
        "Tax Effect Of Unusual Items": 0.0,
        "Tax Rate For Calcs": 0.126,
        "Normalized EBITDA": 478179000.0,
        "Total Unusual Items": 0.0,
        "Total Unusual Items Excluding Goodwill": 0.0,
        "Net Income From Continuing Operation Net Minority Interest": 365041000.0,
        "Reconciled Depreciation": 51911000.0,
        "Reconciled Cost Of Revenue": 484311000.0,
        "EBITDA": 478179000.0,
        "EBIT": 426268000.0,
        "Net Interest Income": 793000.0,
        "Normalized Income": 365041000.0,
        "Net Income From Continuing And Discontinued Operation": 365041000.0,
        "Total Expenses": 865468000.0,
        "Total Operating Income As Reported": 426268000.0,
        "Diluted Average Shares": 147220000.0,
        "Basic Average Shares": 146719000.0,
        "Diluted EPS": 2.48,
        "Basic EPS": 2.49,
        "Diluted NI Availto Com Stockholders": 365041000.0,
        "Net Income Common Stockholders": 365041000.0,
        "Net Income": 365041000.0,
        "Net Income Including Noncontrolling Interests": 365041000.0,
        "Net Income Continuous Operations": 365041000.0,
        "Tax Provision": 52652000.0,
        "Pretax Income": 417693000.0,
        "Other Income Expense": -9368000.0,
        "Other Non Operating Income Expenses": -4056000.0,
        "Special Income Charges": 0.0,
        "Restructuring And Mergern Acquisition": 0.0,
        "Earnings From Equity Interest": -5312000.0,
        "Gain On Sale Of Security": NaN,
        "Net Non Operating Interest Income Expense": 793000.0,
        "Total Other Finance Cost": -793000.0,
        "Operating Income": 426268000.0,
        "Operating Expense": 340141000.0,
        "Depreciation Amortization Depletion Income Statement": 10895000.0,
        "Depreciation And Amortization In Income Statement": 10895000.0,
        "Amortization": 10895000.0,
        "Amortization Of Intangibles Income Statement": 10895000.0,
        "Research And Development": 83944000.0,
        "Selling General And Administration": 245302000.0,
        "Gross Profit": 766409000.0,
        "Cost Of Revenue": 525327000.0,
        "Total Revenue": 1291736000.0,
        "Operating Revenue": 1291736000.0
    },
    "2025-06-30": {
        "Tax Effect Of Unusual Items": -347393.834338,
        "Tax Rate For Calcs": 0.171046,
        "Normalized EBITDA": 532890000.0,
        "Total Unusual Items": -2031000.0,
        "Total Unusual Items Excluding Goodwill": -2031000.0,
        "Net Income From Continuing Operation Net Minority Interest": 379705000.0,
        "Reconciled Depreciation": 74288000.0,
        "Reconciled Cost Of Revenue": 465565000.0,
        "EBITDA": 530859000.0,
        "EBIT": 456571000.0,
        "Net Interest Income": 5757000.0,
        "Normalized Income": 381388606.165662,
        "Net Income From Continuing And Discontinued Operation": 379705000.0,
        "Total Expenses": 891422000.0,
        "Total Operating Income As Reported": 454540000.0,
        "Diluted Average Shares": 147037000.0,
        "Basic Average Shares": 146472000.0,
        "Diluted EPS": 2.58,
        "Basic EPS": 2.59,
        "Diluted NI Availto Com Stockholders": 379705000.0,
        "Net Income Common Stockholders": 379705000.0,
        "Net Income": 379705000.0,
        "Net Income Including Noncontrolling Interests": 379705000.0,
        "Net Income Continuous Operations": 379705000.0,
        "Tax Provision": 78348000.0,
        "Pretax Income": 458053000.0,
        "Other Income Expense": -4275000.0,
        "Other Non Operating Income Expenses": -979000.0,
        "Special Income Charges": -2031000.0,
        "Restructuring And Mergern Acquisition": 2031000.0,
        "Earnings From Equity Interest": -1265000.0,
        "Gain On Sale Of Security": NaN,
        "Net Non Operating Interest Income Expense": 5757000.0,
        "Total Other Finance Cost": -5757000.0,
        "Operating Income": 456571000.0,
        "Operating Expense": 363497000.0,
        "Depreciation Amortization Depletion Income Statement": 11928000.0,
        "Depreciation And Amortization In Income Statement": 11928000.0,
        "Amortization": 11928000.0,
        "Amortization Of Intangibles Income Statement": 11928000.0,
        "Research And Development": 86444000.0,
        "Selling General And Administration": 265125000.0,
        "Gross Profit": 820068000.0,
        "Cost Of Revenue": 527925000.0,
        "Total Revenue": 1347993000.0,
        "Operating Revenue": 1347993000.0
    },
    "2025-09-30": {
        "Tax Effect Of Unusual Items": -3478200.0,
        "Tax Rate For Calcs": 0.22,
        "Normalized EBITDA": 535826000.0,
        "Total Unusual Items": -15810000.0,
        "Total Unusual Items Excluding Goodwill": -15810000.0,
        "Net Income From Continuing Operation Net Minority Interest": 348536000.0,
        "Reconciled Depreciation": 57669000.0,
        "Reconciled Cost Of Revenue": 469049000.0,
        "EBITDA": 520016000.0,
        "EBIT": 462347000.0,
        "Net Interest Income": 8793000.0,
        "Normalized Income": 360867800.0,
        "Net Income From Continuing And Discontinued Operation": 348536000.0,
        "Total Expenses": 873235000.0,
        "Total Operating Income As Reported": 446537000.0,
        "Diluted Average Shares": 146899000.0,
        "Basic Average Shares": 146182000.0,
        "Diluted EPS": 2.37,
        "Basic EPS": 2.38,
        "Diluted NI Availto Com Stockholders": 348536000.0,
        "Net Income Common Stockholders": 348536000.0,
        "Net Income": 348536000.0,
        "Net Income Including Noncontrolling Interests": 348536000.0,
        "Net Income Continuous Operations": 348536000.0,
        "Tax Provision": 98257000.0,
        "Pretax Income": 446793000.0,
        "Other Income Expense": -24347000.0,
        "Other Non Operating Income Expenses": -3836000.0,
        "Special Income Charges": -15810000.0,
        "Restructuring And Mergern Acquisition": 15810000.0,
        "Earnings From Equity Interest": -4701000.0,
        "Gain On Sale Of Security": NaN,
        "Net Non Operating Interest Income Expense": 8793000.0,
        "Total Other Finance Cost": -8793000.0,
        "Operating Income": 462347000.0,
        "Operating Expense": 358473000.0,
        "Depreciation Amortization Depletion Income Statement": 11956000.0,
        "Depreciation And Amortization In Income Statement": 11956000.0,
        "Amortization": 11956000.0,
        "Amortization Of Intangibles Income Statement": 11956000.0,
        "Research And Development": 87323000.0,
        "Selling General And Administration": 259194000.0,
        "Gross Profit": 820820000.0,
        "Cost Of Revenue": 514762000.0,
        "Total Revenue": 1335582000.0,
        "Operating Revenue": 1335582000.0
    },
    "2025-12-31": {
        "Tax Effect Of Unusual Items": -1240415.0,
        "Tax Rate For Calcs": 0.209,
        "Normalized EBITDA": 565860000.0,
        "Total Unusual Items": -5935000.0,
        "Total Unusual Items Excluding Goodwill": -5935000.0,
        "Net Income From Continuing Operation Net Minority Interest": 392593000.0,
        "Reconciled Depreciation": 62330000.0,
        "Reconciled Cost Of Revenue": 493518000.0,
        "EBITDA": 559925000.0,
        "EBIT": 497595000.0,
        "Net Interest Income": 7949000.0,
        "Normalized Income": 397287585.0,
        "Net Income From Continuing And Discontinued Operation": 392593000.0,
        "Total Expenses": 925213000.0,
        "Total Operating Income As Reported": 491660000.0,
        "Diluted Average Shares": 146372000.0,
        "Basic Average Shares": 145842000.0,
        "Diluted EPS": 2.68,
        "Basic EPS": 2.69,
        "Diluted NI Availto Com Stockholders": 392593000.0,
        "Net Income Common Stockholders": 392593000.0,
        "Net Income": 392593000.0,
        "Net Income Including Noncontrolling Interests": 392593000.0,
        "Net Income Continuous Operations": 392593000.0,
        "Tax Provision": 103555000.0,
        "Pretax Income": 496148000.0,
        "Other Income Expense": -9396000.0,
        "Other Non Operating Income Expenses": -5282000.0,
        "Special Income Charges": -5935000.0,
        "Restructuring And Mergern Acquisition": 5935000.0,
        "Earnings From Equity Interest": 1821000.0,
        "Gain On Sale Of Security": NaN,
        "Net Non Operating Interest Income Expense": 7949000.0,
        "Total Other Finance Cost": -7949000.0,
        "Operating Income": 497595000.0,
        "Operating Expense": 381129000.0,
        "Depreciation Amortization Depletion Income Statement": 11764000.0,
        "Depreciation And Amortization In Income Statement": 11764000.0,
        "Amortization": 11764000.0,
        "Amortization Of Intangibles Income Statement": 11764000.0,
        "Research And Development": 90969000.0,
        "Selling General And Administration": 278396000.0,
        "Gross Profit": 878724000.0,
        "Cost Of Revenue": 544084000.0,
        "Total Revenue": 1422808000.0,
        "Operating Revenue": 1422808000.0
    }
}