{
    "2023-03-31": {
        "Tax Effect Of Unusual Items": NaN,
        "Tax Rate For Calcs": NaN,
        "Normalized EBITDA": NaN,
        "Total Unusual Items": NaN,
        "Total Unusual Items Excluding Goodwill": NaN,
        "Net Income From Continuing Operation Net Minority Interest": NaN,
        "Reconciled Depreciation": NaN,
        "Reconciled Cost Of Revenue": NaN,
        "EBITDA": NaN,
        "EBIT": NaN,
        "Net Interest Income": NaN,
        "Interest Expense": NaN,
        "Normalized Income": NaN,
        "Net Income From Continuing And Discontinued Operation": NaN,
        "Total Expenses": NaN,
        "Total Operating Income As Reported": NaN,
        "Diluted Average Shares": 89061000.0,
        "Basic Average Shares": 88690000.0,
        "Diluted EPS": 0.06,
        "Basic EPS": 0.06,
        "Diluted NI Availto Com Stockholders": NaN,
        "Net Income Common Stockholders": NaN,
        "Net Income": NaN,
        "Net Income Including Noncontrolling Interests": NaN,
        "Net Income Continuous Operations": NaN,
        "Tax Provision": NaN,
        "Pretax Income": NaN,
        "Other Income Expense": NaN,
        "Other Non Operating Income Expenses": NaN,
        "Special Income Charges": NaN,
        "Other Special Charges": NaN,
        "Restructuring And Mergern Acquisition": NaN,
        "Net Non Operating Interest Income Expense": NaN,
        "Interest Expense Non Operating": NaN,
        "Operating Income": NaN,
        "Operating Expense": NaN,
        "Selling General And Administration": NaN,
        "Selling And Marketing Expense": NaN,
        "General And Administrative Expense": NaN,
        "Other Gand A": NaN,
        "Insurance And Claims": NaN,
        "Gross Profit": NaN,
        "Cost Of Revenue": NaN,
        "Total Revenue": NaN,
        "Operating Revenue": NaN
    },
    "2022-12-31": {
        "Tax Effect Of Unusual Items": NaN,
        "Tax Rate For Calcs": NaN,
        "Normalized EBITDA": NaN,
        "Total Unusual Items": NaN,
        "Total Unusual Items Excluding Goodwill": NaN,
        "Net Income From Continuing Operation Net Minority Interest": NaN,
        "Reconciled Depreciation": NaN,
        "Reconciled Cost Of Revenue": NaN,
        "EBITDA": NaN,
        "EBIT": NaN,
        "Net Interest Income": NaN,
        "Interest Expense": NaN,
        "Normalized Income": NaN,
        "Net Income From Continuing And Discontinued Operation": NaN,
        "Total Expenses": NaN,
        "Total Operating Income As Reported": NaN,
        "Diluted Average Shares": NaN,
        "Basic Average Shares": NaN,
        "Diluted EPS": NaN,
        "Basic EPS": NaN,
        "Diluted NI Availto Com Stockholders": NaN,
        "Net Income Common Stockholders": NaN,
        "Otherunder Preferred Stock Dividend": 0.0,
        "Net Income": NaN,
        "Net Income Including Noncontrolling Interests": NaN,
        "Net Income Continuous Operations": NaN,
        "Tax Provision": NaN,
        "Pretax Income": NaN,
        "Other Income Expense": NaN,
        "Other Non Operating Income Expenses": NaN,
        "Special Income Charges": NaN,
        "Other Special Charges": NaN,
        "Impairment Of Capital Assets": 3013000.0,
        "Restructuring And Mergern Acquisition": NaN,
        "Net Non Operating Interest Income Expense": NaN,
        "Interest Expense Non Operating": NaN,
        "Operating Income": NaN,
        "Operating Expense": NaN,
        "Selling General And Administration": NaN,
        "Selling And Marketing Expense": NaN,
        "General And Administrative Expense": NaN,
        "Other Gand A": NaN,
        "Insurance And Claims": NaN,
        "Gross Profit": NaN,
        "Cost Of Revenue": NaN,
        "Total Revenue": NaN,
        "Operating Revenue": NaN
    },
    "2022-09-30": {
        "Tax Effect Of Unusual Items": NaN,
        "Tax Rate For Calcs": NaN,
        "Normalized EBITDA": NaN,
        "Total Unusual Items": NaN,
        "Total Unusual Items Excluding Goodwill": NaN,
        "Net Income From Continuing Operation Net Minority Interest": NaN,
        "Reconciled Depreciation": NaN,
        "Reconciled Cost Of Revenue": NaN,
        "EBITDA": NaN,
        "EBIT": NaN,
        "Net Interest Income": NaN,
        "Interest Expense": NaN,
        "Normalized Income": NaN,
        "Net Income From Continuing And Discontinued Operation": NaN,
        "Total Expenses": NaN,
        "Total Operating Income As Reported": NaN,
        "Diluted Average Shares": NaN,
        "Basic Average Shares": NaN,
        "Diluted EPS": NaN,
        "Basic EPS": NaN,
        "Diluted NI Availto Com Stockholders": NaN,
        "Net Income Common Stockholders": NaN,
        "Otherunder Preferred Stock Dividend": 0.0,
        "Net Income": NaN,
        "Net Income Including Noncontrolling Interests": NaN,
        "Net Income Continuous Operations": NaN,
        "Tax Provision": NaN,
        "Pretax Income": NaN,
        "Other Income Expense": NaN,
        "Other Non Operating Income Expenses": NaN,
        "Special Income Charges": NaN,
        "Other Special Charges": NaN,
        "Impairment Of Capital Assets": 0.0,
        "Restructuring And Mergern Acquisition": NaN,
        "Net Non Operating Interest Income Expense": NaN,
        "Interest Expense Non Operating": NaN,
        "Operating Income": NaN,
        "Operating Expense": NaN,
        "Selling General And Administration": NaN,
        "Selling And Marketing Expense": NaN,
        "General And Administrative Expense": NaN,
        "Other Gand A": NaN,
        "Insurance And Claims": 92000.0,
        "Gross Profit": NaN,
        "Cost Of Revenue": NaN,
        "Total Revenue": NaN,
        "Operating Revenue": NaN
    },
    "2022-06-30": {
        "Tax Effect Of Unusual Items": -1240400.0,
        "Tax Rate For Calcs": 0.4,
        "Normalized EBITDA": 9235000.0,
        "Total Unusual Items": -3101000.0,
        "Total Unusual Items Excluding Goodwill": -3101000.0,
        "Net Income From Continuing Operation Net Minority Interest": 110000.0,
        "Reconciled Depreciation": 2023000.0,
        "Reconciled Cost Of Revenue": 37344000.0,
        "EBITDA": 6134000.0,
        "EBIT": 4111000.0,
        "Net Interest Income": -999000.0,
        "Interest Expense": 999000.0,
        "Normalized Income": 1970600.0,
        "Net Income From Continuing And Discontinued Operation": 110000.0,
        "Total Expenses": 92411000.0,
        "Total Operating Income As Reported": 5688000.0,
        "Diluted Average Shares": 89339000.0,
        "Basic Average Shares": 87225000.0,
        "Diluted EPS": 0.001231,
        "Basic EPS": 0.001261,
        "Diluted NI Availto Com Stockholders": 110000.0,
        "Net Income Common Stockholders": 110000.0,
        "Otherunder Preferred Stock Dividend": 0.0,
        "Net Income": 110000.0,
        "Net Income Including Noncontrolling Interests": 110000.0,
        "Net Income Continuous Operations": 110000.0,
        "Tax Provision": 3002000.0,
        "Pretax Income": 3112000.0,
        "Other Income Expense": -4678000.0,
        "Other Non Operating Income Expenses": -1577000.0,
        "Special Income Charges": -3101000.0,
        "Other Special Charges": 3101000.0,
        "Impairment Of Capital Assets": 0.0,
        "Restructuring And Mergern Acquisition": NaN,
        "Net Non Operating Interest Income Expense": -999000.0,
        "Interest Expense Non Operating": 999000.0,
        "Operating Income": 8789000.0,
        "Operating Expense": 55067000.0,
        "Selling General And Administration": 55067000.0,
        "Selling And Marketing Expense": 36205000.0,
        "General And Administrative Expense": 18862000.0,
        "Other Gand A": 18862000.0,
        "Gross Profit": 63856000.0,
        "Cost Of Revenue": 37344000.0,
        "Total Revenue": 101200000.0,
        "Operating Revenue": 101200000.0
    },
    "2023-06-30": {
        "Tax Effect Of Unusual Items": NaN,
        "Tax Rate For Calcs": NaN,
        "Normalized EBITDA": NaN,
        "Total Unusual Items": NaN,
        "Total Unusual Items Excluding Goodwill": NaN,
        "Net Income From Continuing Operation Net Minority Interest": NaN,
        "Reconciled Depreciation": NaN,
        "Reconciled Cost Of Revenue": NaN,
        "EBITDA": NaN,
        "EBIT": NaN,
        "Net Interest Income": NaN,
        "Interest Expense": NaN,
        "Normalized Income": NaN,
        "Net Income From Continuing And Discontinued Operation": NaN,
        "Total Expenses": NaN,
        "Total Operating Income As Reported": NaN,
        "Diluted Average Shares": 89274000.0,
        "Basic Average Shares": 88903000.0,
        "Diluted EPS": 0.05,
        "Basic EPS": 0.05,
        "Diluted NI Availto Com Stockholders": NaN,
        "Net Income Common Stockholders": NaN,
        "Net Income": NaN,
        "Net Income Including Noncontrolling Interests": NaN,
        "Net Income Continuous Operations": NaN,
        "Tax Provision": NaN,
        "Pretax Income": NaN,
        "Other Income Expense": NaN,
        "Other Non Operating Income Expenses": NaN,
        "Special Income Charges": NaN,
        "Other Special Charges": NaN,
        "Restructuring And Mergern Acquisition": NaN,
        "Net Non Operating Interest Income Expense": NaN,
        "Interest Expense Non Operating": NaN,
        "Operating Income": NaN,
        "Operating Expense": NaN,
        "Selling General And Administration": NaN,
        "Selling And Marketing Expense": NaN,
        "General And Administrative Expense": NaN,
        "Other Gand A": NaN,
        "Insurance And Claims": NaN,
        "Gross Profit": NaN,
        "Cost Of Revenue": NaN,
        "Total Revenue": NaN,
        "Operating Revenue": NaN
    },
    "2022-03-31": {
        "Diluted EPS": 0.03,
        "Total Revenue": 98,
        "Gross Profit": 61,
        "Operating Income": 6,
        "EBIT": 8,
        "Net Income": 3
    },
    "2021-12-31": {
        "Diluted EPS": 0.78,
        "Total Revenue": 99,
        "Gross Profit": 65,
        "Operating Income": 13,
        "EBIT": 15,
        "Net Income": 67
    },
    "2021-09-30": {
        "Diluted EPS": -0.08,
        "Total Revenue": 96,
        "Gross Profit": 62,
        "Operating Income": 8,
        "EBIT": 10,
        "Net Income": -7
    },
    "2021-06-30": {
        "Diluted EPS": -0.06,
        "Total Revenue": 92,
        "Gross Profit": 57,
        "Operating Income": 5,
        "EBIT": 7,
        "Net Income": -5
    },
    "2021-03-31": {
        "Diluted EPS": -0.13,
        "Total Revenue": 88,
        "Gross Profit": 54,
        "Operating Income": 2,
        "EBIT": 4,
        "Net Income": -10
    },
    "2020-12-31": {
        "Diluted EPS": -0.05,
        "Total Revenue": 88,
        "Gross Profit": 54,
        "Operating Income": 4,
        "EBIT": 7,
        "Net Income": -4
    },
    "2020-09-30": {
        "Diluted EPS": -0.04,
        "Total Revenue": 83,
        "Gross Profit": 51,
        "Operating Income": 5,
        "EBIT": 7,
        "Net Income": -3
    },
    "2020-06-30": {
        "Diluted EPS": -0.06,
        "Total Revenue": 78,
        "Gross Profit": 48,
        "Operating Income": 5,
        "EBIT": 7,
        "Net Income": -4
    },
    "2020-03-31": {
        "Diluted EPS": -0.06,
        "Total Revenue": 78,
        "Gross Profit": 48,
        "Operating Income": 4,
        "EBIT": 6,
        "Net Income": -4
    },
    "2019-12-31": {
        "Diluted EPS": -0.03,
        "Total Revenue": 76,
        "Gross Profit": 46,
        "Operating Income": 2,
        "EBIT": 2,
        "Net Income": -2
    },
    "2019-09-30": {
        "Diluted EPS": -0.08,
        "Total Revenue": 69,
        "Gross Profit": 43,
        "Operating Income": 2,
        "EBIT": 3,
        "Net Income": -5
    },
    "2019-06-30": {
        "Diluted EPS": -0.0,
        "Total Revenue": 70,
        "Gross Profit": 45,
        "Operating Income": 7,
        "EBIT": 8,
        "Net Income": 0
    },
    "2019-03-31": {
        "Diluted EPS": 0.05,
        "Total Revenue": 66,
        "Gross Profit": 42,
        "Operating Income": 11,
        "EBIT": 12,
        "Net Income": 3
    },
    "2018-12-31": {
        "Diluted EPS": 0.01,
        "Total Revenue": 68,
        "Gross Profit": 44,
        "Operating Income": 8,
        "EBIT": 8,
        "Net Income": 0
    },
    "2018-09-30": {
        "Diluted EPS": -0.85,
        "Total Revenue": 63,
        "Gross Profit": 40,
        "Operating Income": 3,
        "EBIT": 4,
        "Net Income": -53
    },
    "2018-06-30": {
        "Diluted EPS": -0.43,
        "Total Revenue": 63,
        "Gross Profit": 37,
        "Operating Income": -6,
        "EBIT": 0,
        "Net Income": -25
    },
    "2018-03-31": {
        "Diluted EPS": 0.05,
        "Total Revenue": 60,
        "Gross Profit": 36,
        "Operating Income": 25,
        "EBIT": 32,
        "Net Income": 4
    },
    "2017-12-31": {
        "Diluted EPS": 0.46,
        "Total Revenue": 60,
        "Gross Profit": 35,
        "Operating Income": 8,
        "EBIT": 14,
        "Net Income": -1
    },
    "2017-09-30": {
        "Diluted EPS": -0.37,
        "Total Revenue": 54,
        "Gross Profit": 34,
        "Operating Income": 7,
        "EBIT": 14,
        "Net Income": -9
    },
    "2017-06-30": {
        "Diluted EPS": -1.05,
        "Total Revenue": 52,
        "Gross Profit": 33,
        "Operating Income": 7,
        "EBIT": 15,
        "Net Income": -26
    },
    "2017-03-31": {
        "Diluted EPS": -0.59,
        "Total Revenue": 49,
        "Gross Profit": 31,
        "Operating Income": 3,
        "EBIT": 9,
        "Net Income": -14
    },
    "2016-12-31": {
        "Diluted EPS": -0.6,
        "Total Revenue": NaN,
        "Gross Profit": NaN,
        "Operating Income": -144,
        "EBIT": -144,
        "Net Income": -21
    },
    "2016-09-30": {
        "Diluted EPS": -0.06,
        "Total Revenue": NaN,
        "Gross Profit": NaN,
        "Operating Income": 0,
        "EBIT": 0,
        "Net Income": 0
    },
    "2016-06-30": {
        "Diluted EPS": -0.14,
        "Total Revenue": NaN,
        "Gross Profit": NaN,
        "Operating Income": -1,
        "EBIT": -1,
        "Net Income": -1
    },
    "2016-03-31": {
        "Diluted EPS": -0.15,
        "Total Revenue": NaN,
        "Gross Profit": NaN,
        "Operating Income": -1,
        "EBIT": -1,
        "Net Income": -1
    },
    "2015-12-31": {
        "Diluted EPS": -1.86,
        "Total Revenue": NaN,
        "Gross Profit": NaN,
        "Operating Income": -160,
        "EBIT": -160,
        "Net Income": -45
    },
    "2015-09-30": {
        "Diluted EPS": -0.01,
        "Total Revenue": NaN,
        "Gross Profit": NaN,
        "Operating Income": 0,
        "EBIT": 0,
        "Net Income": 0
    },
    "2015-06-30": {
        "Diluted EPS": 0.0,
        "Total Revenue": NaN,
        "Gross Profit": NaN,
        "Operating Income": 0,
        "EBIT": 0,
        "Net Income": 0
    },
    "2015-03-31": {
        "Diluted EPS": 0.0,
        "Total Revenue": NaN,
        "Gross Profit": NaN,
        "Operating Income": 0,
        "EBIT": 0,
        "Net Income": 0
    },
    "2023-09-30": {
        "Tax Effect Of Unusual Items": NaN,
        "Tax Rate For Calcs": NaN,
        "Normalized EBITDA": NaN,
        "Total Unusual Items": NaN,
        "Total Unusual Items Excluding Goodwill": NaN,
        "Net Income From Continuing Operation Net Minority Interest": NaN,
        "Reconciled Depreciation": NaN,
        "Reconciled Cost Of Revenue": NaN,
        "EBITDA": NaN,
        "EBIT": NaN,
        "Net Interest Income": NaN,
        "Interest Expense": NaN,
        "Normalized Income": NaN,
        "Net Income From Continuing And Discontinued Operation": NaN,
        "Total Expenses": NaN,
        "Total Operating Income As Reported": NaN,
        "Diluted Average Shares": NaN,
        "Basic Average Shares": NaN,
        "Diluted EPS": NaN,
        "Basic EPS": NaN,
        "Diluted NI Availto Com Stockholders": NaN,
        "Net Income Common Stockholders": NaN,
        "Net Income": NaN,
        "Net Income Including Noncontrolling Interests": NaN,
        "Net Income Continuous Operations": NaN,
        "Tax Provision": NaN,
        "Pretax Income": NaN,
        "Other Income Expense": NaN,
        "Other Non Operating Income Expenses": NaN,
        "Special Income Charges": NaN,
        "Other Special Charges": NaN,
        "Restructuring And Mergern Acquisition": NaN,
        "Net Non Operating Interest Income Expense": NaN,
        "Interest Expense Non Operating": NaN,
        "Operating Income": NaN,
        "Operating Expense": NaN,
        "Selling General And Administration": NaN,
        "Selling And Marketing Expense": NaN,
        "General And Administrative Expense": NaN,
        "Other Gand A": NaN,
        "Insurance And Claims": 0.0,
        "Gross Profit": NaN,
        "Cost Of Revenue": NaN,
        "Total Revenue": NaN,
        "Operating Revenue": NaN
    },
    "2023-12-31": {
        "Tax Effect Of Unusual Items": -816635.426759,
        "Tax Rate For Calcs": 0.176341,
        "Normalized EBITDA": 19329000.0,
        "Total Unusual Items": -4631000.0,
        "Total Unusual Items Excluding Goodwill": -4631000.0,
        "Net Income From Continuing Operation Net Minority Interest": 9351000.0,
        "Reconciled Depreciation": 1962000.0,
        "Reconciled Cost Of Revenue": 43711000.0,
        "EBITDA": 14698000.0,
        "EBIT": 12736000.0,
        "Net Interest Income": 2318000.0,
        "Interest Expense": 1383000.0,
        "Normalized Income": 13165364.573241,
        "Net Income From Continuing And Discontinued Operation": 9351000.0,
        "Total Expenses": 96263000.0,
        "Total Operating Income As Reported": 11546000.0,
        "Diluted Average Shares": NaN,
        "Basic Average Shares": NaN,
        "Diluted EPS": NaN,
        "Basic EPS": NaN,
        "Diluted NI Availto Com Stockholders": 9351000.0,
        "Net Income Common Stockholders": 9351000.0,
        "Net Income": 9351000.0,
        "Net Income Including Noncontrolling Interests": 9351000.0,
        "Net Income Continuous Operations": 9351000.0,
        "Tax Provision": 2002000.0,
        "Pretax Income": 11353000.0,
        "Other Income Expense": -6812000.0,
        "Other Non Operating Income Expenses": -2181000.0,
        "Special Income Charges": -4301000.0,
        "Other Special Charges": 4301000.0,
        "Restructuring And Mergern Acquisition": 0.0,
        "Net Non Operating Interest Income Expense": 2318000.0,
        "Interest Expense Non Operating": 1383000.0,
        "Operating Income": 15847000.0,
        "Operating Expense": 52552000.0,
        "Selling General And Administration": 52552000.0,
        "Selling And Marketing Expense": 34983000.0,
        "General And Administrative Expense": 17569000.0,
        "Other Gand A": 17569000.0,
        "Insurance And Claims": NaN,
        "Gross Profit": 68399000.0,
        "Cost Of Revenue": 43711000.0,
        "Total Revenue": 112110000.0,
        "Operating Revenue": 112110000.0
    },
    "2024-03-31": {
        "Tax Effect Of Unusual Items": -614460.0,
        "Tax Rate For Calcs": 0.21,
        "Normalized EBITDA": 9238000.0,
        "Total Unusual Items": -2926000.0,
        "Total Unusual Items Excluding Goodwill": -2926000.0,
        "Net Income From Continuing Operation Net Minority Interest": 1317000.0,
        "Reconciled Depreciation": 1985000.0,
        "Reconciled Cost Of Revenue": 42914000.0,
        "EBITDA": 6312000.0,
        "EBIT": 4327000.0,
        "Net Interest Income": -1341000.0,
        "Interest Expense": 1341000.0,
        "Normalized Income": 3628540.0,
        "Net Income From Continuing And Discontinued Operation": 1317000.0,
        "Total Expenses": 100456000.0,
        "Total Operating Income As Reported": 3363000.0,
        "Diluted Average Shares": 90560000.0,
        "Basic Average Shares": 89754000.0,
        "Diluted EPS": 0.01,
        "Basic EPS": 0.01,
        "Diluted NI Availto Com Stockholders": 1317000.0,
        "Net Income Common Stockholders": 1317000.0,
        "Net Income": 1317000.0,
        "Net Income Including Noncontrolling Interests": 1317000.0,
        "Net Income Continuous Operations": 1317000.0,
        "Tax Provision": 1669000.0,
        "Pretax Income": 2986000.0,
        "Other Income Expense": -1962000.0,
        "Other Non Operating Income Expenses": 964000.0,
        "Special Income Charges": -2926000.0,
        "Other Special Charges": 2926000.0,
        "Restructuring And Mergern Acquisition": 0.0,
        "Net Non Operating Interest Income Expense": -1341000.0,
        "Interest Expense Non Operating": 1341000.0,
        "Operating Income": 6289000.0,
        "Operating Expense": 57542000.0,
        "Selling General And Administration": 57542000.0,
        "Selling And Marketing Expense": 39141000.0,
        "General And Administrative Expense": 18401000.0,
        "Other Gand A": 18401000.0,
        "Insurance And Claims": NaN,
        "Gross Profit": 63831000.0,
        "Cost Of Revenue": 42914000.0,
        "Total Revenue": 106745000.0,
        "Operating Revenue": 106745000.0
    },
    "2024-06-30": {
        "Tax Effect Of Unusual Items": -1010100.0,
        "Tax Rate For Calcs": 0.21,
        "Normalized EBITDA": 7497000.0,
        "Total Unusual Items": -4810000.0,
        "Total Unusual Items Excluding Goodwill": -4810000.0,
        "Net Income From Continuing Operation Net Minority Interest": -1148000.0,
        "Reconciled Depreciation": 1970000.0,
        "Reconciled Cost Of Revenue": 42180000.0,
        "EBITDA": 2687000.0,
        "EBIT": 717000.0,
        "Net Interest Income": -1483000.0,
        "Interest Expense": 1483000.0,
        "Normalized Income": 2651900.0,
        "Net Income From Continuing And Discontinued Operation": -1148000.0,
        "Total Expenses": 99088000.0,
        "Total Operating Income As Reported": -775000.0,
        "Diluted Average Shares": 90495000.0,
        "Basic Average Shares": 90495000.0,
        "Diluted EPS": -0.01,
        "Basic EPS": -0.01,
        "Diluted NI Availto Com Stockholders": -1148000.0,
        "Net Income Common Stockholders": -1148000.0,
        "Net Income": -1148000.0,
        "Net Income Including Noncontrolling Interests": -1148000.0,
        "Net Income Continuous Operations": -1148000.0,
        "Tax Provision": 382000.0,
        "Pretax Income": -766000.0,
        "Other Income Expense": -3318000.0,
        "Other Non Operating Income Expenses": 1492000.0,
        "Special Income Charges": -4810000.0,
        "Other Special Charges": 1602000.0,
        "Restructuring And Mergern Acquisition": 3208000.0,
        "Net Non Operating Interest Income Expense": -1483000.0,
        "Interest Expense Non Operating": 1483000.0,
        "Operating Income": 4035000.0,
        "Operating Expense": 56908000.0,
        "Selling General And Administration": 56908000.0,
        "Selling And Marketing Expense": 37377000.0,
        "General And Administrative Expense": 19531000.0,
        "Other Gand A": 19531000.0,
        "Insurance And Claims": NaN,
        "Gross Profit": 60943000.0,
        "Cost Of Revenue": 42180000.0,
        "Total Revenue": 103123000.0,
        "Operating Revenue": 103123000.0
    },
    "2024-09-30": {
        "Tax Effect Of Unusual Items": -10218096.0,
        "Tax Rate For Calcs": 0.168,
        "Normalized EBITDA": 12640000.0,
        "Total Unusual Items": -60822000.0,
        "Total Unusual Items Excluding Goodwill": -60822000.0,
        "Net Income From Continuing Operation Net Minority Interest": -43100000.0,
        "Reconciled Depreciation": 2054000.0,
        "Reconciled Cost Of Revenue": 41135000.0,
        "EBITDA": -48182000.0,
        "EBIT": -50236000.0,
        "Net Interest Income": -1577000.0,
        "Interest Expense": 1577000.0,
        "Normalized Income": 7503904.0,
        "Net Income From Continuing And Discontinued Operation": -43100000.0,
        "Total Expenses": 93444000.0,
        "Total Operating Income As Reported": -49594000.0,
        "Diluted Average Shares": 90776000.0,
        "Basic Average Shares": 90776000.0,
        "Diluted EPS": -0.47,
        "Basic EPS": -0.47,
        "Diluted NI Availto Com Stockholders": -43100000.0,
        "Net Income Common Stockholders": -43100000.0,
        "Net Income": -43100000.0,
        "Net Income Including Noncontrolling Interests": -43100000.0,
        "Net Income Continuous Operations": -43100000.0,
        "Tax Provision": -8713000.0,
        "Pretax Income": -51813000.0,
        "Other Income Expense": -61464000.0,
        "Other Non Operating Income Expenses": -642000.0,
        "Special Income Charges": -60822000.0,
        "Other Special Charges": 59391000.0,
        "Restructuring And Mergern Acquisition": 1431000.0,
        "Net Non Operating Interest Income Expense": -1577000.0,
        "Interest Expense Non Operating": 1577000.0,
        "Operating Income": 11228000.0,
        "Operating Expense": 52309000.0,
        "Selling General And Administration": 52309000.0,
        "Selling And Marketing Expense": 35781000.0,
        "General And Administrative Expense": 16528000.0,
        "Other Gand A": 16528000.0,
        "Insurance And Claims": NaN,
        "Gross Profit": 63537000.0,
        "Cost Of Revenue": 41135000.0,
        "Total Revenue": 104672000.0,
        "Operating Revenue": 104672000.0
    },
    "2024-12-31": {
        "Tax Effect Of Unusual Items": -628740.0,
        "Tax Rate For Calcs": 0.21,
        "Normalized EBITDA": 20001000.0,
        "Total Unusual Items": -2994000.0,
        "Total Unusual Items Excluding Goodwill": -2994000.0,
        "Net Income From Continuing Operation Net Minority Interest": 6659000.0,
        "Reconciled Depreciation": 2153000.0,
        "Reconciled Cost Of Revenue": 41501000.0,
        "EBITDA": 17007000.0,
        "EBIT": 14854000.0,
        "Net Interest Income": 1689000.0,
        "Interest Expense": 1904000.0,
        "Normalized Income": 9024260.0,
        "Net Income From Continuing And Discontinued Operation": 6659000.0,
        "Total Expenses": 97562000.0,
        "Total Operating Income As Reported": 14878000.0,
        "Diluted Average Shares": 91493000.0,
        "Basic Average Shares": 90979000.0,
        "Diluted EPS": 0.07,
        "Basic EPS": 0.07,
        "Diluted NI Availto Com Stockholders": 6659000.0,
        "Net Income Common Stockholders": 6659000.0,
        "Net Income": 6659000.0,
        "Net Income Including Noncontrolling Interests": 6659000.0,
        "Net Income Continuous Operations": 6659000.0,
        "Tax Provision": 6291000.0,
        "Pretax Income": 12950000.0,
        "Other Income Expense": -5390000.0,
        "Other Non Operating Income Expenses": -2396000.0,
        "Special Income Charges": -1773000.0,
        "Other Special Charges": 675000.0,
        "Restructuring And Mergern Acquisition": 1098000.0,
        "Net Non Operating Interest Income Expense": 1689000.0,
        "Interest Expense Non Operating": 1904000.0,
        "Operating Income": 16651000.0,
        "Operating Expense": 56061000.0,
        "Selling General And Administration": 56061000.0,
        "Selling And Marketing Expense": 37437000.0,
        "General And Administrative Expense": 18624000.0,
        "Other Gand A": 18624000.0,
        "Insurance And Claims": NaN,
        "Gross Profit": 72712000.0,
        "Cost Of Revenue": 41501000.0,
        "Total Revenue": 114213000.0,
        "Operating Revenue": 114213000.0
    },
    "2025-03-31": {
        "Tax Effect Of Unusual Items": -954800.0,
        "Tax Rate For Calcs": 0.4,
        "Normalized EBITDA": 13792000.0,
        "Total Unusual Items": -2387000.0,
        "Total Unusual Items Excluding Goodwill": -2387000.0,
        "Net Income From Continuing Operation Net Minority Interest": 3350000.0,
        "Reconciled Depreciation": 2121000.0,
        "Reconciled Cost Of Revenue": 40670000.0,
        "EBITDA": 11405000.0,
        "EBIT": 9284000.0,
        "Net Interest Income": -1675000.0,
        "Interest Expense": 1675000.0,
        "Normalized Income": 4782200.0,
        "Net Income From Continuing And Discontinued Operation": 3350000.0,
        "Total Expenses": 92456000.0,
        "Total Operating Income As Reported": 9361000.0,
        "Diluted Average Shares": 93320000.0,
        "Basic Average Shares": 91240000.0,
        "Diluted EPS": 0.04,
        "Basic EPS": 0.04,
        "Diluted NI Availto Com Stockholders": 3350000.0,
        "Net Income Common Stockholders": 3350000.0,
        "Net Income": 3350000.0,
        "Net Income Including Noncontrolling Interests": 3350000.0,
        "Net Income Continuous Operations": 3350000.0,
        "Tax Provision": 4259000.0,
        "Pretax Income": 7609000.0,
        "Other Income Expense": -2464000.0,
        "Other Non Operating Income Expenses": -77000.0,
        "Special Income Charges": -2387000.0,
        "Other Special Charges": 1925000.0,
        "Restructuring And Mergern Acquisition": 462000.0,
        "Net Non Operating Interest Income Expense": -1675000.0,
        "Interest Expense Non Operating": 1675000.0,
        "Operating Income": 11748000.0,
        "Operating Expense": 51786000.0,
        "Selling General And Administration": 51786000.0,
        "Selling And Marketing Expense": 34255000.0,
        "General And Administrative Expense": 17531000.0,
        "Other Gand A": 17531000.0,
        "Insurance And Claims": NaN,
        "Gross Profit": 63534000.0,
        "Cost Of Revenue": 40670000.0,
        "Total Revenue": 104204000.0,
        "Operating Revenue": 104204000.0
    }
}