{
    "2023-03-31": {
        "Tax Effect Of Unusual Items": NaN,
        "Tax Rate For Calcs": NaN,
        "Normalized EBITDA": NaN,
        "Total Unusual Items": NaN,
        "Total Unusual Items Excluding Goodwill": NaN,
        "Net Income From Continuing Operation Net Minority Interest": NaN,
        "Reconciled Depreciation": NaN,
        "Reconciled Cost Of Revenue": NaN,
        "EBITDA": NaN,
        "EBIT": NaN,
        "Net Interest Income": NaN,
        "Interest Expense": NaN,
        "Interest Income": NaN,
        "Normalized Income": NaN,
        "Net Income From Continuing And Discontinued Operation": NaN,
        "Total Expenses": NaN,
        "Total Operating Income As Reported": NaN,
        "Diluted Average Shares": 18359940.0,
        "Basic Average Shares": 18359940.0,
        "Diluted EPS": -0.1,
        "Basic EPS": -0.1,
        "Diluted NI Availto Com Stockholders": NaN,
        "Net Income Common Stockholders": NaN,
        "Net Income": NaN,
        "Net Income Including Noncontrolling Interests": NaN,
        "Net Income Continuous Operations": NaN,
        "Pretax Income": NaN,
        "Other Income Expense": NaN,
        "Gain On Sale Of Security": NaN,
        "Net Non Operating Interest Income Expense": NaN,
        "Interest Expense Non Operating": NaN,
        "Interest Income Non Operating": NaN,
        "Operating Income": NaN,
        "Operating Expense": NaN,
        "Research And Development": NaN,
        "Selling General And Administration": NaN,
        "Selling And Marketing Expense": NaN,
        "General And Administrative Expense": NaN,
        "Other Gand A": NaN,
        "Gross Profit": NaN,
        "Cost Of Revenue": NaN,
        "Total Revenue": NaN,
        "Operating Revenue": NaN
    },
    "2022-12-31": {
        "Tax Effect Of Unusual Items": NaN,
        "Tax Rate For Calcs": NaN,
        "Normalized EBITDA": NaN,
        "Total Unusual Items": 0.0,
        "Total Unusual Items Excluding Goodwill": 0.0,
        "Net Income From Continuing Operation Net Minority Interest": NaN,
        "Reconciled Depreciation": NaN,
        "Reconciled Cost Of Revenue": NaN,
        "EBITDA": NaN,
        "EBIT": NaN,
        "Net Interest Income": NaN,
        "Interest Expense": NaN,
        "Interest Income": NaN,
        "Normalized Income": NaN,
        "Net Income From Continuing And Discontinued Operation": NaN,
        "Total Expenses": NaN,
        "Total Operating Income As Reported": NaN,
        "Diluted Average Shares": NaN,
        "Basic Average Shares": NaN,
        "Diluted EPS": NaN,
        "Basic EPS": NaN,
        "Diluted NI Availto Com Stockholders": NaN,
        "Net Income Common Stockholders": NaN,
        "Net Income": NaN,
        "Net Income Including Noncontrolling Interests": NaN,
        "Net Income Continuous Operations": NaN,
        "Pretax Income": NaN,
        "Other Income Expense": 0.0,
        "Gain On Sale Of Security": 0.0,
        "Net Non Operating Interest Income Expense": NaN,
        "Interest Expense Non Operating": NaN,
        "Interest Income Non Operating": NaN,
        "Operating Income": NaN,
        "Operating Expense": NaN,
        "Research And Development": NaN,
        "Selling General And Administration": NaN,
        "Selling And Marketing Expense": NaN,
        "General And Administrative Expense": NaN,
        "Other Gand A": NaN,
        "Gross Profit": NaN,
        "Cost Of Revenue": NaN,
        "Total Revenue": NaN,
        "Operating Revenue": NaN
    },
    "2022-09-30": {
        "Tax Effect Of Unusual Items": 0.0,
        "Tax Rate For Calcs": 0.0,
        "Normalized EBITDA": -3074000.0,
        "Total Unusual Items": NaN,
        "Total Unusual Items Excluding Goodwill": NaN,
        "Net Income From Continuing Operation Net Minority Interest": -4190000.0,
        "Reconciled Depreciation": 634000.0,
        "Reconciled Cost Of Revenue": 17914000.0,
        "EBITDA": -3074000.0,
        "EBIT": -3708000.0,
        "Net Interest Income": -482000.0,
        "Interest Expense": 482000.0,
        "Interest Income": NaN,
        "Normalized Income": -4190000.0,
        "Net Income From Continuing And Discontinued Operation": -4190000.0,
        "Total Expenses": 22399000.0,
        "Total Operating Income As Reported": -3708000.0,
        "Diluted Average Shares": 18463673.0,
        "Basic Average Shares": 18463673.0,
        "Diluted EPS": -0.23,
        "Basic EPS": -0.23,
        "Diluted NI Availto Com Stockholders": -4190000.0,
        "Net Income Common Stockholders": -4190000.0,
        "Net Income": -4190000.0,
        "Net Income Including Noncontrolling Interests": -4190000.0,
        "Net Income Continuous Operations": -4190000.0,
        "Pretax Income": -4190000.0,
        "Other Income Expense": NaN,
        "Gain On Sale Of Security": NaN,
        "Net Non Operating Interest Income Expense": -482000.0,
        "Interest Expense Non Operating": 482000.0,
        "Interest Income Non Operating": NaN,
        "Operating Income": -3708000.0,
        "Operating Expense": 4485000.0,
        "Research And Development": 469000.0,
        "Selling General And Administration": 4016000.0,
        "Selling And Marketing Expense": 762000.0,
        "General And Administrative Expense": 3254000.0,
        "Other Gand A": 3254000.0,
        "Gross Profit": 777000.0,
        "Cost Of Revenue": 17914000.0,
        "Total Revenue": 18691000.0,
        "Operating Revenue": 18691000.0
    },
    "2022-06-30": {
        "Tax Effect Of Unusual Items": 0.0,
        "Tax Rate For Calcs": 0.0,
        "Normalized EBITDA": -3834000.0,
        "Total Unusual Items": NaN,
        "Total Unusual Items Excluding Goodwill": NaN,
        "Net Income From Continuing Operation Net Minority Interest": -4967000.0,
        "Reconciled Depreciation": 648000.0,
        "Reconciled Cost Of Revenue": 16937000.0,
        "EBITDA": -3834000.0,
        "EBIT": -4482000.0,
        "Net Interest Income": -485000.0,
        "Interest Expense": 485000.0,
        "Interest Income": 0.0,
        "Normalized Income": -4967000.0,
        "Net Income From Continuing And Discontinued Operation": -4967000.0,
        "Total Expenses": 23164000.0,
        "Total Operating Income As Reported": -4482000.0,
        "Diluted Average Shares": 11591768.0,
        "Basic Average Shares": 11591768.0,
        "Diluted EPS": -0.43,
        "Basic EPS": -0.43,
        "Diluted NI Availto Com Stockholders": -4967000.0,
        "Net Income Common Stockholders": -4967000.0,
        "Net Income": -4967000.0,
        "Net Income Including Noncontrolling Interests": -4967000.0,
        "Net Income Continuous Operations": -4967000.0,
        "Pretax Income": -4967000.0,
        "Other Income Expense": NaN,
        "Gain On Sale Of Security": NaN,
        "Net Non Operating Interest Income Expense": -485000.0,
        "Interest Expense Non Operating": 485000.0,
        "Interest Income Non Operating": 0.0,
        "Operating Income": -4482000.0,
        "Operating Expense": 6227000.0,
        "Research And Development": 926000.0,
        "Selling General And Administration": 5301000.0,
        "Selling And Marketing Expense": 526000.0,
        "General And Administrative Expense": 4775000.0,
        "Other Gand A": 4775000.0,
        "Gross Profit": 1745000.0,
        "Cost Of Revenue": 16937000.0,
        "Total Revenue": 18682000.0,
        "Operating Revenue": 18682000.0
    },
    "2022-03-31": {
        "Diluted EPS": -0.84,
        "Total Revenue": 16,
        "Gross Profit": -1,
        "Operating Income": -7,
        "EBIT": -6,
        "Net Income": -7
    },
    "2021-12-31": {
        "Diluted EPS": -1.04,
        "Total Revenue": 15,
        "Gross Profit": -2,
        "Operating Income": -8,
        "EBIT": -8,
        "Net Income": -9
    },
    "2021-09-30": {
        "Diluted EPS": -0.89,
        "Total Revenue": 16,
        "Gross Profit": 0,
        "Operating Income": -7,
        "EBIT": -6,
        "Net Income": -8
    },
    "2021-06-30": {
        "Diluted EPS": -0.99,
        "Total Revenue": 15,
        "Gross Profit": 0,
        "Operating Income": -8,
        "EBIT": -7,
        "Net Income": -8
    },
    "2021-03-31": {
        "Diluted EPS": -0.91,
        "Total Revenue": 15,
        "Gross Profit": 0,
        "Operating Income": -7,
        "EBIT": -6,
        "Net Income": -8
    },
    "2020-12-31": {
        "Diluted EPS": -0.99,
        "Total Revenue": 15,
        "Gross Profit": 0,
        "Operating Income": -8,
        "EBIT": -7,
        "Net Income": -9
    },
    "2020-09-30": {
        "Diluted EPS": -1.1,
        "Total Revenue": 15,
        "Gross Profit": 0,
        "Operating Income": -7,
        "EBIT": -6,
        "Net Income": -7
    },
    "2020-06-30": {
        "Diluted EPS": -1.1,
        "Total Revenue": 16,
        "Gross Profit": 1,
        "Operating Income": -6,
        "EBIT": -5,
        "Net Income": -7
    },
    "2020-03-31": {
        "Diluted EPS": -1.32,
        "Total Revenue": 16,
        "Gross Profit": 1,
        "Operating Income": -8,
        "EBIT": -7,
        "Net Income": -8
    },
    "2019-12-31": {
        "Diluted EPS": -1.21,
        "Total Revenue": 15,
        "Gross Profit": 1,
        "Operating Income": -7,
        "EBIT": -7,
        "Net Income": -7
    },
    "2019-09-30": {
        "Diluted EPS": -1.32,
        "Total Revenue": 15,
        "Gross Profit": 0,
        "Operating Income": -8,
        "EBIT": -7,
        "Net Income": -8
    },
    "2019-06-30": {
        "Diluted EPS": -1.98,
        "Total Revenue": 15,
        "Gross Profit": 1,
        "Operating Income": -10,
        "EBIT": -10,
        "Net Income": -10
    },
    "2019-03-31": {
        "Diluted EPS": -1.65,
        "Total Revenue": 16,
        "Gross Profit": 1,
        "Operating Income": -9,
        "EBIT": -8,
        "Net Income": -9
    },
    "2018-12-31": {
        "Diluted EPS": -1.76,
        "Total Revenue": 17,
        "Gross Profit": 1,
        "Operating Income": -9,
        "EBIT": -9,
        "Net Income": -9
    },
    "2018-09-30": {
        "Diluted EPS": -1.1,
        "Total Revenue": 17,
        "Gross Profit": 2,
        "Operating Income": -5,
        "EBIT": -5,
        "Net Income": -5
    },
    "2018-06-30": {
        "Diluted EPS": -2.64,
        "Total Revenue": 15,
        "Gross Profit": -4,
        "Operating Income": -12,
        "EBIT": -12,
        "Net Income": -12
    },
    "2018-03-31": {
        "Diluted EPS": -1.21,
        "Total Revenue": 15,
        "Gross Profit": -1,
        "Operating Income": -6,
        "EBIT": -6,
        "Net Income": -6
    },
    "2017-12-31": {
        "Diluted EPS": -1.98,
        "Total Revenue": 15,
        "Gross Profit": -1,
        "Operating Income": -9,
        "EBIT": -9,
        "Net Income": -9
    },
    "2017-09-30": {
        "Diluted EPS": -1.1,
        "Total Revenue": 15,
        "Gross Profit": 1,
        "Operating Income": -5,
        "EBIT": -5,
        "Net Income": -5
    },
    "2017-06-30": {
        "Diluted EPS": -1.54,
        "Total Revenue": 13,
        "Gross Profit": 1,
        "Operating Income": -7,
        "EBIT": -7,
        "Net Income": -7
    },
    "2017-03-31": {
        "Diluted EPS": -0.99,
        "Total Revenue": 15,
        "Gross Profit": 2,
        "Operating Income": -5,
        "EBIT": -5,
        "Net Income": -5
    },
    "2016-12-31": {
        "Diluted EPS": -0.99,
        "Total Revenue": 13,
        "Gross Profit": 2,
        "Operating Income": -5,
        "EBIT": -5,
        "Net Income": -5
    },
    "2016-09-30": {
        "Diluted EPS": -0.99,
        "Total Revenue": 13,
        "Gross Profit": 2,
        "Operating Income": -5,
        "EBIT": -5,
        "Net Income": -5
    },
    "2016-06-30": {
        "Diluted EPS": -1.21,
        "Total Revenue": 13,
        "Gross Profit": 1,
        "Operating Income": -6,
        "EBIT": -5,
        "Net Income": -5
    },
    "2016-03-31": {
        "Diluted EPS": -1.1,
        "Total Revenue": 14,
        "Gross Profit": 2,
        "Operating Income": -5,
        "EBIT": -4,
        "Net Income": -5
    },
    "2015-12-31": {
        "Diluted EPS": -1.32,
        "Total Revenue": 14,
        "Gross Profit": 2,
        "Operating Income": -6,
        "EBIT": -6,
        "Net Income": -6
    },
    "2015-09-30": {
        "Diluted EPS": -0.55,
        "Total Revenue": 14,
        "Gross Profit": 3,
        "Operating Income": -3,
        "EBIT": -2,
        "Net Income": -2
    },
    "2015-06-30": {
        "Diluted EPS": -0.55,
        "Total Revenue": 13,
        "Gross Profit": 2,
        "Operating Income": -3,
        "EBIT": -2,
        "Net Income": -3
    },
    "2015-03-31": {
        "Diluted EPS": -0.77,
        "Total Revenue": 14,
        "Gross Profit": 2,
        "Operating Income": -4,
        "EBIT": -4,
        "Net Income": -4
    },
    "2014-12-31": {
        "Diluted EPS": -1.54,
        "Total Revenue": 14,
        "Gross Profit": 3,
        "Operating Income": -5,
        "EBIT": -4,
        "Net Income": -6
    },
    "2014-09-30": {
        "Diluted EPS": -1.1,
        "Total Revenue": 14,
        "Gross Profit": 2,
        "Operating Income": -3,
        "EBIT": -3,
        "Net Income": -4
    },
    "2014-06-30": {
        "Diluted EPS": -0.88,
        "Total Revenue": 13,
        "Gross Profit": 2,
        "Operating Income": -2,
        "EBIT": -2,
        "Net Income": -3
    },
    "2014-03-31": {
        "Diluted EPS": -2.2,
        "Total Revenue": 13,
        "Gross Profit": 2,
        "Operating Income": -7,
        "EBIT": -7,
        "Net Income": -8
    },
    "2013-12-31": {
        "Diluted EPS": -0.44,
        "Total Revenue": 14,
        "Gross Profit": 2,
        "Operating Income": -8,
        "EBIT": -7,
        "Net Income": -8
    },
    "2013-09-30": {
        "Diluted EPS": -3.74,
        "Total Revenue": 13,
        "Gross Profit": 2,
        "Operating Income": -12,
        "EBIT": -12,
        "Net Income": -13
    },
    "2013-06-30": {
        "Diluted EPS": -4.18,
        "Total Revenue": 13,
        "Gross Profit": 2,
        "Operating Income": -12,
        "EBIT": -12,
        "Net Income": -12
    },
    "2013-03-31": {
        "Diluted EPS": -7.92,
        "Total Revenue": 12,
        "Gross Profit": 1,
        "Operating Income": -15,
        "EBIT": -15,
        "Net Income": -15
    },
    "2012-12-31": {
        "Diluted EPS": -7.37,
        "Total Revenue": 13,
        "Gross Profit": 2,
        "Operating Income": -14,
        "EBIT": -13,
        "Net Income": -14
    },
    "2012-09-30": {
        "Diluted EPS": -9.46,
        "Total Revenue": 13,
        "Gross Profit": 2,
        "Operating Income": -18,
        "EBIT": -18,
        "Net Income": -18
    },
    "2012-06-30": {
        "Diluted EPS": -6.38,
        "Total Revenue": 12,
        "Gross Profit": 2,
        "Operating Income": -12,
        "EBIT": -12,
        "Net Income": -12
    },
    "2012-03-31": {
        "Diluted EPS": -5.94,
        "Total Revenue": 12,
        "Gross Profit": 2,
        "Operating Income": -11,
        "EBIT": -10,
        "Net Income": -11
    },
    "2011-12-31": {
        "Diluted EPS": -5.5,
        "Total Revenue": 12,
        "Gross Profit": 2,
        "Operating Income": -9,
        "EBIT": -9,
        "Net Income": -9
    },
    "2011-09-30": {
        "Diluted EPS": -3.08,
        "Total Revenue": 12,
        "Gross Profit": 1,
        "Operating Income": -5,
        "EBIT": -5,
        "Net Income": -5
    },
    "2011-06-30": {
        "Diluted EPS": -2.86,
        "Total Revenue": 12,
        "Gross Profit": 1,
        "Operating Income": -5,
        "EBIT": -4,
        "Net Income": -5
    },
    "2011-03-31": {
        "Diluted EPS": -1.87,
        "Total Revenue": 13,
        "Gross Profit": 2,
        "Operating Income": -3,
        "EBIT": -3,
        "Net Income": -3
    },
    "2010-12-31": {
        "Diluted EPS": -1.21,
        "Total Revenue": 14,
        "Gross Profit": 2,
        "Operating Income": -2,
        "EBIT": -1,
        "Net Income": -2
    },
    "2010-09-30": {
        "Diluted EPS": -0.44,
        "Total Revenue": 15,
        "Gross Profit": 2,
        "Operating Income": -1,
        "EBIT": 0,
        "Net Income": -1
    },
    "2010-06-30": {
        "Diluted EPS": 0.11,
        "Total Revenue": 16,
        "Gross Profit": 3,
        "Operating Income": 0,
        "EBIT": 0,
        "Net Income": 0
    },
    "2010-03-31": {
        "Diluted EPS": -0.22,
        "Total Revenue": 15,
        "Gross Profit": 2,
        "Operating Income": 0,
        "EBIT": 0,
        "Net Income": 0
    },
    "2009-12-31": {
        "Diluted EPS": -0.22,
        "Total Revenue": 15,
        "Gross Profit": 2,
        "Operating Income": -1,
        "EBIT": 0,
        "Net Income": -1
    },
    "2009-09-30": {
        "Diluted EPS": -1.21,
        "Total Revenue": 14,
        "Gross Profit": 2,
        "Operating Income": -2,
        "EBIT": -1,
        "Net Income": -2
    },
    "2009-06-30": {
        "Diluted EPS": -1.32,
        "Total Revenue": 13,
        "Gross Profit": 2,
        "Operating Income": -2,
        "EBIT": -1,
        "Net Income": -2
    },
    "2009-03-31": {
        "Diluted EPS": -1.32,
        "Total Revenue": 13,
        "Gross Profit": 1,
        "Operating Income": -2,
        "EBIT": -1,
        "Net Income": -2
    },
    "2023-06-30": {
        "Tax Effect Of Unusual Items": NaN,
        "Tax Rate For Calcs": NaN,
        "Normalized EBITDA": NaN,
        "Total Unusual Items": NaN,
        "Total Unusual Items Excluding Goodwill": NaN,
        "Net Income From Continuing Operation Net Minority Interest": NaN,
        "Reconciled Depreciation": NaN,
        "Reconciled Cost Of Revenue": NaN,
        "EBITDA": NaN,
        "EBIT": NaN,
        "Net Interest Income": NaN,
        "Interest Expense": NaN,
        "Interest Income": NaN,
        "Normalized Income": NaN,
        "Net Income From Continuing And Discontinued Operation": NaN,
        "Total Expenses": NaN,
        "Total Operating Income As Reported": NaN,
        "Diluted Average Shares": 18496640.0,
        "Basic Average Shares": 18496640.0,
        "Diluted EPS": -0.18,
        "Basic EPS": -0.18,
        "Diluted NI Availto Com Stockholders": NaN,
        "Net Income Common Stockholders": NaN,
        "Net Income": NaN,
        "Net Income Including Noncontrolling Interests": NaN,
        "Net Income Continuous Operations": NaN,
        "Pretax Income": NaN,
        "Other Income Expense": NaN,
        "Gain On Sale Of Security": NaN,
        "Net Non Operating Interest Income Expense": NaN,
        "Interest Expense Non Operating": NaN,
        "Interest Income Non Operating": NaN,
        "Operating Income": NaN,
        "Operating Expense": NaN,
        "Research And Development": NaN,
        "Selling General And Administration": NaN,
        "Selling And Marketing Expense": NaN,
        "General And Administrative Expense": NaN,
        "Other Gand A": NaN,
        "Gross Profit": NaN,
        "Cost Of Revenue": NaN,
        "Total Revenue": NaN,
        "Operating Revenue": NaN
    },
    "2023-09-30": {
        "Tax Effect Of Unusual Items": NaN,
        "Tax Rate For Calcs": NaN,
        "Normalized EBITDA": NaN,
        "Total Unusual Items": 220000.0,
        "Total Unusual Items Excluding Goodwill": 220000.0,
        "Net Income From Continuing Operation Net Minority Interest": NaN,
        "Reconciled Depreciation": NaN,
        "Reconciled Cost Of Revenue": NaN,
        "EBITDA": NaN,
        "EBIT": NaN,
        "Net Interest Income": NaN,
        "Interest Expense": NaN,
        "Interest Income": NaN,
        "Normalized Income": NaN,
        "Net Income From Continuing And Discontinued Operation": NaN,
        "Total Expenses": NaN,
        "Total Operating Income As Reported": NaN,
        "Diluted Average Shares": 27521088.0,
        "Basic Average Shares": 27521088.0,
        "Diluted EPS": -0.07,
        "Basic EPS": -0.07,
        "Diluted NI Availto Com Stockholders": NaN,
        "Net Income Common Stockholders": NaN,
        "Net Income": NaN,
        "Net Income Including Noncontrolling Interests": NaN,
        "Net Income Continuous Operations": NaN,
        "Pretax Income": NaN,
        "Other Income Expense": 220000.0,
        "Gain On Sale Of Security": 220000.0,
        "Net Non Operating Interest Income Expense": NaN,
        "Interest Expense Non Operating": NaN,
        "Interest Income Non Operating": NaN,
        "Operating Income": NaN,
        "Operating Expense": NaN,
        "Research And Development": NaN,
        "Selling General And Administration": NaN,
        "Selling And Marketing Expense": NaN,
        "General And Administrative Expense": NaN,
        "Other Gand A": NaN,
        "Gross Profit": NaN,
        "Cost Of Revenue": NaN,
        "Total Revenue": NaN,
        "Operating Revenue": NaN
    },
    "2023-12-31": {
        "Tax Effect Of Unusual Items": NaN,
        "Tax Rate For Calcs": NaN,
        "Normalized EBITDA": NaN,
        "Total Unusual Items": 101000.0,
        "Total Unusual Items Excluding Goodwill": 101000.0,
        "Net Income From Continuing Operation Net Minority Interest": NaN,
        "Reconciled Depreciation": NaN,
        "Reconciled Cost Of Revenue": NaN,
        "EBITDA": NaN,
        "EBIT": NaN,
        "Net Interest Income": NaN,
        "Interest Expense": NaN,
        "Interest Income": NaN,
        "Normalized Income": NaN,
        "Net Income From Continuing And Discontinued Operation": NaN,
        "Total Expenses": NaN,
        "Total Operating Income As Reported": NaN,
        "Diluted Average Shares": NaN,
        "Basic Average Shares": NaN,
        "Diluted EPS": NaN,
        "Basic EPS": NaN,
        "Diluted NI Availto Com Stockholders": NaN,
        "Net Income Common Stockholders": NaN,
        "Net Income": NaN,
        "Net Income Including Noncontrolling Interests": NaN,
        "Net Income Continuous Operations": NaN,
        "Pretax Income": NaN,
        "Other Income Expense": 101000.0,
        "Gain On Sale Of Security": 101000.0,
        "Net Non Operating Interest Income Expense": NaN,
        "Interest Expense Non Operating": NaN,
        "Interest Income Non Operating": NaN,
        "Operating Income": NaN,
        "Operating Expense": NaN,
        "Research And Development": NaN,
        "Selling General And Administration": NaN,
        "Selling And Marketing Expense": NaN,
        "General And Administrative Expense": NaN,
        "Other Gand A": NaN,
        "Gross Profit": NaN,
        "Cost Of Revenue": NaN,
        "Total Revenue": NaN,
        "Operating Revenue": NaN
    },
    "2024-03-31": {
        "Tax Effect Of Unusual Items": NaN,
        "Tax Rate For Calcs": NaN,
        "Normalized EBITDA": NaN,
        "Total Unusual Items": NaN,
        "Total Unusual Items Excluding Goodwill": NaN,
        "Net Income From Continuing Operation Net Minority Interest": NaN,
        "Reconciled Depreciation": NaN,
        "Reconciled Cost Of Revenue": NaN,
        "EBITDA": NaN,
        "EBIT": NaN,
        "Net Interest Income": NaN,
        "Interest Expense": NaN,
        "Interest Income": NaN,
        "Normalized Income": NaN,
        "Net Income From Continuing And Discontinued Operation": NaN,
        "Total Expenses": NaN,
        "Total Operating Income As Reported": NaN,
        "Diluted Average Shares": 29327204.0,
        "Basic Average Shares": 29327204.0,
        "Diluted EPS": -0.06,
        "Basic EPS": -0.06,
        "Diluted NI Availto Com Stockholders": NaN,
        "Net Income Common Stockholders": NaN,
        "Net Income": NaN,
        "Net Income Including Noncontrolling Interests": NaN,
        "Net Income Continuous Operations": NaN,
        "Pretax Income": NaN,
        "Other Income Expense": NaN,
        "Gain On Sale Of Security": NaN,
        "Net Non Operating Interest Income Expense": NaN,
        "Interest Expense Non Operating": NaN,
        "Interest Income Non Operating": NaN,
        "Operating Income": NaN,
        "Operating Expense": NaN,
        "Research And Development": NaN,
        "Selling General And Administration": NaN,
        "Selling And Marketing Expense": NaN,
        "General And Administrative Expense": NaN,
        "Other Gand A": NaN,
        "Gross Profit": NaN,
        "Cost Of Revenue": NaN,
        "Total Revenue": NaN,
        "Operating Revenue": NaN
    },
    "2024-06-30": {
        "Tax Effect Of Unusual Items": NaN,
        "Tax Rate For Calcs": NaN,
        "Normalized EBITDA": NaN,
        "Total Unusual Items": 51000.0,
        "Total Unusual Items Excluding Goodwill": 51000.0,
        "Net Income From Continuing Operation Net Minority Interest": NaN,
        "Reconciled Depreciation": NaN,
        "Reconciled Cost Of Revenue": NaN,
        "EBITDA": NaN,
        "EBIT": NaN,
        "Net Interest Income": NaN,
        "Interest Expense": NaN,
        "Interest Income": NaN,
        "Normalized Income": NaN,
        "Net Income From Continuing And Discontinued Operation": NaN,
        "Total Expenses": NaN,
        "Total Operating Income As Reported": NaN,
        "Diluted Average Shares": 32033776.0,
        "Basic Average Shares": 30451622.0,
        "Diluted EPS": 0.01,
        "Basic EPS": 0.01,
        "Diluted NI Availto Com Stockholders": NaN,
        "Net Income Common Stockholders": NaN,
        "Net Income": NaN,
        "Net Income Including Noncontrolling Interests": NaN,
        "Net Income Continuous Operations": NaN,
        "Pretax Income": NaN,
        "Other Income Expense": 51000.0,
        "Gain On Sale Of Security": 51000.0,
        "Net Non Operating Interest Income Expense": NaN,
        "Interest Expense Non Operating": NaN,
        "Interest Income Non Operating": NaN,
        "Operating Income": NaN,
        "Operating Expense": NaN,
        "Research And Development": NaN,
        "Selling General And Administration": NaN,
        "Selling And Marketing Expense": NaN,
        "General And Administrative Expense": NaN,
        "Other Gand A": NaN,
        "Gross Profit": NaN,
        "Cost Of Revenue": NaN,
        "Total Revenue": NaN,
        "Operating Revenue": NaN
    },
    "2024-09-30": {
        "Tax Effect Of Unusual Items": 0.0,
        "Tax Rate For Calcs": 0.21,
        "Normalized EBITDA": 2509000.0,
        "Total Unusual Items": NaN,
        "Total Unusual Items Excluding Goodwill": NaN,
        "Net Income From Continuing Operation Net Minority Interest": 1664000.0,
        "Reconciled Depreciation": 543000.0,
        "Reconciled Cost Of Revenue": 22077000.0,
        "EBITDA": 2509000.0,
        "EBIT": 1966000.0,
        "Net Interest Income": -272000.0,
        "Interest Expense": 302000.0,
        "Interest Income": 30000.0,
        "Normalized Income": 1664000.0,
        "Net Income From Continuing And Discontinued Operation": 1664000.0,
        "Total Expenses": 26380000.0,
        "Total Operating Income As Reported": 1936000.0,
        "Diluted Average Shares": 32420168.0,
        "Basic Average Shares": 31551805.0,
        "Diluted EPS": 0.04,
        "Basic EPS": 0.05,
        "Diluted NI Availto Com Stockholders": 1664000.0,
        "Net Income Common Stockholders": 1664000.0,
        "Net Income": 1664000.0,
        "Net Income Including Noncontrolling Interests": 1664000.0,
        "Net Income Continuous Operations": 1664000.0,
        "Pretax Income": 1664000.0,
        "Other Income Expense": NaN,
        "Gain On Sale Of Security": NaN,
        "Net Non Operating Interest Income Expense": -272000.0,
        "Interest Expense Non Operating": 302000.0,
        "Interest Income Non Operating": 30000.0,
        "Operating Income": 1936000.0,
        "Operating Expense": 4303000.0,
        "Research And Development": 0.0,
        "Selling General And Administration": 4303000.0,
        "Selling And Marketing Expense": 726000.0,
        "General And Administrative Expense": 3577000.0,
        "Other Gand A": 3577000.0,
        "Gross Profit": 6239000.0,
        "Cost Of Revenue": 22077000.0,
        "Total Revenue": 28316000.0,
        "Operating Revenue": 28316000.0
    },
    "2024-12-31": {
        "Tax Effect Of Unusual Items": 0.0,
        "Tax Rate For Calcs": 0.0,
        "Normalized EBITDA": 53000.0,
        "Total Unusual Items": 23000.0,
        "Total Unusual Items Excluding Goodwill": 23000.0,
        "Net Income From Continuing Operation Net Minority Interest": -756000.0,
        "Reconciled Depreciation": 543000.0,
        "Reconciled Cost Of Revenue": 21034000.0,
        "EBITDA": 76000.0,
        "EBIT": -467000.0,
        "Net Interest Income": -260000.0,
        "Interest Expense": 289000.0,
        "Interest Income": 29000.0,
        "Normalized Income": -779000.0,
        "Net Income From Continuing And Discontinued Operation": -756000.0,
        "Total Expenses": 25184000.0,
        "Total Operating Income As Reported": -519000.0,
        "Diluted Average Shares": NaN,
        "Basic Average Shares": NaN,
        "Diluted EPS": NaN,
        "Basic EPS": NaN,
        "Diluted NI Availto Com Stockholders": -1058000.0,
        "Net Income Common Stockholders": -1058000.0,
        "Net Income": -756000.0,
        "Net Income Including Noncontrolling Interests": -756000.0,
        "Net Income Continuous Operations": -756000.0,
        "Pretax Income": -756000.0,
        "Other Income Expense": 23000.0,
        "Gain On Sale Of Security": 23000.0,
        "Net Non Operating Interest Income Expense": -260000.0,
        "Interest Expense Non Operating": 289000.0,
        "Interest Income Non Operating": 29000.0,
        "Operating Income": -519000.0,
        "Operating Expense": 4150000.0,
        "Research And Development": 1000.0,
        "Selling General And Administration": 4149000.0,
        "Selling And Marketing Expense": 843000.0,
        "General And Administrative Expense": 3306000.0,
        "Other Gand A": 3306000.0,
        "Gross Profit": 3631000.0,
        "Cost Of Revenue": 21034000.0,
        "Total Revenue": 24665000.0,
        "Operating Revenue": 24665000.0
    },
    "2025-03-31": {
        "Tax Effect Of Unusual Items": 0.0,
        "Tax Rate For Calcs": 0.0,
        "Normalized EBITDA": -755000.0,
        "Total Unusual Items": 56000.0,
        "Total Unusual Items Excluding Goodwill": 56000.0,
        "Net Income From Continuing Operation Net Minority Interest": -1515000.0,
        "Reconciled Depreciation": 539000.0,
        "Reconciled Cost Of Revenue": 15872000.0,
        "EBITDA": -699000.0,
        "EBIT": -1238000.0,
        "Net Interest Income": -211000.0,
        "Interest Expense": 277000.0,
        "Interest Income": 66000.0,
        "Normalized Income": -1571000.0,
        "Net Income From Continuing And Discontinued Operation": -1515000.0,
        "Total Expenses": 20274000.0,
        "Total Operating Income As Reported": -1360000.0,
        "Diluted Average Shares": 34107640.0,
        "Basic Average Shares": 34107640.0,
        "Diluted EPS": -0.04,
        "Basic EPS": -0.04,
        "Diluted NI Availto Com Stockholders": -1515000.0,
        "Net Income Common Stockholders": -1515000.0,
        "Net Income": -1515000.0,
        "Net Income Including Noncontrolling Interests": -1515000.0,
        "Net Income Continuous Operations": -1515000.0,
        "Pretax Income": -1515000.0,
        "Other Income Expense": 56000.0,
        "Gain On Sale Of Security": 56000.0,
        "Net Non Operating Interest Income Expense": -211000.0,
        "Interest Expense Non Operating": 277000.0,
        "Interest Income Non Operating": 66000.0,
        "Operating Income": -1360000.0,
        "Operating Expense": 4402000.0,
        "Research And Development": 0.0,
        "Selling General And Administration": 4402000.0,
        "Selling And Marketing Expense": 711000.0,
        "General And Administrative Expense": 3691000.0,
        "Other Gand A": 3691000.0,
        "Gross Profit": 3042000.0,
        "Cost Of Revenue": 15872000.0,
        "Total Revenue": 18914000.0,
        "Operating Revenue": 18914000.0
    },
    "2025-06-30": {
        "Tax Effect Of Unusual Items": 0.0,
        "Tax Rate For Calcs": 0.0,
        "Normalized EBITDA": -717000.0,
        "Total Unusual Items": 64000.0,
        "Total Unusual Items Excluding Goodwill": 64000.0,
        "Net Income From Continuing Operation Net Minority Interest": -1492000.0,
        "Reconciled Depreciation": 563000.0,
        "Reconciled Cost Of Revenue": 13568000.0,
        "EBITDA": -653000.0,
        "EBIT": -1216000.0,
        "Net Interest Income": -207000.0,
        "Interest Expense": 276000.0,
        "Interest Income": 69000.0,
        "Normalized Income": -1556000.0,
        "Net Income From Continuing And Discontinued Operation": -1492000.0,
        "Total Expenses": 17420000.0,
        "Total Operating Income As Reported": -1349000.0,
        "Diluted Average Shares": 34311306.0,
        "Basic Average Shares": 34311306.0,
        "Diluted EPS": -0.05,
        "Basic EPS": -0.05,
        "Diluted NI Availto Com Stockholders": -1492000.0,
        "Net Income Common Stockholders": -1492000.0,
        "Net Income": -1492000.0,
        "Net Income Including Noncontrolling Interests": -1492000.0,
        "Net Income Continuous Operations": -1492000.0,
        "Pretax Income": -1492000.0,
        "Other Income Expense": 64000.0,
        "Gain On Sale Of Security": 64000.0,
        "Net Non Operating Interest Income Expense": -207000.0,
        "Interest Expense Non Operating": 276000.0,
        "Interest Income Non Operating": 69000.0,
        "Operating Income": -1349000.0,
        "Operating Expense": 3852000.0,
        "Research And Development": 0.0,
        "Selling General And Administration": 3852000.0,
        "Selling And Marketing Expense": 572000.0,
        "General And Administrative Expense": 3280000.0,
        "Other Gand A": 3280000.0,
        "Gross Profit": 2503000.0,
        "Cost Of Revenue": 13568000.0,
        "Total Revenue": 16071000.0,
        "Operating Revenue": 16071000.0
    },
    "2025-09-30": {
        "Tax Effect Of Unusual Items": 0.0,
        "Tax Rate For Calcs": 0.0,
        "Normalized EBITDA": -985000.0,
        "Total Unusual Items": 61000.0,
        "Total Unusual Items Excluding Goodwill": 61000.0,
        "Net Income From Continuing Operation Net Minority Interest": -1753000.0,
        "Reconciled Depreciation": 544000.0,
        "Reconciled Cost Of Revenue": 13655000.0,
        "EBITDA": -924000.0,
        "EBIT": -1468000.0,
        "Net Interest Income": -230000.0,
        "Interest Expense": 285000.0,
        "Interest Income": 55000.0,
        "Normalized Income": -1814000.0,
        "Net Income From Continuing And Discontinued Operation": -1753000.0,
        "Total Expenses": 17511000.0,
        "Total Operating Income As Reported": -1584000.0,
        "Diluted Average Shares": 36024940.0,
        "Basic Average Shares": 36024940.0,
        "Diluted EPS": -0.05,
        "Basic EPS": -0.05,
        "Diluted NI Availto Com Stockholders": -1753000.0,
        "Net Income Common Stockholders": -1753000.0,
        "Net Income": -1753000.0,
        "Net Income Including Noncontrolling Interests": -1753000.0,
        "Net Income Continuous Operations": -1753000.0,
        "Pretax Income": -1753000.0,
        "Other Income Expense": 61000.0,
        "Gain On Sale Of Security": 61000.0,
        "Net Non Operating Interest Income Expense": -230000.0,
        "Interest Expense Non Operating": 285000.0,
        "Interest Income Non Operating": 55000.0,
        "Operating Income": -1584000.0,
        "Operating Expense": 3856000.0,
        "Research And Development": 0.0,
        "Selling General And Administration": 3856000.0,
        "Selling And Marketing Expense": 531000.0,
        "General And Administrative Expense": 3325000.0,
        "Other Gand A": 3325000.0,
        "Gross Profit": 2272000.0,
        "Cost Of Revenue": 13655000.0,
        "Total Revenue": 15927000.0,
        "Operating Revenue": 15927000.0
    }
}