{
    "2023-03-31": {
        "Tax Effect Of Unusual Items": 0.0,
        "Tax Rate For Calcs": 0.21,
        "Normalized EBITDA": 8416000.0,
        "Total Unusual Items": NaN,
        "Total Unusual Items Excluding Goodwill": NaN,
        "Net Income From Continuing Operation Net Minority Interest": -54399000.0,
        "Reconciled Depreciation": 57518000.0,
        "Reconciled Cost Of Revenue": 160676000.0,
        "EBITDA": 8416000.0,
        "EBIT": -49102000.0,
        "Net Interest Income": -2212000.0,
        "Interest Expense": 2212000.0,
        "Normalized Income": -54399000.0,
        "Net Income From Continuing And Discontinued Operation": -54399000.0,
        "Total Expenses": 588220000.0,
        "Total Operating Income As Reported": -54531000.0,
        "Diluted Average Shares": 95720000.0,
        "Basic Average Shares": 95720000.0,
        "Diluted EPS": -0.57,
        "Basic EPS": -0.57,
        "Diluted NI Availto Com Stockholders": -54399000.0,
        "Net Income Common Stockholders": -54399000.0,
        "Net Income": -54399000.0,
        "Net Income Including Noncontrolling Interests": -54399000.0,
        "Net Income Continuous Operations": -54399000.0,
        "Tax Provision": 3085000.0,
        "Pretax Income": -51314000.0,
        "Other Income Expense": 5429000.0,
        "Other Non Operating Income Expenses": 5429000.0,
        "Special Income Charges": NaN,
        "Write Off": NaN,
        "Net Non Operating Interest Income Expense": -2212000.0,
        "Interest Expense Non Operating": 2212000.0,
        "Operating Income": -54531000.0,
        "Operating Expense": 427544000.0,
        "Research And Development": 85241000.0,
        "Selling General And Administration": 342303000.0,
        "Selling And Marketing Expense": 260212000.0,
        "General And Administrative Expense": 82091000.0,
        "Other Gand A": 82091000.0,
        "Gross Profit": 373013000.0,
        "Cost Of Revenue": 160676000.0,
        "Total Revenue": 533689000.0,
        "Operating Revenue": 508294000.0
    },
    "2022-12-31": {
        "Tax Effect Of Unusual Items": NaN,
        "Tax Rate For Calcs": NaN,
        "Normalized EBITDA": NaN,
        "Total Unusual Items": -180447000.0,
        "Total Unusual Items Excluding Goodwill": -180447000.0,
        "Net Income From Continuing Operation Net Minority Interest": NaN,
        "Reconciled Depreciation": NaN,
        "Reconciled Cost Of Revenue": NaN,
        "EBITDA": NaN,
        "EBIT": NaN,
        "Net Interest Income": NaN,
        "Interest Expense": NaN,
        "Normalized Income": NaN,
        "Net Income From Continuing And Discontinued Operation": NaN,
        "Total Expenses": NaN,
        "Total Operating Income As Reported": NaN,
        "Diluted Average Shares": NaN,
        "Basic Average Shares": NaN,
        "Diluted EPS": NaN,
        "Basic EPS": NaN,
        "Diluted NI Availto Com Stockholders": NaN,
        "Net Income Common Stockholders": NaN,
        "Net Income": NaN,
        "Net Income Including Noncontrolling Interests": NaN,
        "Net Income Continuous Operations": NaN,
        "Tax Provision": NaN,
        "Pretax Income": NaN,
        "Other Income Expense": NaN,
        "Other Non Operating Income Expenses": NaN,
        "Special Income Charges": -180447000.0,
        "Write Off": 180447000.0,
        "Net Non Operating Interest Income Expense": NaN,
        "Interest Expense Non Operating": NaN,
        "Operating Income": NaN,
        "Operating Expense": NaN,
        "Research And Development": NaN,
        "Selling General And Administration": NaN,
        "Selling And Marketing Expense": NaN,
        "General And Administrative Expense": NaN,
        "Other Gand A": NaN,
        "Gross Profit": NaN,
        "Cost Of Revenue": NaN,
        "Total Revenue": NaN,
        "Operating Revenue": NaN
    },
    "2022-09-30": {
        "Tax Effect Of Unusual Items": NaN,
        "Tax Rate For Calcs": NaN,
        "Normalized EBITDA": NaN,
        "Total Unusual Items": -103242000.0,
        "Total Unusual Items Excluding Goodwill": -103242000.0,
        "Net Income From Continuing Operation Net Minority Interest": NaN,
        "Reconciled Depreciation": NaN,
        "Reconciled Cost Of Revenue": NaN,
        "EBITDA": NaN,
        "EBIT": NaN,
        "Net Interest Income": NaN,
        "Interest Expense": NaN,
        "Normalized Income": NaN,
        "Net Income From Continuing And Discontinued Operation": NaN,
        "Total Expenses": NaN,
        "Total Operating Income As Reported": NaN,
        "Diluted Average Shares": NaN,
        "Basic Average Shares": NaN,
        "Diluted EPS": NaN,
        "Basic EPS": NaN,
        "Diluted NI Availto Com Stockholders": NaN,
        "Net Income Common Stockholders": NaN,
        "Net Income": NaN,
        "Net Income Including Noncontrolling Interests": NaN,
        "Net Income Continuous Operations": NaN,
        "Tax Provision": NaN,
        "Pretax Income": NaN,
        "Other Income Expense": NaN,
        "Other Non Operating Income Expenses": NaN,
        "Special Income Charges": -103242000.0,
        "Write Off": 103242000.0,
        "Net Non Operating Interest Income Expense": NaN,
        "Interest Expense Non Operating": NaN,
        "Operating Income": NaN,
        "Operating Expense": NaN,
        "Research And Development": NaN,
        "Selling General And Administration": NaN,
        "Selling And Marketing Expense": NaN,
        "General And Administrative Expense": NaN,
        "Other Gand A": NaN,
        "Gross Profit": NaN,
        "Cost Of Revenue": NaN,
        "Total Revenue": NaN,
        "Operating Revenue": NaN
    },
    "2022-06-30": {
        "Tax Effect Of Unusual Items": 0.0,
        "Tax Rate For Calcs": 0.4,
        "Normalized EBITDA": -157264000.0,
        "Total Unusual Items": NaN,
        "Total Unusual Items Excluding Goodwill": NaN,
        "Net Income From Continuing Operation Net Minority Interest": -159515000.0,
        "Reconciled Depreciation": 61272000.0,
        "Reconciled Cost Of Revenue": 158190000.0,
        "EBITDA": -157264000.0,
        "EBIT": -157264000.0,
        "Net Interest Income": -1203000.0,
        "Interest Expense": 1203000.0,
        "Normalized Income": -159515000.0,
        "Net Income From Continuing And Discontinued Operation": -159515000.0,
        "Total Expenses": 594660000.0,
        "Total Operating Income As Reported": -107764000.0,
        "Diluted Average Shares": 95130000.0,
        "Basic Average Shares": 95130000.0,
        "Diluted EPS": -1.68,
        "Basic EPS": -1.68,
        "Diluted NI Availto Com Stockholders": -159515000.0,
        "Net Income Common Stockholders": -159515000.0,
        "Net Income": -159515000.0,
        "Net Income Including Noncontrolling Interests": -159515000.0,
        "Net Income Continuous Operations": -159515000.0,
        "Tax Provision": 1048000.0,
        "Pretax Income": -158467000.0,
        "Other Income Expense": -49500000.0,
        "Other Non Operating Income Expenses": -49500000.0,
        "Special Income Charges": NaN,
        "Write Off": NaN,
        "Net Non Operating Interest Income Expense": -1203000.0,
        "Interest Expense Non Operating": 1203000.0,
        "Operating Income": -107764000.0,
        "Operating Expense": 436470000.0,
        "Research And Development": 96518000.0,
        "Selling General And Administration": 339952000.0,
        "Selling And Marketing Expense": 265398000.0,
        "General And Administrative Expense": 74554000.0,
        "Other Gand A": 74554000.0,
        "Gross Profit": 328706000.0,
        "Cost Of Revenue": 158190000.0,
        "Total Revenue": 486896000.0,
        "Operating Revenue": 462984000.0
    },
    "2022-03-31": {
        "Diluted EPS": -1.6,
        "Total Revenue": 468,
        "Gross Profit": 312,
        "Operating Income": -104,
        "EBIT": -18,
        "Net Income": -151
    },
    "2021-12-31": {
        "Diluted EPS": -1.28,
        "Total Revenue": 448,
        "Gross Profit": 312,
        "Operating Income": -103,
        "EBIT": -19,
        "Net Income": -118
    },
    "2021-09-30": {
        "Diluted EPS": -1.6,
        "Total Revenue": 415,
        "Gross Profit": 304,
        "Operating Income": -83,
        "EBIT": -20,
        "Net Income": -147
    },
    "2021-06-30": {
        "Diluted EPS": -1.22,
        "Total Revenue": 379,
        "Gross Profit": 274,
        "Operating Income": -73,
        "EBIT": -14,
        "Net Income": -111
    },
    "2021-03-31": {
        "Diluted EPS": 0.0,
        "Total Revenue": 352,
        "Gross Profit": 255,
        "Operating Income": -42,
        "EBIT": 14,
        "Net Income": 0
    },
    "2020-12-31": {
        "Diluted EPS": -0.01,
        "Total Revenue": 335,
        "Gross Profit": 243,
        "Operating Income": -29,
        "EBIT": 24,
        "Net Income": -2
    },
    "2020-09-30": {
        "Diluted EPS": -0.24,
        "Total Revenue": 304,
        "Gross Profit": 221,
        "Operating Income": -30,
        "EBIT": 14,
        "Net Income": -21
    },
    "2020-06-30": {
        "Diluted EPS": 0.01,
        "Total Revenue": 278,
        "Gross Profit": 201,
        "Operating Income": -29,
        "EBIT": 12,
        "Net Income": 1
    },
    "2020-03-31": {
        "Diluted EPS": -0.7,
        "Total Revenue": 268,
        "Gross Profit": 194,
        "Operating Income": -25,
        "EBIT": 8,
        "Net Income": -61
    },
    "2019-12-31": {
        "Diluted EPS": -0.3,
        "Total Revenue": 253,
        "Gross Profit": 186,
        "Operating Income": -20,
        "EBIT": 6,
        "Net Income": -25
    },
    "2019-09-30": {
        "Diluted EPS": -0.15,
        "Total Revenue": 233,
        "Gross Profit": 174,
        "Operating Income": -11,
        "EBIT": 12,
        "Net Income": -13
    },
    "2019-06-30": {
        "Diluted EPS": -0.11,
        "Total Revenue": 215,
        "Gross Profit": 162,
        "Operating Income": -7,
        "EBIT": 14,
        "Net Income": -9
    },
    "2019-03-31": {
        "Diluted EPS": -0.08,
        "Total Revenue": 201,
        "Gross Profit": 151,
        "Operating Income": -7,
        "EBIT": 11,
        "Net Income": -6
    },
    "2018-12-31": {
        "Diluted EPS": -0.08,
        "Total Revenue": 189,
        "Gross Profit": 145,
        "Operating Income": -3,
        "EBIT": 13,
        "Net Income": -6
    },
    "2018-09-30": {
        "Diluted EPS": -0.12,
        "Total Revenue": 174,
        "Gross Profit": 135,
        "Operating Income": -7,
        "EBIT": 9,
        "Net Income": -10
    },
    "2018-06-30": {
        "Diluted EPS": -0.1,
        "Total Revenue": 161,
        "Gross Profit": 123,
        "Operating Income": -5,
        "EBIT": 11,
        "Net Income": -8
    },
    "2018-03-31": {
        "Diluted EPS": -0.03,
        "Total Revenue": 150,
        "Gross Profit": 115,
        "Operating Income": -1,
        "EBIT": 10,
        "Net Income": -3
    },
    "2017-12-31": {
        "Diluted EPS": 0.0,
        "Total Revenue": 141,
        "Gross Profit": 108,
        "Operating Income": 0,
        "EBIT": 8,
        "Net Income": 0
    },
    "2017-09-30": {
        "Diluted EPS": 0.0,
        "Total Revenue": 130,
        "Gross Profit": 99,
        "Operating Income": 0,
        "EBIT": 7,
        "Net Income": 0
    },
    "2017-06-30": {
        "Diluted EPS": -0.03,
        "Total Revenue": 120,
        "Gross Profit": 90,
        "Operating Income": -3,
        "EBIT": 4,
        "Net Income": -2
    },
    "2017-03-31": {
        "Diluted EPS": -0.03,
        "Total Revenue": 112,
        "Gross Profit": 85,
        "Operating Income": -2,
        "EBIT": 4,
        "Net Income": -2
    },
    "2016-12-31": {
        "Diluted EPS": 0.09,
        "Total Revenue": 105,
        "Gross Profit": 81,
        "Operating Income": 6,
        "EBIT": 18,
        "Net Income": 6
    },
    "2016-09-30": {
        "Diluted EPS": -0.11,
        "Total Revenue": 97,
        "Gross Profit": 73,
        "Operating Income": -7,
        "EBIT": -3,
        "Net Income": -8
    },
    "2016-06-30": {
        "Diluted EPS": -0.11,
        "Total Revenue": 92,
        "Gross Profit": 69,
        "Operating Income": -6,
        "EBIT": -3,
        "Net Income": -8
    },
    "2016-03-31": {
        "Diluted EPS": -0.09,
        "Total Revenue": 87,
        "Gross Profit": 65,
        "Operating Income": -6,
        "EBIT": -3,
        "Net Income": -7
    },
    "2015-12-31": {
        "Diluted EPS": -0.1,
        "Total Revenue": 83,
        "Gross Profit": 61,
        "Operating Income": -6,
        "EBIT": -2,
        "Net Income": -7
    },
    "2015-09-30": {
        "Diluted EPS": -0.09,
        "Total Revenue": 77,
        "Gross Profit": 54,
        "Operating Income": -6,
        "EBIT": -2,
        "Net Income": -6
    },
    "2015-06-30": {
        "Diluted EPS": -0.12,
        "Total Revenue": 71,
        "Gross Profit": 49,
        "Operating Income": -10,
        "EBIT": -6,
        "Net Income": -8
    },
    "2015-03-31": {
        "Diluted EPS": -0.15,
        "Total Revenue": 65,
        "Gross Profit": 45,
        "Operating Income": -10,
        "EBIT": -6,
        "Net Income": -11
    },
    "2014-12-31": {
        "Diluted EPS": -0.14,
        "Total Revenue": 62,
        "Gross Profit": 42,
        "Operating Income": -9,
        "EBIT": -6,
        "Net Income": -10
    },
    "2014-09-30": {
        "Diluted EPS": -0.18,
        "Total Revenue": 57,
        "Gross Profit": 38,
        "Operating Income": -11,
        "EBIT": -8,
        "Net Income": -12
    },
    "2014-06-30": {
        "Diluted EPS": -0.2,
        "Total Revenue": 53,
        "Gross Profit": 33,
        "Operating Income": -13,
        "EBIT": -10,
        "Net Income": -13
    },
    "2014-03-31": {
        "Diluted EPS": -0.2,
        "Total Revenue": 48,
        "Gross Profit": 30,
        "Operating Income": -12,
        "EBIT": -10,
        "Net Income": -13
    },
    "2013-12-31": {
        "Diluted EPS": 0.02,
        "Total Revenue": 45,
        "Gross Profit": 28,
        "Operating Income": -10,
        "EBIT": -8,
        "Net Income": -13
    },
    "2013-09-30": {
        "Diluted EPS": -0.36,
        "Total Revenue": 42,
        "Gross Profit": 26,
        "Operating Income": -8,
        "EBIT": -6,
        "Net Income": -9
    },
    "2013-06-30": {
        "Diluted EPS": -0.6,
        "Total Revenue": 38,
        "Gross Profit": 23,
        "Operating Income": -13,
        "EBIT": -11,
        "Net Income": -14
    },
    "2013-03-31": {
        "Diluted EPS": -0.45,
        "Total Revenue": 36,
        "Gross Profit": 22,
        "Operating Income": -9,
        "EBIT": -7,
        "Net Income": -10
    },
    "2012-12-31": {
        "Diluted EPS": 0.0,
        "Total Revenue": NaN,
        "Gross Profit": NaN,
        "Operating Income": NaN,
        "EBIT": NaN,
        "Net Income": NaN
    },
    "2012-09-30": {
        "Diluted EPS": -0.43,
        "Total Revenue": 30,
        "Gross Profit": 18,
        "Operating Income": -9,
        "EBIT": -9,
        "Net Income": -10
    },
    "2011-12-31": {
        "Diluted EPS": 0.0,
        "Total Revenue": NaN,
        "Gross Profit": NaN,
        "Operating Income": NaN,
        "EBIT": NaN,
        "Net Income": NaN
    },
    "2010-12-31": {
        "Diluted EPS": 0.0,
        "Total Revenue": NaN,
        "Gross Profit": NaN,
        "Operating Income": NaN,
        "EBIT": NaN,
        "Net Income": NaN
    },
    "2023-06-30": {
        "Tax Effect Of Unusual Items": 0.0,
        "Tax Rate For Calcs": 0.21,
        "Normalized EBITDA": 48627000.0,
        "Total Unusual Items": NaN,
        "Total Unusual Items Excluding Goodwill": NaN,
        "Net Income From Continuing Operation Net Minority Interest": -21482000.0,
        "Reconciled Depreciation": 58038000.0,
        "Reconciled Cost Of Revenue": 164417000.0,
        "EBITDA": 48627000.0,
        "EBIT": -9411000.0,
        "Net Interest Income": -5118000.0,
        "Interest Expense": 5118000.0,
        "Normalized Income": -21482000.0,
        "Net Income From Continuing And Discontinued Operation": -21482000.0,
        "Total Expenses": 584367000.0,
        "Total Operating Income As Reported": -45062000.0,
        "Diluted Average Shares": 95339000.0,
        "Basic Average Shares": 95339000.0,
        "Diluted EPS": -0.23,
        "Basic EPS": -0.23,
        "Diluted NI Availto Com Stockholders": -21482000.0,
        "Net Income Common Stockholders": -21482000.0,
        "Net Income": -21482000.0,
        "Net Income Including Noncontrolling Interests": -21482000.0,
        "Net Income Continuous Operations": -21482000.0,
        "Tax Provision": 6953000.0,
        "Pretax Income": -14529000.0,
        "Other Income Expense": 35651000.0,
        "Other Non Operating Income Expenses": 35651000.0,
        "Special Income Charges": NaN,
        "Write Off": NaN,
        "Net Non Operating Interest Income Expense": -5118000.0,
        "Interest Expense Non Operating": 5118000.0,
        "Operating Income": -45062000.0,
        "Operating Expense": 419950000.0,
        "Research And Development": 80280000.0,
        "Selling General And Administration": 339670000.0,
        "Selling And Marketing Expense": 264443000.0,
        "General And Administrative Expense": 75227000.0,
        "Other Gand A": 75227000.0,
        "Gross Profit": 374888000.0,
        "Cost Of Revenue": 164417000.0,
        "Total Revenue": 539305000.0,
        "Operating Revenue": 513632000.0
    },
    "2023-09-30": {
        "Tax Effect Of Unusual Items": NaN,
        "Tax Rate For Calcs": NaN,
        "Normalized EBITDA": NaN,
        "Total Unusual Items": 0.0,
        "Total Unusual Items Excluding Goodwill": 0.0,
        "Net Income From Continuing Operation Net Minority Interest": NaN,
        "Reconciled Depreciation": NaN,
        "Reconciled Cost Of Revenue": NaN,
        "EBITDA": NaN,
        "EBIT": NaN,
        "Net Interest Income": NaN,
        "Interest Expense": NaN,
        "Normalized Income": NaN,
        "Net Income From Continuing And Discontinued Operation": NaN,
        "Total Expenses": NaN,
        "Total Operating Income As Reported": NaN,
        "Diluted Average Shares": NaN,
        "Basic Average Shares": NaN,
        "Diluted EPS": NaN,
        "Basic EPS": NaN,
        "Diluted NI Availto Com Stockholders": NaN,
        "Net Income Common Stockholders": NaN,
        "Net Income": NaN,
        "Net Income Including Noncontrolling Interests": NaN,
        "Net Income Continuous Operations": NaN,
        "Tax Provision": NaN,
        "Pretax Income": NaN,
        "Other Income Expense": NaN,
        "Other Non Operating Income Expenses": NaN,
        "Special Income Charges": 0.0,
        "Write Off": 0.0,
        "Net Non Operating Interest Income Expense": NaN,
        "Interest Expense Non Operating": NaN,
        "Operating Income": NaN,
        "Operating Expense": NaN,
        "Research And Development": NaN,
        "Selling General And Administration": NaN,
        "Selling And Marketing Expense": NaN,
        "General And Administrative Expense": NaN,
        "Other Gand A": NaN,
        "Gross Profit": NaN,
        "Cost Of Revenue": NaN,
        "Total Revenue": NaN,
        "Operating Revenue": NaN
    },
    "2023-12-31": {
        "Tax Effect Of Unusual Items": NaN,
        "Tax Rate For Calcs": NaN,
        "Normalized EBITDA": NaN,
        "Total Unusual Items": 0.0,
        "Total Unusual Items Excluding Goodwill": 0.0,
        "Net Income From Continuing Operation Net Minority Interest": NaN,
        "Reconciled Depreciation": NaN,
        "Reconciled Cost Of Revenue": NaN,
        "EBITDA": NaN,
        "EBIT": NaN,
        "Net Interest Income": NaN,
        "Interest Expense": NaN,
        "Normalized Income": NaN,
        "Net Income From Continuing And Discontinued Operation": NaN,
        "Total Expenses": NaN,
        "Total Operating Income As Reported": NaN,
        "Diluted Average Shares": NaN,
        "Basic Average Shares": NaN,
        "Diluted EPS": NaN,
        "Basic EPS": NaN,
        "Diluted NI Availto Com Stockholders": NaN,
        "Net Income Common Stockholders": NaN,
        "Net Income": NaN,
        "Net Income Including Noncontrolling Interests": NaN,
        "Net Income Continuous Operations": NaN,
        "Tax Provision": NaN,
        "Pretax Income": NaN,
        "Other Income Expense": NaN,
        "Other Non Operating Income Expenses": NaN,
        "Special Income Charges": 0.0,
        "Write Off": 0.0,
        "Net Non Operating Interest Income Expense": NaN,
        "Interest Expense Non Operating": NaN,
        "Operating Income": NaN,
        "Operating Expense": NaN,
        "Research And Development": NaN,
        "Selling General And Administration": NaN,
        "Selling And Marketing Expense": NaN,
        "General And Administrative Expense": NaN,
        "Other Gand A": NaN,
        "Gross Profit": NaN,
        "Cost Of Revenue": NaN,
        "Total Revenue": NaN,
        "Operating Revenue": NaN
    },
    "2024-03-31": {
        "Tax Effect Of Unusual Items": 0.0,
        "Tax Rate For Calcs": 0.21,
        "Normalized EBITDA": 47696000.0,
        "Total Unusual Items": NaN,
        "Total Unusual Items Excluding Goodwill": NaN,
        "Net Income From Continuing Operation Net Minority Interest": -28494000.0,
        "Reconciled Depreciation": 56651000.0,
        "Reconciled Cost Of Revenue": 170479000.0,
        "EBITDA": 47696000.0,
        "EBIT": -8955000.0,
        "Net Interest Income": -16254000.0,
        "Interest Expense": 16254000.0,
        "Normalized Income": -28494000.0,
        "Net Income From Continuing And Discontinued Operation": -28494000.0,
        "Total Expenses": 595110000.0,
        "Total Operating Income As Reported": -10899000.0,
        "Diluted Average Shares": 93142000.0,
        "Basic Average Shares": 93142000.0,
        "Diluted EPS": -0.31,
        "Basic EPS": -0.31,
        "Diluted NI Availto Com Stockholders": -28494000.0,
        "Net Income Common Stockholders": -28494000.0,
        "Net Income": -28494000.0,
        "Net Income Including Noncontrolling Interests": -28494000.0,
        "Net Income Continuous Operations": -28494000.0,
        "Tax Provision": 3285000.0,
        "Pretax Income": -25209000.0,
        "Other Income Expense": 1944000.0,
        "Other Non Operating Income Expenses": 1944000.0,
        "Special Income Charges": NaN,
        "Write Off": NaN,
        "Net Non Operating Interest Income Expense": -16254000.0,
        "Interest Expense Non Operating": 16254000.0,
        "Operating Income": -10899000.0,
        "Operating Expense": 424631000.0,
        "Research And Development": 80528000.0,
        "Selling General And Administration": 344103000.0,
        "Selling And Marketing Expense": 272730000.0,
        "General And Administrative Expense": 71373000.0,
        "Other Gand A": 71373000.0,
        "Gross Profit": 413732000.0,
        "Cost Of Revenue": 170479000.0,
        "Total Revenue": 584211000.0,
        "Operating Revenue": 557487000.0
    },
    "2024-06-30": {
        "Tax Effect Of Unusual Items": 0.0,
        "Tax Rate For Calcs": 0.21,
        "Normalized EBITDA": 60767000.0,
        "Total Unusual Items": NaN,
        "Total Unusual Items Excluding Goodwill": NaN,
        "Net Income From Continuing Operation Net Minority Interest": -14753000.0,
        "Reconciled Depreciation": 56323000.0,
        "Reconciled Cost Of Revenue": 176670000.0,
        "EBITDA": 60767000.0,
        "EBIT": 4444000.0,
        "Net Interest Income": -16021000.0,
        "Interest Expense": 16021000.0,
        "Normalized Income": -14753000.0,
        "Net Income From Continuing And Discontinued Operation": -14753000.0,
        "Total Expenses": 598266000.0,
        "Total Operating Income As Reported": -5359000.0,
        "Diluted Average Shares": 92745000.0,
        "Basic Average Shares": 92745000.0,
        "Diluted EPS": -0.16,
        "Basic EPS": -0.16,
        "Diluted NI Availto Com Stockholders": -14753000.0,
        "Net Income Common Stockholders": -14753000.0,
        "Net Income": -14753000.0,
        "Net Income Including Noncontrolling Interests": -14753000.0,
        "Net Income Continuous Operations": -14753000.0,
        "Tax Provision": 3176000.0,
        "Pretax Income": -11577000.0,
        "Other Income Expense": 9803000.0,
        "Other Non Operating Income Expenses": 9803000.0,
        "Special Income Charges": NaN,
        "Write Off": NaN,
        "Net Non Operating Interest Income Expense": -16021000.0,
        "Interest Expense Non Operating": 16021000.0,
        "Operating Income": -5359000.0,
        "Operating Expense": 421596000.0,
        "Research And Development": 79750000.0,
        "Selling General And Administration": 341846000.0,
        "Selling And Marketing Expense": 269487000.0,
        "General And Administrative Expense": 72359000.0,
        "Other Gand A": 72359000.0,
        "Gross Profit": 416237000.0,
        "Cost Of Revenue": 176670000.0,
        "Total Revenue": 592907000.0,
        "Operating Revenue": 567058000.0
    },
    "2024-09-30": {
        "Tax Effect Of Unusual Items": 0.0,
        "Tax Rate For Calcs": 0.347161,
        "Normalized EBITDA": 58947000.0,
        "Total Unusual Items": NaN,
        "Total Unusual Items Excluding Goodwill": NaN,
        "Net Income From Continuing Operation Net Minority Interest": -7853000.0,
        "Reconciled Depreciation": 54583000.0,
        "Reconciled Cost Of Revenue": 180184000.0,
        "EBITDA": 58947000.0,
        "EBIT": 4364000.0,
        "Net Interest Income": -16393000.0,
        "Interest Expense": 16393000.0,
        "Normalized Income": -7853000.0,
        "Net Income From Continuing And Discontinued Operation": -7853000.0,
        "Total Expenses": 605474000.0,
        "Total Operating Income As Reported": 3291000.0,
        "Diluted Average Shares": 91892000.0,
        "Basic Average Shares": 91892000.0,
        "Diluted EPS": -0.09,
        "Basic EPS": -0.09,
        "Diluted NI Availto Com Stockholders": -7853000.0,
        "Net Income Common Stockholders": -7853000.0,
        "Net Income": -7853000.0,
        "Net Income Including Noncontrolling Interests": -7853000.0,
        "Net Income Continuous Operations": -7853000.0,
        "Tax Provision": -4176000.0,
        "Pretax Income": -12029000.0,
        "Other Income Expense": 1073000.0,
        "Other Non Operating Income Expenses": 1073000.0,
        "Special Income Charges": NaN,
        "Write Off": NaN,
        "Net Non Operating Interest Income Expense": -16393000.0,
        "Interest Expense Non Operating": 16393000.0,
        "Operating Income": 3291000.0,
        "Operating Expense": 425290000.0,
        "Research And Development": 84144000.0,
        "Selling General And Administration": 341146000.0,
        "Selling And Marketing Expense": 276976000.0,
        "General And Administrative Expense": 64170000.0,
        "Other Gand A": 64170000.0,
        "Gross Profit": 428581000.0,
        "Cost Of Revenue": 180184000.0,
        "Total Revenue": 608765000.0,
        "Operating Revenue": 582970000.0
    },
    "2024-12-31": {
        "Tax Effect Of Unusual Items": 0.0,
        "Tax Rate For Calcs": 0.21,
        "Normalized EBITDA": 72969000.0,
        "Total Unusual Items": NaN,
        "Total Unusual Items Excluding Goodwill": NaN,
        "Net Income From Continuing Operation Net Minority Interest": -7188000.0,
        "Reconciled Depreciation": 55052000.0,
        "Reconciled Cost Of Revenue": 178174000.0,
        "EBITDA": 72969000.0,
        "EBIT": 17917000.0,
        "Net Interest Income": -16327000.0,
        "Interest Expense": 16327000.0,
        "Normalized Income": -7188000.0,
        "Net Income From Continuing And Discontinued Operation": -7188000.0,
        "Total Expenses": 598875000.0,
        "Total Operating Income As Reported": 15637000.0,
        "Diluted Average Shares": 90678000.0,
        "Basic Average Shares": 90678000.0,
        "Diluted EPS": -0.08,
        "Basic EPS": -0.08,
        "Diluted NI Availto Com Stockholders": -7188000.0,
        "Net Income Common Stockholders": -7188000.0,
        "Net Income": -7188000.0,
        "Net Income Including Noncontrolling Interests": -7188000.0,
        "Net Income Continuous Operations": -7188000.0,
        "Tax Provision": 8778000.0,
        "Pretax Income": 1590000.0,
        "Other Income Expense": 2280000.0,
        "Other Non Operating Income Expenses": 2280000.0,
        "Special Income Charges": NaN,
        "Write Off": NaN,
        "Net Non Operating Interest Income Expense": -16327000.0,
        "Interest Expense Non Operating": 16327000.0,
        "Operating Income": 15637000.0,
        "Operating Expense": 420701000.0,
        "Research And Development": 84901000.0,
        "Selling General And Administration": 335800000.0,
        "Selling And Marketing Expense": 277255000.0,
        "General And Administrative Expense": 58545000.0,
        "Other Gand A": 58545000.0,
        "Gross Profit": 436338000.0,
        "Cost Of Revenue": 178174000.0,
        "Total Revenue": 614512000.0,
        "Operating Revenue": 589677000.0
    },
    "2025-03-31": {
        "Tax Effect Of Unusual Items": 0.0,
        "Tax Rate For Calcs": 0.21,
        "Normalized EBITDA": 66803000.0,
        "Total Unusual Items": NaN,
        "Total Unusual Items Excluding Goodwill": NaN,
        "Net Income From Continuing Operation Net Minority Interest": -10328000.0,
        "Reconciled Depreciation": 55061000.0,
        "Reconciled Cost Of Revenue": 180450000.0,
        "EBITDA": 66803000.0,
        "EBIT": 11742000.0,
        "Net Interest Income": -16115000.0,
        "Interest Expense": 16115000.0,
        "Normalized Income": -10328000.0,
        "Net Income From Continuing And Discontinued Operation": -10328000.0,
        "Total Expenses": 601716000.0,
        "Total Operating Income As Reported": 10340000.0,
        "Diluted Average Shares": 91015000.0,
        "Basic Average Shares": 91015000.0,
        "Diluted EPS": -0.11,
        "Basic EPS": -0.11,
        "Diluted NI Availto Com Stockholders": -10328000.0,
        "Net Income Common Stockholders": -10328000.0,
        "Net Income": -10328000.0,
        "Net Income Including Noncontrolling Interests": -10328000.0,
        "Net Income Continuous Operations": -10328000.0,
        "Tax Provision": 5955000.0,
        "Pretax Income": -4373000.0,
        "Other Income Expense": 1402000.0,
        "Other Non Operating Income Expenses": 1402000.0,
        "Special Income Charges": NaN,
        "Write Off": NaN,
        "Net Non Operating Interest Income Expense": -16115000.0,
        "Interest Expense Non Operating": 16115000.0,
        "Operating Income": 10340000.0,
        "Operating Expense": 421266000.0,
        "Research And Development": 81983000.0,
        "Selling General And Administration": 339283000.0,
        "Selling And Marketing Expense": 274898000.0,
        "General And Administrative Expense": 64385000.0,
        "Other Gand A": 64385000.0,
        "Gross Profit": 431606000.0,
        "Cost Of Revenue": 180450000.0,
        "Total Revenue": 612056000.0,
        "Operating Revenue": 590112000.0
    },
    "2025-06-30": {
        "Tax Effect Of Unusual Items": 0.0,
        "Tax Rate For Calcs": 0.158449,
        "Normalized EBITDA": 87064000.0,
        "Total Unusual Items": NaN,
        "Total Unusual Items Excluding Goodwill": NaN,
        "Net Income From Continuing Operation Net Minority Interest": 13193000.0,
        "Reconciled Depreciation": 54921000.0,
        "Reconciled Cost Of Revenue": 178950000.0,
        "EBITDA": 87064000.0,
        "EBIT": 32143000.0,
        "Net Interest Income": -16466000.0,
        "Interest Expense": 16466000.0,
        "Normalized Income": 13193000.0,
        "Net Income From Continuing And Discontinued Operation": 13193000.0,
        "Total Expenses": 583435000.0,
        "Total Operating Income As Reported": 36963000.0,
        "Diluted Average Shares": 92056000.0,
        "Basic Average Shares": 90710000.0,
        "Diluted EPS": 0.14,
        "Basic EPS": 0.14,
        "Diluted NI Availto Com Stockholders": 13193000.0,
        "Net Income Common Stockholders": 13193000.0,
        "Net Income": 13193000.0,
        "Net Income Including Noncontrolling Interests": 13193000.0,
        "Net Income Continuous Operations": 13193000.0,
        "Tax Provision": 2484000.0,
        "Pretax Income": 15677000.0,
        "Other Income Expense": -4820000.0,
        "Other Non Operating Income Expenses": -4820000.0,
        "Special Income Charges": NaN,
        "Write Off": NaN,
        "Net Non Operating Interest Income Expense": -16466000.0,
        "Interest Expense Non Operating": 16466000.0,
        "Operating Income": 36963000.0,
        "Operating Expense": 404485000.0,
        "Research And Development": 77539000.0,
        "Selling General And Administration": 326946000.0,
        "Selling And Marketing Expense": 263585000.0,
        "General And Administrative Expense": 63361000.0,
        "Other Gand A": 63361000.0,
        "Gross Profit": 441448000.0,
        "Cost Of Revenue": 178950000.0,
        "Total Revenue": 620398000.0,
        "Operating Revenue": 598728000.0
    }
}