{
    "2024-09-30": {
        "Tax Effect Of Unusual Items": 0.0,
        "Tax Rate For Calcs": 0.0,
        "Normalized EBITDA": -6071000.0,
        "Total Unusual Items": 0.0,
        "Total Unusual Items Excluding Goodwill": 0.0,
        "Net Income From Continuing Operation Net Minority Interest": -5847000.0,
        "Reconciled Depreciation": 0.0,
        "EBITDA": -6071000.0,
        "EBIT": -6071000.0,
        "Normalized Income": -5847000.0,
        "Net Income From Continuing And Discontinued Operation": -5847000.0,
        "Total Expenses": 6071000.0,
        "Total Operating Income As Reported": -6071000.0,
        "Diluted Average Shares": 21663089.0,
        "Basic Average Shares": 21663089.0,
        "Diluted EPS": -0.27,
        "Basic EPS": -0.27,
        "Diluted NI Availto Com Stockholders": -5847000.0,
        "Net Income Common Stockholders": -5847000.0,
        "Net Income": -5847000.0,
        "Net Income Including Noncontrolling Interests": -5847000.0,
        "Net Income Continuous Operations": -5847000.0,
        "Pretax Income": -5847000.0,
        "Other Income Expense": 224000.0,
        "Other Non Operating Income Expenses": 224000.0,
        "Special Income Charges": 0.0,
        "Restructuring And Mergern Acquisition": 0.0,
        "Operating Income": -6071000.0,
        "Operating Expense": 6071000.0,
        "Research And Development": 3722000.0,
        "Selling General And Administration": 2349000.0,
        "General And Administrative Expense": 2349000.0,
        "Other Gand A": 2349000.0,
        "Total Revenue": 0.0,
        "Operating Revenue": 0.0
    },
    "2024-06-30": {
        "Tax Effect Of Unusual Items": 0.0,
        "Tax Rate For Calcs": 0.0,
        "Normalized EBITDA": -9035000.0,
        "Total Unusual Items": 0.0,
        "Total Unusual Items Excluding Goodwill": 0.0,
        "Net Income From Continuing Operation Net Minority Interest": -8942000.0,
        "Reconciled Depreciation": 4000.0,
        "EBITDA": -9035000.0,
        "EBIT": -9039000.0,
        "Normalized Income": -8942000.0,
        "Net Income From Continuing And Discontinued Operation": -8942000.0,
        "Total Expenses": 9039000.0,
        "Total Operating Income As Reported": -9039000.0,
        "Diluted Average Shares": 19911462.0,
        "Basic Average Shares": 19911462.0,
        "Diluted EPS": -0.45,
        "Basic EPS": -0.45,
        "Diluted NI Availto Com Stockholders": -8942000.0,
        "Net Income Common Stockholders": -8942000.0,
        "Net Income": -8942000.0,
        "Net Income Including Noncontrolling Interests": -8942000.0,
        "Net Income Continuous Operations": -8942000.0,
        "Pretax Income": -8942000.0,
        "Other Income Expense": 97000.0,
        "Other Non Operating Income Expenses": 97000.0,
        "Special Income Charges": 0.0,
        "Restructuring And Mergern Acquisition": 0.0,
        "Operating Income": -9039000.0,
        "Operating Expense": 9039000.0,
        "Research And Development": 3741000.0,
        "Selling General And Administration": 5298000.0,
        "General And Administrative Expense": 5298000.0,
        "Other Gand A": 5298000.0,
        "Total Revenue": 0.0,
        "Operating Revenue": 0.0
    },
    "2024-03-31": {
        "Tax Effect Of Unusual Items": NaN,
        "Tax Rate For Calcs": NaN,
        "Normalized EBITDA": NaN,
        "Total Unusual Items": 0.0,
        "Total Unusual Items Excluding Goodwill": 0.0,
        "Net Income From Continuing Operation Net Minority Interest": NaN,
        "Reconciled Depreciation": NaN,
        "EBITDA": NaN,
        "EBIT": NaN,
        "Normalized Income": NaN,
        "Net Income From Continuing And Discontinued Operation": NaN,
        "Total Expenses": NaN,
        "Total Operating Income As Reported": NaN,
        "Diluted Average Shares": 8301798.0,
        "Basic Average Shares": 8301798.0,
        "Diluted EPS": -0.86,
        "Basic EPS": -0.86,
        "Diluted NI Availto Com Stockholders": NaN,
        "Net Income Common Stockholders": NaN,
        "Net Income": NaN,
        "Net Income Including Noncontrolling Interests": NaN,
        "Net Income Continuous Operations": NaN,
        "Pretax Income": NaN,
        "Other Income Expense": NaN,
        "Other Non Operating Income Expenses": NaN,
        "Special Income Charges": 0.0,
        "Restructuring And Mergern Acquisition": 0.0,
        "Operating Income": NaN,
        "Operating Expense": NaN,
        "Research And Development": NaN,
        "Selling General And Administration": NaN,
        "General And Administrative Expense": NaN,
        "Other Gand A": NaN,
        "Total Revenue": NaN,
        "Operating Revenue": NaN
    },
    "2023-12-31": {
        "Tax Effect Of Unusual Items": NaN,
        "Tax Rate For Calcs": NaN,
        "Normalized EBITDA": NaN,
        "Total Unusual Items": 212000.0,
        "Total Unusual Items Excluding Goodwill": 212000.0,
        "Net Income From Continuing Operation Net Minority Interest": NaN,
        "Reconciled Depreciation": NaN,
        "EBITDA": NaN,
        "EBIT": NaN,
        "Net Interest Income": 78000.0,
        "Interest Income": 78000.0,
        "Normalized Income": NaN,
        "Net Income From Continuing And Discontinued Operation": NaN,
        "Total Expenses": NaN,
        "Total Operating Income As Reported": NaN,
        "Diluted Average Shares": NaN,
        "Basic Average Shares": NaN,
        "Diluted EPS": NaN,
        "Basic EPS": NaN,
        "Diluted NI Availto Com Stockholders": NaN,
        "Net Income Common Stockholders": NaN,
        "Net Income": NaN,
        "Net Income Including Noncontrolling Interests": NaN,
        "Net Income Continuous Operations": NaN,
        "Pretax Income": NaN,
        "Other Income Expense": NaN,
        "Other Non Operating Income Expenses": NaN,
        "Special Income Charges": 12000.0,
        "Restructuring And Mergern Acquisition": -12000.0,
        "Net Non Operating Interest Income Expense": 78000.0,
        "Interest Income Non Operating": 78000.0,
        "Operating Income": NaN,
        "Operating Expense": NaN,
        "Research And Development": NaN,
        "Selling General And Administration": NaN,
        "General And Administrative Expense": NaN,
        "Other Gand A": NaN,
        "Total Revenue": NaN,
        "Operating Revenue": NaN
    },
    "2023-09-30": {
        "Tax Effect Of Unusual Items": NaN,
        "Tax Rate For Calcs": NaN,
        "Normalized EBITDA": NaN,
        "Total Unusual Items": NaN,
        "Total Unusual Items Excluding Goodwill": NaN,
        "Net Income From Continuing Operation Net Minority Interest": NaN,
        "Reconciled Depreciation": NaN,
        "EBITDA": NaN,
        "EBIT": NaN,
        "Net Interest Income": 155000.0,
        "Interest Income": 155000.0,
        "Normalized Income": NaN,
        "Net Income From Continuing And Discontinued Operation": NaN,
        "Total Expenses": NaN,
        "Total Operating Income As Reported": NaN,
        "Diluted Average Shares": 4541167.0,
        "Basic Average Shares": 4541167.0,
        "Diluted EPS": -0.4,
        "Basic EPS": -0.4,
        "Diluted NI Availto Com Stockholders": NaN,
        "Net Income Common Stockholders": NaN,
        "Net Income": NaN,
        "Net Income Including Noncontrolling Interests": NaN,
        "Net Income Continuous Operations": NaN,
        "Pretax Income": NaN,
        "Other Income Expense": NaN,
        "Other Non Operating Income Expenses": NaN,
        "Special Income Charges": NaN,
        "Restructuring And Mergern Acquisition": NaN,
        "Net Non Operating Interest Income Expense": 155000.0,
        "Interest Income Non Operating": 155000.0,
        "Operating Income": NaN,
        "Operating Expense": NaN,
        "Research And Development": NaN,
        "Selling General And Administration": NaN,
        "General And Administrative Expense": NaN,
        "Other Gand A": NaN,
        "Total Revenue": NaN,
        "Operating Revenue": NaN
    },
    "2023-06-30": {
        "Tax Effect Of Unusual Items": NaN,
        "Tax Rate For Calcs": NaN,
        "Normalized EBITDA": NaN,
        "Total Unusual Items": NaN,
        "Total Unusual Items Excluding Goodwill": NaN,
        "Net Income From Continuing Operation Net Minority Interest": NaN,
        "Reconciled Depreciation": NaN,
        "EBITDA": NaN,
        "EBIT": NaN,
        "Net Interest Income": 112000.0,
        "Interest Income": 112000.0,
        "Normalized Income": NaN,
        "Net Income From Continuing And Discontinued Operation": NaN,
        "Total Expenses": NaN,
        "Total Operating Income As Reported": NaN,
        "Diluted Average Shares": 4541167.0,
        "Basic Average Shares": 4541167.0,
        "Diluted EPS": -0.39,
        "Basic EPS": -0.39,
        "Diluted NI Availto Com Stockholders": NaN,
        "Net Income Common Stockholders": NaN,
        "Net Income": NaN,
        "Net Income Including Noncontrolling Interests": NaN,
        "Net Income Continuous Operations": NaN,
        "Pretax Income": NaN,
        "Other Income Expense": NaN,
        "Other Non Operating Income Expenses": 205000.0,
        "Special Income Charges": NaN,
        "Restructuring And Mergern Acquisition": NaN,
        "Net Non Operating Interest Income Expense": 112000.0,
        "Interest Income Non Operating": 112000.0,
        "Operating Income": NaN,
        "Operating Expense": NaN,
        "Research And Development": NaN,
        "Selling General And Administration": NaN,
        "General And Administrative Expense": NaN,
        "Other Gand A": NaN,
        "Total Revenue": NaN,
        "Operating Revenue": NaN
    },
    "2024-12-31": {
        "Tax Effect Of Unusual Items": 0.0,
        "Tax Rate For Calcs": 0.0,
        "Normalized EBITDA": 30903000.0,
        "Total Unusual Items": -36700000.0,
        "Total Unusual Items Excluding Goodwill": -36700000.0,
        "Net Income From Continuing Operation Net Minority Interest": -40981000.0,
        "Reconciled Depreciation": 0.0,
        "EBITDA": -5797000.0,
        "EBIT": -5797000.0,
        "Normalized Income": -4281000.0,
        "Net Income From Continuing And Discontinued Operation": -40981000.0,
        "Total Expenses": 5797000.0,
        "Total Operating Income As Reported": -42797000.0,
        "Diluted Average Shares": NaN,
        "Basic Average Shares": NaN,
        "Diluted EPS": NaN,
        "Basic EPS": NaN,
        "Diluted NI Availto Com Stockholders": -40981000.0,
        "Net Income Common Stockholders": -40981000.0,
        "Net Income": -40981000.0,
        "Net Income Including Noncontrolling Interests": -40866000.0,
        "Net Income Continuous Operations": -40866000.0,
        "Pretax Income": -42410000.0,
        "Other Income Expense": -37013000.0,
        "Other Non Operating Income Expenses": -313000.0,
        "Special Income Charges": -37000000.0,
        "Restructuring And Mergern Acquisition": 0.0,
        "Operating Income": -5797000.0,
        "Operating Expense": 5797000.0,
        "Research And Development": 3322000.0,
        "Selling General And Administration": 2475000.0,
        "General And Administrative Expense": 2475000.0,
        "Other Gand A": -2990000.0,
        "Total Revenue": 0.0,
        "Operating Revenue": 0.0
    },
    "2025-03-31": {
        "Tax Effect Of Unusual Items": 0.0,
        "Tax Rate For Calcs": 0.0,
        "Normalized EBITDA": -5609000.0,
        "Total Unusual Items": NaN,
        "Total Unusual Items Excluding Goodwill": NaN,
        "Net Income From Continuing Operation Net Minority Interest": -5501000.0,
        "Reconciled Depreciation": 0.0,
        "EBITDA": -5609000.0,
        "EBIT": -5609000.0,
        "Normalized Income": -5501000.0,
        "Net Income From Continuing And Discontinued Operation": -5501000.0,
        "Total Expenses": 5609000.0,
        "Total Operating Income As Reported": -5609000.0,
        "Diluted Average Shares": 21915891.0,
        "Basic Average Shares": 21915891.0,
        "Diluted EPS": -0.25,
        "Basic EPS": -0.25,
        "Diluted NI Availto Com Stockholders": -5501000.0,
        "Net Income Common Stockholders": -5501000.0,
        "Net Income": -5501000.0,
        "Net Income Including Noncontrolling Interests": -5501000.0,
        "Net Income Continuous Operations": -5501000.0,
        "Pretax Income": -5501000.0,
        "Other Income Expense": 108000.0,
        "Other Non Operating Income Expenses": 108000.0,
        "Special Income Charges": NaN,
        "Restructuring And Mergern Acquisition": NaN,
        "Operating Income": -5609000.0,
        "Operating Expense": 5609000.0,
        "Research And Development": 3054000.0,
        "Selling General And Administration": 2555000.0,
        "General And Administrative Expense": 2555000.0,
        "Other Gand A": 2555000.0,
        "Total Revenue": 0.0,
        "Operating Revenue": 0.0
    },
    "2025-06-30": {
        "Tax Effect Of Unusual Items": 0.0,
        "Tax Rate For Calcs": 0.0,
        "Normalized EBITDA": -6870000.0,
        "Total Unusual Items": NaN,
        "Total Unusual Items Excluding Goodwill": NaN,
        "Net Income From Continuing Operation Net Minority Interest": -6822000.0,
        "Reconciled Depreciation": 1000.0,
        "EBITDA": -6870000.0,
        "EBIT": -6871000.0,
        "Normalized Income": -6822000.0,
        "Net Income From Continuing And Discontinued Operation": -6822000.0,
        "Total Expenses": 6871000.0,
        "Total Operating Income As Reported": -6871000.0,
        "Diluted Average Shares": 24187536.0,
        "Basic Average Shares": 24187536.0,
        "Diluted EPS": -0.28,
        "Basic EPS": -0.28,
        "Diluted NI Availto Com Stockholders": -6822000.0,
        "Net Income Common Stockholders": -6822000.0,
        "Net Income": -6822000.0,
        "Net Income Including Noncontrolling Interests": -6822000.0,
        "Net Income Continuous Operations": -6822000.0,
        "Pretax Income": -6822000.0,
        "Other Income Expense": 49000.0,
        "Other Non Operating Income Expenses": 49000.0,
        "Special Income Charges": NaN,
        "Restructuring And Mergern Acquisition": NaN,
        "Operating Income": -6871000.0,
        "Operating Expense": 6871000.0,
        "Research And Development": 4292000.0,
        "Selling General And Administration": 2579000.0,
        "General And Administrative Expense": 2579000.0,
        "Other Gand A": 2579000.0,
        "Total Revenue": 0.0,
        "Operating Revenue": 0.0
    }
}