{
    "2023-03-31": {
        "Tax Effect Of Unusual Items": NaN,
        "Tax Rate For Calcs": NaN,
        "Normalized EBITDA": NaN,
        "Total Unusual Items": NaN,
        "Total Unusual Items Excluding Goodwill": NaN,
        "Net Income From Continuing Operation Net Minority Interest": NaN,
        "Reconciled Depreciation": NaN,
        "Reconciled Cost Of Revenue": NaN,
        "EBITDA": NaN,
        "EBIT": NaN,
        "Net Interest Income": NaN,
        "Interest Expense": NaN,
        "Normalized Income": NaN,
        "Net Income From Continuing And Discontinued Operation": NaN,
        "Total Expenses": NaN,
        "Total Operating Income As Reported": NaN,
        "Diluted Average Shares": 51827365.0,
        "Basic Average Shares": 51827365.0,
        "Diluted EPS": -0.11,
        "Basic EPS": -0.11,
        "Diluted NI Availto Com Stockholders": NaN,
        "Net Income Common Stockholders": NaN,
        "Net Income": NaN,
        "Net Income Including Noncontrolling Interests": NaN,
        "Net Income Continuous Operations": NaN,
        "Tax Provision": NaN,
        "Pretax Income": NaN,
        "Other Income Expense": NaN,
        "Other Non Operating Income Expenses": NaN,
        "Special Income Charges": NaN,
        "Gain On Sale Of Ppe": NaN,
        "Net Non Operating Interest Income Expense": NaN,
        "Interest Expense Non Operating": NaN,
        "Operating Income": NaN,
        "Operating Expense": NaN,
        "Selling General And Administration": NaN,
        "General And Administrative Expense": NaN,
        "Other Gand A": NaN,
        "Gross Profit": NaN,
        "Cost Of Revenue": NaN,
        "Total Revenue": NaN,
        "Operating Revenue": NaN
    },
    "2022-12-31": {
        "Tax Effect Of Unusual Items": NaN,
        "Tax Rate For Calcs": NaN,
        "Normalized EBITDA": NaN,
        "Total Unusual Items": NaN,
        "Total Unusual Items Excluding Goodwill": NaN,
        "Net Income From Continuing Operation Net Minority Interest": NaN,
        "Reconciled Depreciation": NaN,
        "Reconciled Cost Of Revenue": NaN,
        "EBITDA": NaN,
        "EBIT": NaN,
        "Net Interest Income": NaN,
        "Interest Expense": NaN,
        "Normalized Income": NaN,
        "Net Income From Continuing And Discontinued Operation": NaN,
        "Total Expenses": NaN,
        "Total Operating Income As Reported": NaN,
        "Diluted Average Shares": NaN,
        "Basic Average Shares": NaN,
        "Diluted EPS": NaN,
        "Basic EPS": NaN,
        "Diluted NI Availto Com Stockholders": NaN,
        "Net Income Common Stockholders": NaN,
        "Net Income": NaN,
        "Net Income Including Noncontrolling Interests": NaN,
        "Net Income Continuous Operations": NaN,
        "Tax Provision": NaN,
        "Pretax Income": NaN,
        "Other Income Expense": NaN,
        "Other Non Operating Income Expenses": NaN,
        "Special Income Charges": NaN,
        "Gain On Sale Of Ppe": NaN,
        "Net Non Operating Interest Income Expense": NaN,
        "Interest Expense Non Operating": NaN,
        "Operating Income": NaN,
        "Operating Expense": NaN,
        "Other Operating Expenses": -5389000.0,
        "Selling General And Administration": NaN,
        "General And Administrative Expense": NaN,
        "Other Gand A": NaN,
        "Gross Profit": NaN,
        "Cost Of Revenue": NaN,
        "Total Revenue": NaN,
        "Operating Revenue": NaN
    },
    "2022-09-30": {
        "Tax Effect Of Unusual Items": NaN,
        "Tax Rate For Calcs": NaN,
        "Normalized EBITDA": NaN,
        "Total Unusual Items": NaN,
        "Total Unusual Items Excluding Goodwill": NaN,
        "Net Income From Continuing Operation Net Minority Interest": NaN,
        "Reconciled Depreciation": NaN,
        "Reconciled Cost Of Revenue": NaN,
        "EBITDA": NaN,
        "EBIT": NaN,
        "Net Interest Income": NaN,
        "Interest Expense": NaN,
        "Normalized Income": NaN,
        "Net Income From Continuing And Discontinued Operation": NaN,
        "Total Expenses": NaN,
        "Total Operating Income As Reported": NaN,
        "Diluted Average Shares": NaN,
        "Basic Average Shares": NaN,
        "Diluted EPS": NaN,
        "Basic EPS": NaN,
        "Diluted NI Availto Com Stockholders": NaN,
        "Net Income Common Stockholders": NaN,
        "Net Income": NaN,
        "Net Income Including Noncontrolling Interests": NaN,
        "Net Income Continuous Operations": NaN,
        "Earnings From Equity Interest Net Of Tax": -21000.0,
        "Tax Provision": NaN,
        "Pretax Income": NaN,
        "Other Income Expense": NaN,
        "Other Non Operating Income Expenses": NaN,
        "Special Income Charges": NaN,
        "Gain On Sale Of Ppe": NaN,
        "Net Non Operating Interest Income Expense": NaN,
        "Interest Expense Non Operating": NaN,
        "Operating Income": NaN,
        "Operating Expense": NaN,
        "Other Operating Expenses": NaN,
        "Selling General And Administration": NaN,
        "General And Administrative Expense": NaN,
        "Other Gand A": NaN,
        "Gross Profit": NaN,
        "Cost Of Revenue": NaN,
        "Total Revenue": NaN,
        "Operating Revenue": NaN
    },
    "2022-06-30": {
        "Tax Effect Of Unusual Items": 81585.0,
        "Tax Rate For Calcs": 0.245,
        "Normalized EBITDA": 35088000.0,
        "Total Unusual Items": 333000.0,
        "Total Unusual Items Excluding Goodwill": 333000.0,
        "Net Income From Continuing Operation Net Minority Interest": 12168000.0,
        "Reconciled Depreciation": 17244000.0,
        "Reconciled Cost Of Revenue": 336022000.0,
        "EBITDA": 35421000.0,
        "EBIT": 18177000.0,
        "Net Interest Income": -2054000.0,
        "Interest Expense": 2054000.0,
        "Normalized Income": 11916585.0,
        "Net Income From Continuing And Discontinued Operation": 12168000.0,
        "Total Expenses": 362606000.0,
        "Total Operating Income As Reported": 17999000.0,
        "Diluted Average Shares": 51888511.0,
        "Basic Average Shares": 51793245.0,
        "Diluted EPS": 0.23,
        "Basic EPS": 0.23,
        "Diluted NI Availto Com Stockholders": 12168000.0,
        "Net Income Common Stockholders": 12168000.0,
        "Net Income": 12168000.0,
        "Net Income Including Noncontrolling Interests": 12168000.0,
        "Net Income Continuous Operations": 12168000.0,
        "Earnings From Equity Interest Net Of Tax": 0.0,
        "Tax Provision": 3955000.0,
        "Pretax Income": 16123000.0,
        "Other Income Expense": 511000.0,
        "Other Non Operating Income Expenses": 178000.0,
        "Special Income Charges": 333000.0,
        "Gain On Sale Of Ppe": 333000.0,
        "Net Non Operating Interest Income Expense": -2054000.0,
        "Interest Expense Non Operating": 2054000.0,
        "Operating Income": 17666000.0,
        "Operating Expense": 26584000.0,
        "Other Operating Expenses": NaN,
        "Selling General And Administration": 26584000.0,
        "General And Administrative Expense": 26584000.0,
        "Other Gand A": 26584000.0,
        "Gross Profit": 44250000.0,
        "Cost Of Revenue": 336022000.0,
        "Total Revenue": 380272000.0,
        "Operating Revenue": 380272000.0
    },
    "2023-06-30": {
        "Tax Effect Of Unusual Items": NaN,
        "Tax Rate For Calcs": NaN,
        "Normalized EBITDA": NaN,
        "Total Unusual Items": NaN,
        "Total Unusual Items Excluding Goodwill": NaN,
        "Net Income From Continuing Operation Net Minority Interest": NaN,
        "Reconciled Depreciation": NaN,
        "Reconciled Cost Of Revenue": NaN,
        "EBITDA": NaN,
        "EBIT": NaN,
        "Net Interest Income": NaN,
        "Interest Expense": NaN,
        "Normalized Income": NaN,
        "Net Income From Continuing And Discontinued Operation": NaN,
        "Total Expenses": NaN,
        "Total Operating Income As Reported": NaN,
        "Diluted Average Shares": 52293846.0,
        "Basic Average Shares": 51827448.0,
        "Diluted EPS": 0.41,
        "Basic EPS": 0.42,
        "Diluted NI Availto Com Stockholders": NaN,
        "Net Income Common Stockholders": NaN,
        "Net Income": NaN,
        "Net Income Including Noncontrolling Interests": NaN,
        "Net Income Continuous Operations": NaN,
        "Earnings From Equity Interest Net Of Tax": NaN,
        "Tax Provision": NaN,
        "Pretax Income": NaN,
        "Other Income Expense": NaN,
        "Other Non Operating Income Expenses": NaN,
        "Special Income Charges": NaN,
        "Gain On Sale Of Ppe": NaN,
        "Restructuring And Mergern Acquisition": NaN,
        "Net Non Operating Interest Income Expense": NaN,
        "Interest Expense Non Operating": NaN,
        "Operating Income": NaN,
        "Operating Expense": NaN,
        "Selling General And Administration": NaN,
        "General And Administrative Expense": NaN,
        "Other Gand A": NaN,
        "Gross Profit": NaN,
        "Cost Of Revenue": NaN,
        "Total Revenue": NaN,
        "Operating Revenue": NaN
    },
    "2022-03-31": {
        "Diluted EPS": -0.18,
        "Total Revenue": 243,
        "Gross Profit": 12,
        "Operating Income": -11,
        "EBIT": 6,
        "Net Income": -9
    },
    "2021-12-31": {
        "Diluted EPS": 0.11,
        "Total Revenue": 285,
        "Gross Profit": 33,
        "Operating Income": 8,
        "EBIT": 24,
        "Net Income": 6
    },
    "2021-09-30": {
        "Diluted EPS": 0.16,
        "Total Revenue": 279,
        "Gross Profit": 35,
        "Operating Income": 11,
        "EBIT": 25,
        "Net Income": 8
    },
    "2021-06-30": {
        "Diluted EPS": 0.18,
        "Total Revenue": 262,
        "Gross Profit": 37,
        "Operating Income": 14,
        "EBIT": 27,
        "Net Income": 9
    },
    "2021-03-31": {
        "Diluted EPS": -0.1,
        "Total Revenue": 179,
        "Gross Profit": 18,
        "Operating Income": -6,
        "EBIT": 6,
        "Net Income": -5
    },
    "2020-12-31": {
        "Diluted EPS": 0.15,
        "Total Revenue": 191,
        "Gross Profit": 31,
        "Operating Income": 11,
        "EBIT": 22,
        "Net Income": 8
    },
    "2020-09-30": {
        "Diluted EPS": 0.34,
        "Total Revenue": 225,
        "Gross Profit": 41,
        "Operating Income": 24,
        "EBIT": 34,
        "Net Income": 18
    },
    "2020-06-30": {
        "Diluted EPS": 0.3,
        "Total Revenue": 217,
        "Gross Profit": 37,
        "Operating Income": 20,
        "EBIT": 30,
        "Net Income": 16
    },
    "2020-03-31": {
        "Diluted EPS": 0.03,
        "Total Revenue": 169,
        "Gross Profit": 20,
        "Operating Income": 4,
        "EBIT": 13,
        "Net Income": 2
    },
    "2019-12-31": {
        "Diluted EPS": 0.11,
        "Total Revenue": 175,
        "Gross Profit": 24,
        "Operating Income": 7,
        "EBIT": 16,
        "Net Income": 5
    },
    "2019-09-30": {
        "Diluted EPS": 0.33,
        "Total Revenue": 237,
        "Gross Profit": 39,
        "Operating Income": 22,
        "EBIT": 31,
        "Net Income": 17
    },
    "2019-06-30": {
        "Diluted EPS": 0.33,
        "Total Revenue": 227,
        "Gross Profit": 38,
        "Operating Income": 22,
        "EBIT": 30,
        "Net Income": 17
    },
    "2019-03-31": {
        "Diluted EPS": 0.08,
        "Total Revenue": 164,
        "Gross Profit": 20,
        "Operating Income": 6,
        "EBIT": 13,
        "Net Income": 4
    },
    "2018-12-31": {
        "Diluted EPS": 0.1,
        "Total Revenue": 154,
        "Gross Profit": 21,
        "Operating Income": 7,
        "EBIT": 14,
        "Net Income": 5
    },
    "2018-09-30": {
        "Diluted EPS": 0.29,
        "Total Revenue": 216,
        "Gross Profit": 34,
        "Operating Income": 20,
        "EBIT": 27,
        "Net Income": 15
    },
    "2018-06-30": {
        "Diluted EPS": 0.29,
        "Total Revenue": 195,
        "Gross Profit": 29,
        "Operating Income": 15,
        "EBIT": 21,
        "Net Income": 13
    },
    "2018-03-31": {
        "Diluted EPS": 0.27,
        "Total Revenue": 119,
        "Gross Profit": 14,
        "Operating Income": 16,
        "EBIT": 22,
        "Net Income": 11
    },
    "2017-12-31": {
        "Diluted EPS": 0.26,
        "Total Revenue": 150,
        "Gross Profit": 23,
        "Operating Income": 11,
        "EBIT": 16,
        "Net Income": 11
    },
    "2017-09-30": {
        "Diluted EPS": 0.0,
        "Total Revenue": NaN,
        "Gross Profit": NaN,
        "Operating Income": NaN,
        "EBIT": NaN,
        "Net Income": NaN
    },
    "2017-06-30": {
        "Diluted EPS": 0.15,
        "Total Revenue": 148,
        "Gross Profit": 24,
        "Operating Income": 12,
        "EBIT": 17,
        "Net Income": 6
    },
    "2017-03-31": {
        "Diluted EPS": 0.07,
        "Total Revenue": 110,
        "Gross Profit": 14,
        "Operating Income": 6,
        "EBIT": 6,
        "Net Income": 3
    },
    "2016-09-30": {
        "Diluted EPS": 0.0,
        "Total Revenue": NaN,
        "Gross Profit": NaN,
        "Operating Income": NaN,
        "EBIT": NaN,
        "Net Income": NaN
    },
    "2023-09-30": {
        "Tax Effect Of Unusual Items": 553549.303987,
        "Tax Rate For Calcs": 0.24901,
        "Normalized EBITDA": 63816000.0,
        "Total Unusual Items": 2223000.0,
        "Total Unusual Items Excluding Goodwill": 2223000.0,
        "Net Income From Continuing Operation Net Minority Interest": 30913000.0,
        "Reconciled Depreciation": 21331000.0,
        "Reconciled Cost Of Revenue": 399489000.0,
        "EBITDA": 66039000.0,
        "EBIT": 44708000.0,
        "Net Interest Income": -3545000.0,
        "Interest Expense": 3545000.0,
        "Normalized Income": 29243549.303987,
        "Net Income From Continuing And Discontinued Operation": 30913000.0,
        "Total Expenses": 432491000.0,
        "Total Operating Income As Reported": 44758000.0,
        "Diluted Average Shares": NaN,
        "Basic Average Shares": NaN,
        "Diluted EPS": NaN,
        "Basic EPS": NaN,
        "Diluted NI Availto Com Stockholders": 30913000.0,
        "Net Income Common Stockholders": 30913000.0,
        "Net Income": 30913000.0,
        "Net Income Including Noncontrolling Interests": 30913000.0,
        "Net Income Continuous Operations": 30913000.0,
        "Tax Provision": 10250000.0,
        "Pretax Income": 41163000.0,
        "Other Income Expense": 2173000.0,
        "Other Non Operating Income Expenses": -50000.0,
        "Special Income Charges": 2223000.0,
        "Gain On Sale Of Ppe": 2223000.0,
        "Net Non Operating Interest Income Expense": -3545000.0,
        "Interest Expense Non Operating": 3545000.0,
        "Operating Income": 42535000.0,
        "Operating Expense": 33002000.0,
        "Selling General And Administration": 33002000.0,
        "General And Administrative Expense": 33002000.0,
        "Other Gand A": 33002000.0,
        "Gross Profit": 75537000.0,
        "Cost Of Revenue": 399489000.0,
        "Total Revenue": 475026000.0,
        "Operating Revenue": 475026000.0
    },
    "2023-12-31": {
        "Tax Effect Of Unusual Items": NaN,
        "Tax Rate For Calcs": NaN,
        "Normalized EBITDA": NaN,
        "Total Unusual Items": NaN,
        "Total Unusual Items Excluding Goodwill": NaN,
        "Net Income From Continuing Operation Net Minority Interest": NaN,
        "Reconciled Depreciation": NaN,
        "Reconciled Cost Of Revenue": NaN,
        "EBITDA": NaN,
        "EBIT": NaN,
        "Net Interest Income": NaN,
        "Interest Expense": NaN,
        "Normalized Income": NaN,
        "Net Income From Continuing And Discontinued Operation": NaN,
        "Total Expenses": NaN,
        "Total Operating Income As Reported": NaN,
        "Diluted Average Shares": NaN,
        "Basic Average Shares": NaN,
        "Diluted EPS": NaN,
        "Basic EPS": NaN,
        "Diluted NI Availto Com Stockholders": NaN,
        "Net Income Common Stockholders": NaN,
        "Net Income": NaN,
        "Net Income Including Noncontrolling Interests": NaN,
        "Net Income Continuous Operations": NaN,
        "Earnings From Equity Interest Net Of Tax": 0.0,
        "Tax Provision": NaN,
        "Pretax Income": NaN,
        "Other Income Expense": NaN,
        "Other Non Operating Income Expenses": NaN,
        "Special Income Charges": NaN,
        "Gain On Sale Of Ppe": NaN,
        "Restructuring And Mergern Acquisition": 527000.0,
        "Net Non Operating Interest Income Expense": NaN,
        "Interest Expense Non Operating": NaN,
        "Operating Income": NaN,
        "Operating Expense": NaN,
        "Selling General And Administration": NaN,
        "General And Administrative Expense": NaN,
        "Other Gand A": NaN,
        "Gross Profit": NaN,
        "Cost Of Revenue": NaN,
        "Total Revenue": NaN,
        "Operating Revenue": NaN
    },
    "2024-03-31": {
        "Tax Effect Of Unusual Items": NaN,
        "Tax Rate For Calcs": NaN,
        "Normalized EBITDA": NaN,
        "Total Unusual Items": NaN,
        "Total Unusual Items Excluding Goodwill": NaN,
        "Net Income From Continuing Operation Net Minority Interest": NaN,
        "Reconciled Depreciation": NaN,
        "Reconciled Cost Of Revenue": NaN,
        "EBITDA": NaN,
        "EBIT": NaN,
        "Net Interest Income": NaN,
        "Interest Expense": NaN,
        "Normalized Income": NaN,
        "Net Income From Continuing And Discontinued Operation": NaN,
        "Total Expenses": NaN,
        "Total Operating Income As Reported": NaN,
        "Diluted Average Shares": NaN,
        "Basic Average Shares": NaN,
        "Diluted EPS": NaN,
        "Basic EPS": NaN,
        "Diluted NI Availto Com Stockholders": NaN,
        "Net Income Common Stockholders": NaN,
        "Net Income": NaN,
        "Net Income Including Noncontrolling Interests": NaN,
        "Net Income Continuous Operations": NaN,
        "Earnings From Equity Interest Net Of Tax": -3000.0,
        "Tax Provision": NaN,
        "Pretax Income": NaN,
        "Other Income Expense": NaN,
        "Other Non Operating Income Expenses": NaN,
        "Special Income Charges": NaN,
        "Gain On Sale Of Ppe": NaN,
        "Restructuring And Mergern Acquisition": 771000.0,
        "Net Non Operating Interest Income Expense": NaN,
        "Interest Expense Non Operating": NaN,
        "Operating Income": NaN,
        "Operating Expense": NaN,
        "Selling General And Administration": NaN,
        "General And Administrative Expense": NaN,
        "Other Gand A": NaN,
        "Gross Profit": NaN,
        "Cost Of Revenue": NaN,
        "Total Revenue": NaN,
        "Operating Revenue": NaN
    },
    "2024-06-30": {
        "Tax Effect Of Unusual Items": 37392.0,
        "Tax Rate For Calcs": 0.246,
        "Normalized EBITDA": 69044000.0,
        "Total Unusual Items": 152000.0,
        "Total Unusual Items Excluding Goodwill": 152000.0,
        "Net Income From Continuing Operation Net Minority Interest": 30908000.0,
        "Reconciled Depreciation": 23507000.0,
        "Reconciled Cost Of Revenue": 434302000.0,
        "EBITDA": 69196000.0,
        "EBIT": 45689000.0,
        "Net Interest Income": -4673000.0,
        "Interest Expense": 4673000.0,
        "Normalized Income": 30793392.0,
        "Net Income From Continuing And Discontinued Operation": 30908000.0,
        "Total Expenses": 472289000.0,
        "Total Operating Income As Reported": 45657000.0,
        "Diluted Average Shares": NaN,
        "Basic Average Shares": NaN,
        "Diluted EPS": NaN,
        "Basic EPS": NaN,
        "Diluted NI Availto Com Stockholders": 30908000.0,
        "Net Income Common Stockholders": 30908000.0,
        "Net Income": 30908000.0,
        "Net Income Including Noncontrolling Interests": 30908000.0,
        "Net Income Continuous Operations": 30908000.0,
        "Earnings From Equity Interest Net Of Tax": 0.0,
        "Tax Provision": 10108000.0,
        "Pretax Income": 41016000.0,
        "Other Income Expense": 184000.0,
        "Other Non Operating Income Expenses": 32000.0,
        "Special Income Charges": 152000.0,
        "Gain On Sale Of Ppe": 1093000.0,
        "Restructuring And Mergern Acquisition": 941000.0,
        "Net Non Operating Interest Income Expense": -4673000.0,
        "Interest Expense Non Operating": 4673000.0,
        "Operating Income": 45505000.0,
        "Operating Expense": 37987000.0,
        "Selling General And Administration": 37987000.0,
        "General And Administrative Expense": 37987000.0,
        "Other Gand A": 37987000.0,
        "Gross Profit": 83492000.0,
        "Cost Of Revenue": 434302000.0,
        "Total Revenue": 517794000.0,
        "Operating Revenue": 517794000.0
    },
    "2024-09-30": {
        "Tax Effect Of Unusual Items": 394770.591655,
        "Tax Rate For Calcs": 0.259206,
        "Normalized EBITDA": 69580000.0,
        "Total Unusual Items": 1523000.0,
        "Total Unusual Items Excluding Goodwill": 1523000.0,
        "Net Income From Continuing Operation Net Minority Interest": 29308000.0,
        "Reconciled Depreciation": 25452000.0,
        "Reconciled Cost Of Revenue": 454082000.0,
        "EBITDA": 71103000.0,
        "EBIT": 45651000.0,
        "Net Interest Income": -6084000.0,
        "Interest Expense": 6084000.0,
        "Normalized Income": 28179770.591655,
        "Net Income From Continuing And Discontinued Operation": 29308000.0,
        "Total Expenses": 493918000.0,
        "Total Operating Income As Reported": 45768000.0,
        "Diluted Average Shares": 52590344.0,
        "Basic Average Shares": 51792183.0,
        "Diluted EPS": 0.56,
        "Basic EPS": 0.57,
        "Diluted NI Availto Com Stockholders": 29308000.0,
        "Net Income Common Stockholders": 29308000.0,
        "Net Income": 29308000.0,
        "Net Income Including Noncontrolling Interests": 29308000.0,
        "Net Income Continuous Operations": 29308000.0,
        "Earnings From Equity Interest Net Of Tax": NaN,
        "Tax Provision": 10256000.0,
        "Pretax Income": 39567000.0,
        "Other Income Expense": 1406000.0,
        "Other Non Operating Income Expenses": -117000.0,
        "Special Income Charges": 1523000.0,
        "Gain On Sale Of Ppe": 1523000.0,
        "Restructuring And Mergern Acquisition": NaN,
        "Net Non Operating Interest Income Expense": -6084000.0,
        "Interest Expense Non Operating": 6084000.0,
        "Operating Income": 44245000.0,
        "Operating Expense": 39836000.0,
        "Selling General And Administration": 39836000.0,
        "General And Administrative Expense": 39836000.0,
        "Other Gand A": 39836000.0,
        "Gross Profit": 84081000.0,
        "Cost Of Revenue": 454082000.0,
        "Total Revenue": 538163000.0,
        "Operating Revenue": 538163000.0
    },
    "2024-12-31": {
        "Tax Effect Of Unusual Items": -4032346.0,
        "Tax Rate For Calcs": 0.218,
        "Normalized EBITDA": 63910000.0,
        "Total Unusual Items": -18497000.0,
        "Total Unusual Items Excluding Goodwill": -18497000.0,
        "Net Income From Continuing Operation Net Minority Interest": -3051000.0,
        "Reconciled Depreciation": 31184000.0,
        "Reconciled Cost Of Revenue": 485009000.0,
        "EBITDA": 45413000.0,
        "EBIT": 14229000.0,
        "Net Interest Income": -18130000.0,
        "Interest Expense": 18130000.0,
        "Normalized Income": 11413654.0,
        "Net Income From Continuing And Discontinued Operation": -3051000.0,
        "Total Expenses": 529275000.0,
        "Total Operating Income As Reported": 13808000.0,
        "Diluted Average Shares": 54160317.0,
        "Basic Average Shares": 54160317.0,
        "Diluted EPS": -0.06,
        "Basic EPS": -0.06,
        "Diluted NI Availto Com Stockholders": -3051000.0,
        "Net Income Common Stockholders": -3051000.0,
        "Net Income": -3051000.0,
        "Net Income Including Noncontrolling Interests": -3051000.0,
        "Net Income Continuous Operations": -3051000.0,
        "Earnings From Equity Interest Net Of Tax": 1000.0,
        "Tax Provision": -849000.0,
        "Pretax Income": -3901000.0,
        "Other Income Expense": -18076000.0,
        "Other Non Operating Income Expenses": 421000.0,
        "Special Income Charges": -18497000.0,
        "Gain On Sale Of Ppe": 1055000.0,
        "Restructuring And Mergern Acquisition": 19552000.0,
        "Net Non Operating Interest Income Expense": -18130000.0,
        "Interest Expense Non Operating": 18130000.0,
        "Operating Income": 32305000.0,
        "Operating Expense": 44266000.0,
        "Selling General And Administration": 44266000.0,
        "General And Administrative Expense": 44266000.0,
        "Other Gand A": 44266000.0,
        "Gross Profit": 76571000.0,
        "Cost Of Revenue": 485009000.0,
        "Total Revenue": 561580000.0,
        "Operating Revenue": 561580000.0
    },
    "2025-03-31": {
        "Tax Effect Of Unusual Items": 616437.0,
        "Tax Rate For Calcs": 0.237,
        "Normalized EBITDA": 61792000.0,
        "Total Unusual Items": 2601000.0,
        "Total Unusual Items Excluding Goodwill": 2601000.0,
        "Net Income From Continuing Operation Net Minority Interest": 4215000.0,
        "Reconciled Depreciation": 37263000.0,
        "Reconciled Cost Of Revenue": 500300000.0,
        "EBITDA": 64393000.0,
        "EBIT": 27130000.0,
        "Net Interest Income": -21592000.0,
        "Interest Expense": 21592000.0,
        "Normalized Income": 2230437.0,
        "Net Income From Continuing And Discontinued Operation": 4215000.0,
        "Total Expenses": 546962000.0,
        "Total Operating Income As Reported": 27289000.0,
        "Diluted Average Shares": 55669646.0,
        "Basic Average Shares": 55248526.0,
        "Diluted EPS": 0.08,
        "Basic EPS": 0.08,
        "Diluted NI Availto Com Stockholders": 4215000.0,
        "Net Income Common Stockholders": 4215000.0,
        "Net Income": 4215000.0,
        "Net Income Including Noncontrolling Interests": 4215000.0,
        "Net Income Continuous Operations": 4215000.0,
        "Earnings From Equity Interest Net Of Tax": -13000.0,
        "Tax Provision": 1310000.0,
        "Pretax Income": 5538000.0,
        "Other Income Expense": 2442000.0,
        "Other Non Operating Income Expenses": -159000.0,
        "Special Income Charges": 2601000.0,
        "Gain On Sale Of Ppe": 3407000.0,
        "Restructuring And Mergern Acquisition": 806000.0,
        "Net Non Operating Interest Income Expense": -21592000.0,
        "Interest Expense Non Operating": 21592000.0,
        "Operating Income": 24688000.0,
        "Operating Expense": 46662000.0,
        "Selling General And Administration": 46662000.0,
        "General And Administrative Expense": 46662000.0,
        "Other Gand A": 46662000.0,
        "Gross Profit": 71350000.0,
        "Cost Of Revenue": 500300000.0,
        "Total Revenue": 571650000.0,
        "Operating Revenue": 571650000.0
    },
    "2025-06-30": {
        "Tax Effect Of Unusual Items": 518160.0,
        "Tax Rate For Calcs": 0.24,
        "Normalized EBITDA": 120324000.0,
        "Total Unusual Items": 2159000.0,
        "Total Unusual Items Excluding Goodwill": 2159000.0,
        "Net Income From Continuing Operation Net Minority Interest": 44047000.0,
        "Reconciled Depreciation": 39294000.0,
        "Reconciled Cost Of Revenue": 647467000.0,
        "EBITDA": 122483000.0,
        "EBIT": 83189000.0,
        "Net Interest Income": -25239000.0,
        "Interest Expense": 25239000.0,
        "Normalized Income": 42406160.0,
        "Net Income From Continuing And Discontinued Operation": 44047000.0,
        "Total Expenses": 698493000.0,
        "Total Operating Income As Reported": 82943000.0,
        "Diluted Average Shares": 55654653.0,
        "Basic Average Shares": 55164260.0,
        "Diluted EPS": 0.79,
        "Basic EPS": 0.8,
        "Diluted NI Availto Com Stockholders": 44047000.0,
        "Net Income Common Stockholders": 44047000.0,
        "Net Income": 44047000.0,
        "Net Income Including Noncontrolling Interests": 44047000.0,
        "Net Income Continuous Operations": 44047000.0,
        "Earnings From Equity Interest Net Of Tax": 0.0,
        "Tax Provision": 13903000.0,
        "Pretax Income": 57950000.0,
        "Other Income Expense": 2405000.0,
        "Other Non Operating Income Expenses": 246000.0,
        "Special Income Charges": 2159000.0,
        "Gain On Sale Of Ppe": 3975000.0,
        "Restructuring And Mergern Acquisition": 1816000.0,
        "Net Non Operating Interest Income Expense": -25239000.0,
        "Interest Expense Non Operating": 25239000.0,
        "Operating Income": 80784000.0,
        "Operating Expense": 51026000.0,
        "Selling General And Administration": 51026000.0,
        "General And Administrative Expense": 51026000.0,
        "Other Gand A": 51026000.0,
        "Gross Profit": 131810000.0,
        "Cost Of Revenue": 647467000.0,
        "Total Revenue": 779277000.0,
        "Operating Revenue": 779277000.0
    },
    "2025-09-30": {
        "Tax Effect Of Unusual Items": NaN,
        "Tax Rate For Calcs": NaN,
        "Normalized EBITDA": NaN,
        "Total Unusual Items": NaN,
        "Total Unusual Items Excluding Goodwill": NaN,
        "Net Income From Continuing Operation Net Minority Interest": NaN,
        "Reconciled Depreciation": NaN,
        "Reconciled Cost Of Revenue": NaN,
        "EBITDA": NaN,
        "EBIT": NaN,
        "Net Interest Income": NaN,
        "Interest Expense": NaN,
        "Normalized Income": NaN,
        "Net Income From Continuing And Discontinued Operation": NaN,
        "Total Expenses": NaN,
        "Total Operating Income As Reported": NaN,
        "Diluted Average Shares": 55830920.0,
        "Basic Average Shares": 55215931.0,
        "Diluted EPS": 1.02,
        "Basic EPS": 1.03,
        "Diluted NI Availto Com Stockholders": NaN,
        "Net Income Common Stockholders": NaN,
        "Net Income": NaN,
        "Net Income Including Noncontrolling Interests": NaN,
        "Net Income Continuous Operations": NaN,
        "Earnings From Equity Interest Net Of Tax": NaN,
        "Tax Provision": NaN,
        "Pretax Income": NaN,
        "Other Income Expense": NaN,
        "Other Non Operating Income Expenses": NaN,
        "Special Income Charges": NaN,
        "Gain On Sale Of Ppe": NaN,
        "Restructuring And Mergern Acquisition": NaN,
        "Net Non Operating Interest Income Expense": NaN,
        "Interest Expense Non Operating": NaN,
        "Operating Income": NaN,
        "Operating Expense": NaN,
        "Selling General And Administration": NaN,
        "General And Administrative Expense": NaN,
        "Other Gand A": NaN,
        "Gross Profit": NaN,
        "Cost Of Revenue": NaN,
        "Total Revenue": NaN,
        "Operating Revenue": NaN
    }
}