{
    "2023-03-31": {
        "Tax Effect Of Unusual Items": NaN,
        "Tax Rate For Calcs": NaN,
        "Normalized EBITDA": NaN,
        "Net Income From Continuing Operation Net Minority Interest": NaN,
        "Reconciled Depreciation": NaN,
        "Reconciled Cost Of Revenue": NaN,
        "EBITDA": NaN,
        "EBIT": NaN,
        "Net Interest Income": NaN,
        "Interest Expense": 1491000.0,
        "Interest Income": NaN,
        "Normalized Income": NaN,
        "Net Income From Continuing And Discontinued Operation": NaN,
        "Total Expenses": NaN,
        "Total Operating Income As Reported": NaN,
        "Diluted Average Shares": NaN,
        "Basic Average Shares": NaN,
        "Diluted EPS": NaN,
        "Basic EPS": NaN,
        "Diluted NI Availto Com Stockholders": NaN,
        "Net Income Common Stockholders": NaN,
        "Net Income": NaN,
        "Net Income Including Noncontrolling Interests": NaN,
        "Net Income Continuous Operations": NaN,
        "Tax Provision": NaN,
        "Pretax Income": NaN,
        "Other Income Expense": NaN,
        "Other Non Operating Income Expenses": NaN,
        "Net Non Operating Interest Income Expense": NaN,
        "Total Other Finance Cost": NaN,
        "Interest Expense Non Operating": 1491000.0,
        "Interest Income Non Operating": NaN,
        "Operating Income": NaN,
        "Operating Expense": NaN,
        "Selling General And Administration": NaN,
        "Gross Profit": NaN,
        "Cost Of Revenue": NaN,
        "Total Revenue": NaN,
        "Operating Revenue": NaN
    },
    "2022-12-31": {
        "Tax Effect Of Unusual Items": NaN,
        "Tax Rate For Calcs": NaN,
        "Normalized EBITDA": NaN,
        "Net Income From Continuing Operation Net Minority Interest": NaN,
        "Reconciled Depreciation": NaN,
        "Reconciled Cost Of Revenue": NaN,
        "EBITDA": NaN,
        "EBIT": NaN,
        "Net Interest Income": NaN,
        "Interest Expense": 1858000.0,
        "Interest Income": NaN,
        "Normalized Income": NaN,
        "Net Income From Continuing And Discontinued Operation": NaN,
        "Total Expenses": NaN,
        "Total Operating Income As Reported": NaN,
        "Diluted Average Shares": NaN,
        "Basic Average Shares": NaN,
        "Diluted EPS": NaN,
        "Basic EPS": NaN,
        "Diluted NI Availto Com Stockholders": NaN,
        "Net Income Common Stockholders": NaN,
        "Net Income": NaN,
        "Net Income Including Noncontrolling Interests": NaN,
        "Net Income Discontinuous Operations": 0.0,
        "Net Income Continuous Operations": NaN,
        "Tax Provision": NaN,
        "Pretax Income": NaN,
        "Other Income Expense": NaN,
        "Other Non Operating Income Expenses": NaN,
        "Net Non Operating Interest Income Expense": NaN,
        "Total Other Finance Cost": NaN,
        "Interest Expense Non Operating": 1858000.0,
        "Interest Income Non Operating": NaN,
        "Operating Income": NaN,
        "Operating Expense": NaN,
        "Selling General And Administration": NaN,
        "Gross Profit": NaN,
        "Cost Of Revenue": NaN,
        "Total Revenue": NaN,
        "Operating Revenue": NaN
    },
    "2022-09-30": {
        "Tax Effect Of Unusual Items": NaN,
        "Tax Rate For Calcs": NaN,
        "Normalized EBITDA": NaN,
        "Net Income From Continuing Operation Net Minority Interest": NaN,
        "Reconciled Depreciation": NaN,
        "Reconciled Cost Of Revenue": NaN,
        "EBITDA": NaN,
        "EBIT": NaN,
        "Net Interest Income": NaN,
        "Interest Expense": NaN,
        "Interest Income": NaN,
        "Normalized Income": NaN,
        "Net Income From Continuing And Discontinued Operation": NaN,
        "Total Expenses": NaN,
        "Total Operating Income As Reported": NaN,
        "Diluted Average Shares": NaN,
        "Basic Average Shares": NaN,
        "Diluted EPS": NaN,
        "Basic EPS": NaN,
        "Diluted NI Availto Com Stockholders": NaN,
        "Net Income Common Stockholders": NaN,
        "Net Income": NaN,
        "Net Income Including Noncontrolling Interests": NaN,
        "Net Income Discontinuous Operations": 0.0,
        "Net Income Continuous Operations": NaN,
        "Tax Provision": NaN,
        "Pretax Income": NaN,
        "Other Income Expense": NaN,
        "Other Non Operating Income Expenses": NaN,
        "Net Non Operating Interest Income Expense": NaN,
        "Interest Expense Non Operating": NaN,
        "Interest Income Non Operating": NaN,
        "Operating Income": NaN,
        "Operating Expense": NaN,
        "Selling General And Administration": NaN,
        "Gross Profit": NaN,
        "Cost Of Revenue": NaN,
        "Total Revenue": NaN,
        "Operating Revenue": NaN
    },
    "2022-06-30": {
        "Tax Effect Of Unusual Items": 0.0,
        "Tax Rate For Calcs": 0.252,
        "Normalized EBITDA": 46199000.0,
        "Total Unusual Items": NaN,
        "Total Unusual Items Excluding Goodwill": NaN,
        "Net Income From Continuing Operation Net Minority Interest": 29307000.0,
        "Reconciled Depreciation": 6341000.0,
        "Reconciled Cost Of Revenue": 276678000.0,
        "EBITDA": 46199000.0,
        "EBIT": 39858000.0,
        "Net Interest Income": -656000.0,
        "Interest Expense": 656000.0,
        "Normalized Income": 29307000.0,
        "Net Income From Continuing And Discontinued Operation": 29307000.0,
        "Total Expenses": 326810000.0,
        "Total Operating Income As Reported": 40139000.0,
        "Diluted Average Shares": 32660000.0,
        "Basic Average Shares": 32585000.0,
        "Diluted EPS": 0.9,
        "Basic EPS": 0.9,
        "Diluted NI Availto Com Stockholders": 29307000.0,
        "Net Income Common Stockholders": 29307000.0,
        "Net Income": 29307000.0,
        "Net Income Including Noncontrolling Interests": 29307000.0,
        "Net Income Discontinuous Operations": 0.0,
        "Net Income Continuous Operations": 29307000.0,
        "Tax Provision": 9895000.0,
        "Pretax Income": 39202000.0,
        "Other Income Expense": -281000.0,
        "Other Non Operating Income Expenses": -281000.0,
        "Special Income Charges": NaN,
        "Impairment Of Capital Assets": NaN,
        "Net Non Operating Interest Income Expense": -656000.0,
        "Interest Expense Non Operating": 656000.0,
        "Operating Income": 40139000.0,
        "Operating Expense": 50132000.0,
        "Selling General And Administration": 50132000.0,
        "Gross Profit": 90271000.0,
        "Cost Of Revenue": 276678000.0,
        "Total Revenue": 366949000.0,
        "Operating Revenue": 366949000.0
    },
    "2023-06-30": {
        "Tax Effect Of Unusual Items": NaN,
        "Tax Rate For Calcs": NaN,
        "Normalized EBITDA": NaN,
        "Net Income From Continuing Operation Net Minority Interest": NaN,
        "Reconciled Depreciation": NaN,
        "Reconciled Cost Of Revenue": NaN,
        "EBITDA": NaN,
        "EBIT": NaN,
        "Net Interest Income": NaN,
        "Interest Expense": 1308000.0,
        "Interest Income": NaN,
        "Normalized Income": NaN,
        "Net Income From Continuing And Discontinued Operation": NaN,
        "Total Expenses": NaN,
        "Total Operating Income As Reported": NaN,
        "Diluted Average Shares": NaN,
        "Basic Average Shares": NaN,
        "Diluted EPS": NaN,
        "Basic EPS": NaN,
        "Diluted NI Availto Com Stockholders": NaN,
        "Net Income Common Stockholders": NaN,
        "Net Income": NaN,
        "Net Income Including Noncontrolling Interests": NaN,
        "Net Income Continuous Operations": NaN,
        "Tax Provision": NaN,
        "Pretax Income": NaN,
        "Other Income Expense": NaN,
        "Other Non Operating Income Expenses": NaN,
        "Net Non Operating Interest Income Expense": NaN,
        "Total Other Finance Cost": 1308000.0,
        "Interest Expense Non Operating": 1308000.0,
        "Interest Income Non Operating": NaN,
        "Operating Income": NaN,
        "Operating Expense": NaN,
        "Selling General And Administration": NaN,
        "Gross Profit": NaN,
        "Cost Of Revenue": NaN,
        "Total Revenue": NaN,
        "Operating Revenue": NaN
    },
    "2022-03-31": {
        "Diluted EPS": 0.77,
        "Total Revenue": 402,
        "Gross Profit": 261,
        "Operating Income": 131,
        "EBIT": 164,
        "Net Income": 48
    },
    "2021-12-31": {
        "Diluted EPS": 1.71,
        "Total Revenue": 422,
        "Gross Profit": 275,
        "Operating Income": 171,
        "EBIT": 205,
        "Net Income": 149
    },
    "2021-09-30": {
        "Diluted EPS": 0.93,
        "Total Revenue": 415,
        "Gross Profit": 270,
        "Operating Income": 143,
        "EBIT": 177,
        "Net Income": 71
    },
    "2021-06-30": {
        "Diluted EPS": 1.12,
        "Total Revenue": 428,
        "Gross Profit": 288,
        "Operating Income": 167,
        "EBIT": 203,
        "Net Income": 87
    },
    "2021-03-31": {
        "Diluted EPS": -0.92,
        "Total Revenue": 353,
        "Gross Profit": 232,
        "Operating Income": 99,
        "EBIT": 153,
        "Net Income": -65
    },
    "2020-12-31": {
        "Diluted EPS": 0.5,
        "Total Revenue": 343,
        "Gross Profit": 226,
        "Operating Income": 79,
        "EBIT": 136,
        "Net Income": 7
    },
    "2020-09-30": {
        "Diluted EPS": 0.56,
        "Total Revenue": 353,
        "Gross Profit": 239,
        "Operating Income": 101,
        "EBIT": 158,
        "Net Income": 66
    },
    "2020-06-30": {
        "Diluted EPS": -1.01,
        "Total Revenue": 108,
        "Gross Profit": 45,
        "Operating Income": -94,
        "EBIT": -36,
        "Net Income": -72
    },
    "2020-03-31": {
        "Diluted EPS": -2.18,
        "Total Revenue": 377,
        "Gross Profit": 171,
        "Operating Income": 3,
        "EBIT": 61,
        "Net Income": -152
    },
    "2019-12-31": {
        "Diluted EPS": 0.07,
        "Total Revenue": 461,
        "Gross Profit": 232,
        "Operating Income": 60,
        "EBIT": 118,
        "Net Income": 5
    },
    "2019-09-30": {
        "Diluted EPS": -0.22,
        "Total Revenue": 466,
        "Gross Profit": 214,
        "Operating Income": 14,
        "EBIT": 72,
        "Net Income": -16
    },
    "2019-06-30": {
        "Diluted EPS": -0.06,
        "Total Revenue": 483,
        "Gross Profit": 221,
        "Operating Income": 45,
        "EBIT": 101,
        "Net Income": -4
    },
    "2019-03-31": {
        "Diluted EPS": 0.16,
        "Total Revenue": 447,
        "Gross Profit": 240,
        "Operating Income": 66,
        "EBIT": 117,
        "Net Income": 11
    },
    "2018-12-31": {
        "Diluted EPS": 0.1,
        "Total Revenue": 431,
        "Gross Profit": 225,
        "Operating Income": 72,
        "EBIT": 119,
        "Net Income": -15
    },
    "2018-09-30": {
        "Diluted EPS": 0.2,
        "Total Revenue": 412,
        "Gross Profit": 210,
        "Operating Income": 55,
        "EBIT": 99,
        "Net Income": 15
    },
    "2018-06-30": {
        "Diluted EPS": 0.82,
        "Total Revenue": 416,
        "Gross Profit": 219,
        "Operating Income": 138,
        "EBIT": 184,
        "Net Income": 83
    },
    "2018-03-31": {
        "Diluted EPS": 0.65,
        "Total Revenue": 421,
        "Gross Profit": 233,
        "Operating Income": 108,
        "EBIT": 151,
        "Net Income": 75
    },
    "2017-12-31": {
        "Diluted EPS": 0.34,
        "Total Revenue": 400,
        "Gross Profit": 213,
        "Operating Income": 213,
        "EBIT": 256,
        "Net Income": 41
    },
    "2017-09-30": {
        "Diluted EPS": 0.16,
        "Total Revenue": 406,
        "Gross Profit": 217,
        "Operating Income": 58,
        "EBIT": 101,
        "Net Income": NaN
    },
    "2017-06-30": {
        "Diluted EPS": -0.38,
        "Total Revenue": 410,
        "Gross Profit": 219,
        "Operating Income": -31,
        "EBIT": 16,
        "Net Income": -26
    },
    "2017-03-31": {
        "Diluted EPS": 0.3,
        "Total Revenue": 426,
        "Gross Profit": 234,
        "Operating Income": 93,
        "EBIT": 138,
        "Net Income": 20
    },
    "2016-12-31": {
        "Diluted EPS": 0.18,
        "Total Revenue": 395,
        "Gross Profit": 212,
        "Operating Income": 72,
        "EBIT": 115,
        "Net Income": 20
    },
    "2016-09-30": {
        "Diluted EPS": 0.2,
        "Total Revenue": 347,
        "Gross Profit": 194,
        "Operating Income": 73,
        "EBIT": 110,
        "Net Income": 8
    },
    "2016-06-30": {
        "Diluted EPS": 0.01,
        "Total Revenue": 351,
        "Gross Profit": 200,
        "Operating Income": 70,
        "EBIT": 108,
        "Net Income": 0
    },
    "2016-03-31": {
        "Diluted EPS": 0.64,
        "Total Revenue": 359,
        "Gross Profit": 211,
        "Operating Income": 94,
        "EBIT": 133,
        "Net Income": 6
    },
    "2015-12-31": {
        "Diluted EPS": 1.03,
        "Total Revenue": 348,
        "Gross Profit": 198,
        "Operating Income": 88,
        "EBIT": 122,
        "Net Income": 72
    },
    "2015-09-30": {
        "Diluted EPS": 0.21,
        "Total Revenue": 324,
        "Gross Profit": 181,
        "Operating Income": 57,
        "EBIT": 90,
        "Net Income": 19
    },
    "2015-06-30": {
        "Diluted EPS": 0.29,
        "Total Revenue": 338,
        "Gross Profit": 192,
        "Operating Income": 66,
        "EBIT": 102,
        "Net Income": 3
    },
    "2015-03-31": {
        "Diluted EPS": 0.0,
        "Total Revenue": 343,
        "Gross Profit": 198,
        "Operating Income": 82,
        "EBIT": 117,
        "Net Income": 44
    },
    "2014-12-31": {
        "Diluted EPS": 0.0,
        "Total Revenue": NaN,
        "Gross Profit": NaN,
        "Operating Income": NaN,
        "EBIT": NaN,
        "Net Income": NaN
    },
    "2013-12-31": {
        "Diluted EPS": 0.0,
        "Total Revenue": NaN,
        "Gross Profit": NaN,
        "Operating Income": NaN,
        "EBIT": NaN,
        "Net Income": NaN
    },
    "2023-09-30": {
        "Tax Effect Of Unusual Items": NaN,
        "Tax Rate For Calcs": NaN,
        "Normalized EBITDA": NaN,
        "Net Income From Continuing Operation Net Minority Interest": NaN,
        "Reconciled Depreciation": NaN,
        "Reconciled Cost Of Revenue": NaN,
        "EBITDA": NaN,
        "EBIT": NaN,
        "Net Interest Income": NaN,
        "Interest Expense": 417000.0,
        "Interest Income": NaN,
        "Normalized Income": NaN,
        "Net Income From Continuing And Discontinued Operation": NaN,
        "Total Expenses": NaN,
        "Total Operating Income As Reported": NaN,
        "Diluted Average Shares": NaN,
        "Basic Average Shares": NaN,
        "Diluted EPS": NaN,
        "Basic EPS": NaN,
        "Diluted NI Availto Com Stockholders": NaN,
        "Net Income Common Stockholders": NaN,
        "Net Income": NaN,
        "Net Income Including Noncontrolling Interests": NaN,
        "Net Income Continuous Operations": NaN,
        "Tax Provision": NaN,
        "Pretax Income": NaN,
        "Other Income Expense": NaN,
        "Other Non Operating Income Expenses": NaN,
        "Net Non Operating Interest Income Expense": NaN,
        "Total Other Finance Cost": 417000.0,
        "Interest Expense Non Operating": 417000.0,
        "Interest Income Non Operating": NaN,
        "Operating Income": NaN,
        "Operating Expense": NaN,
        "Selling General And Administration": NaN,
        "Gross Profit": NaN,
        "Cost Of Revenue": NaN,
        "Total Revenue": NaN,
        "Operating Revenue": NaN
    },
    "2023-12-31": {
        "Tax Effect Of Unusual Items": NaN,
        "Tax Rate For Calcs": NaN,
        "Normalized EBITDA": NaN,
        "Net Income From Continuing Operation Net Minority Interest": NaN,
        "Reconciled Depreciation": NaN,
        "Reconciled Cost Of Revenue": NaN,
        "EBITDA": NaN,
        "EBIT": NaN,
        "Net Interest Income": NaN,
        "Interest Expense": -214000.0,
        "Interest Income": NaN,
        "Normalized Income": NaN,
        "Net Income From Continuing And Discontinued Operation": NaN,
        "Total Expenses": NaN,
        "Total Operating Income As Reported": NaN,
        "Diluted Average Shares": 30724000.0,
        "Basic Average Shares": 30523000.0,
        "Diluted EPS": 0.63,
        "Basic EPS": 0.64,
        "Diluted NI Availto Com Stockholders": NaN,
        "Net Income Common Stockholders": NaN,
        "Net Income": NaN,
        "Net Income Including Noncontrolling Interests": NaN,
        "Net Income Continuous Operations": NaN,
        "Tax Provision": NaN,
        "Pretax Income": NaN,
        "Other Income Expense": NaN,
        "Other Non Operating Income Expenses": NaN,
        "Net Non Operating Interest Income Expense": NaN,
        "Total Other Finance Cost": NaN,
        "Interest Expense Non Operating": -214000.0,
        "Interest Income Non Operating": NaN,
        "Operating Income": NaN,
        "Operating Expense": NaN,
        "Selling General And Administration": NaN,
        "Gross Profit": NaN,
        "Cost Of Revenue": NaN,
        "Total Revenue": NaN,
        "Operating Revenue": NaN
    },
    "2024-03-31": {
        "Tax Effect Of Unusual Items": 0.0,
        "Tax Rate For Calcs": 0.256,
        "Normalized EBITDA": 38399000.0,
        "Net Income From Continuing Operation Net Minority Interest": 24946000.0,
        "Reconciled Depreciation": 6663000.0,
        "Reconciled Cost Of Revenue": 208118000.0,
        "EBITDA": 38399000.0,
        "EBIT": 31736000.0,
        "Net Interest Income": 750000.0,
        "Interest Expense": NaN,
        "Interest Income": 750000.0,
        "Normalized Income": 24946000.0,
        "Net Income From Continuing And Discontinued Operation": 24946000.0,
        "Total Expenses": 260770000.0,
        "Total Operating Income As Reported": 31736000.0,
        "Diluted Average Shares": 30793000.0,
        "Basic Average Shares": 30572000.0,
        "Diluted EPS": 0.81,
        "Basic EPS": 0.82,
        "Diluted NI Availto Com Stockholders": 24946000.0,
        "Net Income Common Stockholders": 24946000.0,
        "Net Income": 24946000.0,
        "Net Income Including Noncontrolling Interests": 24946000.0,
        "Net Income Continuous Operations": 24946000.0,
        "Tax Provision": 8561000.0,
        "Pretax Income": 33507000.0,
        "Other Income Expense": 1021000.0,
        "Other Non Operating Income Expenses": 1021000.0,
        "Net Non Operating Interest Income Expense": 750000.0,
        "Total Other Finance Cost": NaN,
        "Interest Expense Non Operating": NaN,
        "Interest Income Non Operating": 750000.0,
        "Operating Income": 31736000.0,
        "Operating Expense": 52652000.0,
        "Selling General And Administration": 52652000.0,
        "Gross Profit": 84388000.0,
        "Cost Of Revenue": 208118000.0,
        "Total Revenue": 292506000.0,
        "Operating Revenue": 292506000.0
    },
    "2024-06-30": {
        "Tax Effect Of Unusual Items": 0.0,
        "Tax Rate For Calcs": 0.262,
        "Normalized EBITDA": 49222000.0,
        "Net Income From Continuing Operation Net Minority Interest": 32198000.0,
        "Reconciled Depreciation": 6753000.0,
        "Reconciled Cost Of Revenue": 257132000.0,
        "EBITDA": 49222000.0,
        "EBIT": 42469000.0,
        "Net Interest Income": 1495000.0,
        "Interest Expense": NaN,
        "Interest Income": NaN,
        "Normalized Income": 32198000.0,
        "Net Income From Continuing And Discontinued Operation": 32198000.0,
        "Total Expenses": 310536000.0,
        "Total Operating Income As Reported": 42469000.0,
        "Diluted Average Shares": 30791000.0,
        "Basic Average Shares": 30588000.0,
        "Diluted EPS": 1.05,
        "Basic EPS": 1.05,
        "Diluted NI Availto Com Stockholders": 32198000.0,
        "Net Income Common Stockholders": 32198000.0,
        "Net Income": 32198000.0,
        "Net Income Including Noncontrolling Interests": 32198000.0,
        "Net Income Continuous Operations": 32198000.0,
        "Tax Provision": 11419000.0,
        "Pretax Income": 43617000.0,
        "Other Income Expense": -347000.0,
        "Other Non Operating Income Expenses": -347000.0,
        "Net Non Operating Interest Income Expense": 1495000.0,
        "Total Other Finance Cost": -1495000.0,
        "Interest Expense Non Operating": NaN,
        "Interest Income Non Operating": NaN,
        "Operating Income": 42469000.0,
        "Operating Expense": 53404000.0,
        "Selling General And Administration": 53404000.0,
        "Gross Profit": 95873000.0,
        "Cost Of Revenue": 257132000.0,
        "Total Revenue": 353005000.0,
        "Operating Revenue": 353005000.0
    },
    "2024-09-30": {
        "Tax Effect Of Unusual Items": 0.0,
        "Tax Rate For Calcs": 0.251,
        "Normalized EBITDA": 50819000.0,
        "Net Income From Continuing Operation Net Minority Interest": 34039000.0,
        "Reconciled Depreciation": 6821000.0,
        "Reconciled Cost Of Revenue": 267670000.0,
        "EBITDA": 50819000.0,
        "EBIT": 43998000.0,
        "Net Interest Income": 1931000.0,
        "Interest Expense": NaN,
        "Interest Income": NaN,
        "Normalized Income": 34039000.0,
        "Net Income From Continuing And Discontinued Operation": 34039000.0,
        "Total Expenses": 317198000.0,
        "Total Operating Income As Reported": 43998000.0,
        "Diluted Average Shares": 30750000.0,
        "Basic Average Shares": 30530000.0,
        "Diluted EPS": 1.11,
        "Basic EPS": 1.11,
        "Diluted NI Availto Com Stockholders": 34039000.0,
        "Net Income Common Stockholders": 34039000.0,
        "Net Income": 34039000.0,
        "Net Income Including Noncontrolling Interests": 34039000.0,
        "Net Income Continuous Operations": 34039000.0,
        "Tax Provision": 11435000.0,
        "Pretax Income": 45474000.0,
        "Other Income Expense": -455000.0,
        "Other Non Operating Income Expenses": -455000.0,
        "Net Non Operating Interest Income Expense": 1931000.0,
        "Total Other Finance Cost": -1931000.0,
        "Interest Expense Non Operating": NaN,
        "Interest Income Non Operating": NaN,
        "Operating Income": 43998000.0,
        "Operating Expense": 49528000.0,
        "Selling General And Administration": 49528000.0,
        "Gross Profit": 93526000.0,
        "Cost Of Revenue": 267670000.0,
        "Total Revenue": 361196000.0,
        "Operating Revenue": 361196000.0
    },
    "2024-12-31": {
        "Tax Effect Of Unusual Items": 0.0,
        "Tax Rate For Calcs": 0.100727,
        "Normalized EBITDA": 43195000.0,
        "Net Income From Continuing Operation Net Minority Interest": 46157000.0,
        "Reconciled Depreciation": 7075000.0,
        "Reconciled Cost Of Revenue": 224016000.0,
        "EBITDA": 43195000.0,
        "EBIT": 36120000.0,
        "Net Interest Income": 1995000.0,
        "Interest Expense": NaN,
        "Interest Income": NaN,
        "Normalized Income": 46157000.0,
        "Net Income From Continuing And Discontinued Operation": 46157000.0,
        "Total Expenses": 265937000.0,
        "Total Operating Income As Reported": 24820000.0,
        "Diluted Average Shares": 30697000.0,
        "Basic Average Shares": 30464000.0,
        "Diluted EPS": 1.5,
        "Basic EPS": 1.52,
        "Diluted NI Availto Com Stockholders": 46157000.0,
        "Net Income Common Stockholders": 46157000.0,
        "Net Income": 46157000.0,
        "Net Income Including Noncontrolling Interests": 46157000.0,
        "Net Income Continuous Operations": 46157000.0,
        "Tax Provision": 5170000.0,
        "Pretax Income": 51327000.0,
        "Other Income Expense": 13212000.0,
        "Other Non Operating Income Expenses": 24512000.0,
        "Net Non Operating Interest Income Expense": 1995000.0,
        "Total Other Finance Cost": -1995000.0,
        "Interest Expense Non Operating": NaN,
        "Interest Income Non Operating": NaN,
        "Operating Income": 36120000.0,
        "Operating Expense": 41921000.0,
        "Selling General And Administration": 41921000.0,
        "Gross Profit": 78041000.0,
        "Cost Of Revenue": 224016000.0,
        "Total Revenue": 302057000.0,
        "Operating Revenue": 302057000.0
    },
    "2025-03-31": {
        "Tax Effect Of Unusual Items": 0.0,
        "Tax Rate For Calcs": 0.219347,
        "Normalized EBITDA": 34596000.0,
        "Net Income From Continuing Operation Net Minority Interest": 21119000.0,
        "Reconciled Depreciation": 9086000.0,
        "Reconciled Cost Of Revenue": 212315000.0,
        "EBITDA": 34596000.0,
        "EBIT": 25510000.0,
        "Net Interest Income": 1637000.0,
        "Interest Expense": NaN,
        "Interest Income": 1637000.0,
        "Normalized Income": 21119000.0,
        "Net Income From Continuing And Discontinued Operation": 21119000.0,
        "Total Expenses": 264505000.0,
        "Total Operating Income As Reported": 25510000.0,
        "Diluted Average Shares": NaN,
        "Basic Average Shares": NaN,
        "Diluted EPS": NaN,
        "Basic EPS": NaN,
        "Diluted NI Availto Com Stockholders": 21119000.0,
        "Net Income Common Stockholders": 21119000.0,
        "Net Income": 21119000.0,
        "Net Income Including Noncontrolling Interests": 21119000.0,
        "Net Income Continuous Operations": 21119000.0,
        "Tax Provision": 5934000.0,
        "Pretax Income": 27053000.0,
        "Other Income Expense": -94000.0,
        "Other Non Operating Income Expenses": -94000.0,
        "Net Non Operating Interest Income Expense": 1637000.0,
        "Total Other Finance Cost": NaN,
        "Interest Expense Non Operating": NaN,
        "Interest Income Non Operating": 1637000.0,
        "Operating Income": 25510000.0,
        "Operating Expense": 52190000.0,
        "Selling General And Administration": 52190000.0,
        "Gross Profit": 77700000.0,
        "Cost Of Revenue": 212315000.0,
        "Total Revenue": 290015000.0,
        "Operating Revenue": 290015000.0
    }
}