{
    "2023-03-31": {
        "Tax Effect Of Unusual Items": 0.0,
        "Tax Rate For Calcs": 0.0,
        "Normalized EBITDA": -1403000.0,
        "Total Unusual Items": 314000.0,
        "Total Unusual Items Excluding Goodwill": 314000.0,
        "Net Income From Continuing Operation Net Minority Interest": -4656000.0,
        "Reconciled Depreciation": 3234000.0,
        "Reconciled Cost Of Revenue": 9024000.0,
        "EBITDA": -1089000.0,
        "EBIT": -4323000.0,
        "Net Interest Income": 2405000.0,
        "Interest Expense": 18000.0,
        "Interest Income": 2423000.0,
        "Normalized Income": -4970000.0,
        "Net Income From Continuing And Discontinued Operation": -4656000.0,
        "Total Expenses": 48284000.0,
        "Total Operating Income As Reported": -7164000.0,
        "Diluted Average Shares": 184365000.0,
        "Basic Average Shares": 184365000.0,
        "Diluted EPS": -0.03,
        "Basic EPS": -0.03,
        "Diluted NI Availto Com Stockholders": -4656000.0,
        "Net Income Common Stockholders": -4656000.0,
        "Net Income": -4656000.0,
        "Net Income Including Noncontrolling Interests": -4656000.0,
        "Net Income Continuous Operations": -4656000.0,
        "Earnings From Equity Interest Net Of Tax": -314000.0,
        "Tax Provision": 1000.0,
        "Pretax Income": -4341000.0,
        "Other Income Expense": 418000.0,
        "Other Non Operating Income Expenses": 104000.0,
        "Special Income Charges": NaN,
        "Impairment Of Capital Assets": NaN,
        "Restructuring And Mergern Acquisition": NaN,
        "Gain On Sale Of Security": 314000.0,
        "Net Non Operating Interest Income Expense": 2405000.0,
        "Interest Expense Non Operating": 18000.0,
        "Interest Income Non Operating": 2423000.0,
        "Operating Income": -7164000.0,
        "Operating Expense": 37504000.0,
        "Other Operating Expenses": 7029000.0,
        "Depreciation Amortization Depletion Income Statement": 1478000.0,
        "Depreciation And Amortization In Income Statement": 1478000.0,
        "Research And Development": 7297000.0,
        "Selling General And Administration": 21700000.0,
        "Selling And Marketing Expense": 9338000.0,
        "General And Administrative Expense": 12362000.0,
        "Other Gand A": 12362000.0,
        "Salaries And Wages": NaN,
        "Gross Profit": 30340000.0,
        "Cost Of Revenue": 10780000.0,
        "Total Revenue": 41120000.0,
        "Operating Revenue": 41120000.0
    },
    "2022-12-31": {
        "Tax Effect Of Unusual Items": 9552.715655,
        "Tax Rate For Calcs": 0.015974,
        "Normalized EBITDA": 8311000.0,
        "Total Unusual Items": 598000.0,
        "Total Unusual Items Excluding Goodwill": 598000.0,
        "Net Income From Continuing Operation Net Minority Interest": 5271000.0,
        "Reconciled Depreciation": 3256000.0,
        "Reconciled Cost Of Revenue": 9332000.0,
        "EBITDA": 8909000.0,
        "EBIT": 5653000.0,
        "Net Interest Income": 1871000.0,
        "Interest Expense": 19000.0,
        "Interest Income": 1890000.0,
        "Normalized Income": 4682552.715655,
        "Net Income From Continuing And Discontinued Operation": 5271000.0,
        "Total Expenses": 49214000.0,
        "Total Operating Income As Reported": 2737000.0,
        "Diluted Average Shares": 205949000.0,
        "Basic Average Shares": 183471000.0,
        "Diluted EPS": 0.03,
        "Basic EPS": 0.03,
        "Diluted NI Availto Com Stockholders": 5271000.0,
        "Net Income Common Stockholders": 5271000.0,
        "Net Income": 5271000.0,
        "Net Income Including Noncontrolling Interests": 5271000.0,
        "Net Income Continuous Operations": 5271000.0,
        "Earnings From Equity Interest Net Of Tax": -273000.0,
        "Tax Provision": 90000.0,
        "Pretax Income": 5634000.0,
        "Other Income Expense": 1026000.0,
        "Other Non Operating Income Expenses": 428000.0,
        "Special Income Charges": 0.0,
        "Impairment Of Capital Assets": NaN,
        "Restructuring And Mergern Acquisition": 0.0,
        "Gain On Sale Of Security": 598000.0,
        "Net Non Operating Interest Income Expense": 1871000.0,
        "Interest Expense Non Operating": 19000.0,
        "Interest Income Non Operating": 1890000.0,
        "Operating Income": 2737000.0,
        "Operating Expense": 38132000.0,
        "Other Operating Expenses": 7536000.0,
        "Depreciation Amortization Depletion Income Statement": 1506000.0,
        "Depreciation And Amortization In Income Statement": 1506000.0,
        "Research And Development": 7149000.0,
        "Selling General And Administration": 21941000.0,
        "Selling And Marketing Expense": 9763000.0,
        "General And Administrative Expense": 12178000.0,
        "Other Gand A": 12178000.0,
        "Salaries And Wages": NaN,
        "Gross Profit": 40869000.0,
        "Cost Of Revenue": 11082000.0,
        "Total Revenue": 51951000.0,
        "Operating Revenue": 51951000.0
    },
    "2022-09-30": {
        "Tax Effect Of Unusual Items": 0.0,
        "Tax Rate For Calcs": 0.21,
        "Normalized EBITDA": -13523000.0,
        "Total Unusual Items": 0.0,
        "Total Unusual Items Excluding Goodwill": 0.0,
        "Net Income From Continuing Operation Net Minority Interest": -15472000.0,
        "Reconciled Depreciation": 1561000.0,
        "Reconciled Cost Of Revenue": 11607000.0,
        "EBITDA": -13523000.0,
        "EBIT": -15084000.0,
        "Net Interest Income": 1268000.0,
        "Interest Expense": 19000.0,
        "Interest Income": 1287000.0,
        "Normalized Income": -15472000.0,
        "Net Income From Continuing And Discontinued Operation": -15472000.0,
        "Total Expenses": 66978000.0,
        "Total Operating Income As Reported": -16114000.0,
        "Diluted Average Shares": 182493000.0,
        "Basic Average Shares": 182493000.0,
        "Diluted EPS": -0.08,
        "Basic EPS": -0.08,
        "Diluted NI Availto Com Stockholders": -15472000.0,
        "Net Income Common Stockholders": -15472000.0,
        "Net Income": -15472000.0,
        "Net Income Including Noncontrolling Interests": -15472000.0,
        "Net Income Continuous Operations": -15472000.0,
        "Earnings From Equity Interest Net Of Tax": -325000.0,
        "Tax Provision": 44000.0,
        "Pretax Income": -15103000.0,
        "Other Income Expense": -257000.0,
        "Other Non Operating Income Expenses": -257000.0,
        "Special Income Charges": 0.0,
        "Impairment Of Capital Assets": NaN,
        "Restructuring And Mergern Acquisition": 0.0,
        "Gain On Sale Of Security": NaN,
        "Net Non Operating Interest Income Expense": 1268000.0,
        "Interest Expense Non Operating": 19000.0,
        "Interest Income Non Operating": 1287000.0,
        "Operating Income": -16114000.0,
        "Operating Expense": 55371000.0,
        "Other Operating Expenses": 7425000.0,
        "Depreciation Amortization Depletion Income Statement": 1561000.0,
        "Depreciation And Amortization In Income Statement": 1561000.0,
        "Research And Development": 7100000.0,
        "Selling General And Administration": 39285000.0,
        "Selling And Marketing Expense": 8686000.0,
        "General And Administrative Expense": 30599000.0,
        "Other Gand A": 30599000.0,
        "Salaries And Wages": NaN,
        "Gross Profit": 39257000.0,
        "Cost Of Revenue": 11607000.0,
        "Total Revenue": 50864000.0,
        "Operating Revenue": 50864000.0
    },
    "2022-06-30": {
        "Tax Effect Of Unusual Items": 0.0,
        "Tax Rate For Calcs": 0.059,
        "Normalized EBITDA": -938000.0,
        "Total Unusual Items": NaN,
        "Total Unusual Items Excluding Goodwill": NaN,
        "Net Income From Continuing Operation Net Minority Interest": -3632000.0,
        "Reconciled Depreciation": 2897000.0,
        "Reconciled Cost Of Revenue": 8799000.0,
        "EBITDA": -938000.0,
        "EBIT": -3835000.0,
        "Net Interest Income": 634000.0,
        "Interest Expense": 24000.0,
        "Interest Income": 658000.0,
        "Normalized Income": -3632000.0,
        "Net Income From Continuing And Discontinued Operation": -3632000.0,
        "Total Expenses": 47332000.0,
        "Total Operating Income As Reported": -3961000.0,
        "Diluted Average Shares": 181730000.0,
        "Basic Average Shares": 181730000.0,
        "Diluted EPS": -0.02,
        "Basic EPS": -0.02,
        "Diluted NI Availto Com Stockholders": -3632000.0,
        "Net Income Common Stockholders": -3632000.0,
        "Net Income": -3632000.0,
        "Net Income Including Noncontrolling Interests": -3632000.0,
        "Net Income Continuous Operations": -3632000.0,
        "Earnings From Equity Interest Net Of Tax": NaN,
        "Tax Provision": -227000.0,
        "Pretax Income": -3859000.0,
        "Other Income Expense": -532000.0,
        "Other Non Operating Income Expenses": -532000.0,
        "Special Income Charges": NaN,
        "Impairment Of Capital Assets": NaN,
        "Restructuring And Mergern Acquisition": NaN,
        "Gain On Sale Of Security": NaN,
        "Net Non Operating Interest Income Expense": 634000.0,
        "Interest Expense Non Operating": 24000.0,
        "Interest Income Non Operating": 658000.0,
        "Operating Income": -3961000.0,
        "Operating Expense": 36811000.0,
        "Other Operating Expenses": 6485000.0,
        "Depreciation Amortization Depletion Income Statement": 1175000.0,
        "Depreciation And Amortization In Income Statement": 1175000.0,
        "Research And Development": 6647000.0,
        "Selling General And Administration": 22504000.0,
        "Selling And Marketing Expense": 11027000.0,
        "General And Administrative Expense": 11477000.0,
        "Other Gand A": 11477000.0,
        "Salaries And Wages": NaN,
        "Gross Profit": 32850000.0,
        "Cost Of Revenue": 10521000.0,
        "Total Revenue": 43371000.0,
        "Operating Revenue": 43371000.0
    },
    "2023-06-30": {
        "Tax Effect Of Unusual Items": -1284150.0,
        "Tax Rate For Calcs": 0.21,
        "Normalized EBITDA": 9593000.0,
        "Total Unusual Items": -6115000.0,
        "Total Unusual Items Excluding Goodwill": -6115000.0,
        "Net Income From Continuing Operation Net Minority Interest": -253000.0,
        "Reconciled Depreciation": 3292000.0,
        "Reconciled Cost Of Revenue": 10792000.0,
        "EBITDA": 3478000.0,
        "EBIT": 186000.0,
        "Net Interest Income": 2973000.0,
        "Interest Expense": 18000.0,
        "Interest Income": 2991000.0,
        "Normalized Income": 4577850.0,
        "Net Income From Continuing And Discontinued Operation": -253000.0,
        "Total Expenses": 57243000.0,
        "Total Operating Income As Reported": -5630000.0,
        "Diluted Average Shares": 183623000.0,
        "Basic Average Shares": 183623000.0,
        "Diluted EPS": -0.001378,
        "Basic EPS": -0.001378,
        "Diluted NI Availto Com Stockholders": -253000.0,
        "Net Income Common Stockholders": -253000.0,
        "Net Income": -253000.0,
        "Net Income Including Noncontrolling Interests": -253000.0,
        "Net Income Continuous Operations": -253000.0,
        "Earnings From Equity Interest Net Of Tax": -351000.0,
        "Tax Provision": 70000.0,
        "Pretax Income": 168000.0,
        "Other Income Expense": -4091000.0,
        "Other Non Operating Income Expenses": 2024000.0,
        "Special Income Charges": -6916000.0,
        "Impairment Of Capital Assets": 6916000.0,
        "Restructuring And Mergern Acquisition": NaN,
        "Gain On Sale Of Security": 801000.0,
        "Net Non Operating Interest Income Expense": 2973000.0,
        "Interest Expense Non Operating": 18000.0,
        "Interest Income Non Operating": 2991000.0,
        "Operating Income": 1286000.0,
        "Operating Expense": 44635000.0,
        "Other Operating Expenses": 7800000.0,
        "Depreciation Amortization Depletion Income Statement": 1476000.0,
        "Depreciation And Amortization In Income Statement": 1476000.0,
        "Research And Development": 8301000.0,
        "Selling General And Administration": 27058000.0,
        "Selling And Marketing Expense": 13379000.0,
        "General And Administrative Expense": 13679000.0,
        "Other Gand A": 13679000.0,
        "Salaries And Wages": 3790000.0,
        "Gross Profit": 45921000.0,
        "Cost Of Revenue": 12608000.0,
        "Total Revenue": 58529000.0,
        "Operating Revenue": 58529000.0
    },
    "2022-03-31": {
        "Diluted EPS": -0.05,
        "Total Revenue": 28,
        "Gross Profit": 20,
        "Operating Income": -13,
        "EBIT": -9,
        "Net Income": -8
    },
    "2021-12-31": {
        "Diluted EPS": 0.45,
        "Total Revenue": 38,
        "Gross Profit": 30,
        "Operating Income": -6,
        "EBIT": -2,
        "Net Income": 34
    },
    "2021-09-30": {
        "Diluted EPS": -0.73,
        "Total Revenue": 35,
        "Gross Profit": 27,
        "Operating Income": 1,
        "EBIT": 5,
        "Net Income": -85
    },
    "2021-06-30": {
        "Diluted EPS": -0.09,
        "Total Revenue": 24,
        "Gross Profit": 18,
        "Operating Income": -2,
        "EBIT": 1,
        "Net Income": -3
    },
    "2021-03-31": {
        "Diluted EPS": -0.35,
        "Total Revenue": 12,
        "Gross Profit": 8,
        "Operating Income": -10,
        "EBIT": -6,
        "Net Income": -11
    },
    "2020-12-31": {
        "Diluted EPS": 0.0,
        "Total Revenue": NaN,
        "Gross Profit": NaN,
        "Operating Income": NaN,
        "EBIT": NaN,
        "Net Income": NaN
    },
    "2020-09-30": {
        "Diluted EPS": -0.35,
        "Total Revenue": 13,
        "Gross Profit": 9,
        "Operating Income": -7,
        "EBIT": -7,
        "Net Income": -10
    },
    "2019-12-31": {
        "Diluted EPS": 0.0,
        "Total Revenue": NaN,
        "Gross Profit": NaN,
        "Operating Income": NaN,
        "EBIT": NaN,
        "Net Income": NaN
    },
    "2023-09-30": {
        "Tax Effect Of Unusual Items": 0.0,
        "Tax Rate For Calcs": 0.012,
        "Normalized EBITDA": 14075000.0,
        "Total Unusual Items": 0.0,
        "Total Unusual Items Excluding Goodwill": 0.0,
        "Net Income From Continuing Operation Net Minority Interest": 10500000.0,
        "Reconciled Depreciation": 3116000.0,
        "Reconciled Cost Of Revenue": 11707000.0,
        "EBITDA": 14075000.0,
        "EBIT": 10959000.0,
        "Net Interest Income": 3137000.0,
        "Interest Expense": 15000.0,
        "Interest Income": 3152000.0,
        "Normalized Income": 10500000.0,
        "Net Income From Continuing And Discontinued Operation": 10500000.0,
        "Total Expenses": 57828000.0,
        "Total Operating Income As Reported": 8375000.0,
        "Diluted Average Shares": 192977000.0,
        "Basic Average Shares": 181423000.0,
        "Diluted EPS": 0.05,
        "Basic EPS": 0.06,
        "Diluted NI Availto Com Stockholders": 10500000.0,
        "Net Income Common Stockholders": 10500000.0,
        "Net Income": 10500000.0,
        "Net Income Including Noncontrolling Interests": 10500000.0,
        "Net Income Continuous Operations": 10500000.0,
        "Earnings From Equity Interest Net Of Tax": -316000.0,
        "Tax Provision": 128000.0,
        "Pretax Income": 10944000.0,
        "Other Income Expense": -568000.0,
        "Other Non Operating Income Expenses": -568000.0,
        "Special Income Charges": 0.0,
        "Impairment Of Capital Assets": 0.0,
        "Restructuring And Mergern Acquisition": NaN,
        "Gain On Sale Of Security": NaN,
        "Net Non Operating Interest Income Expense": 3137000.0,
        "Interest Expense Non Operating": 15000.0,
        "Interest Income Non Operating": 3152000.0,
        "Operating Income": 8375000.0,
        "Operating Expense": 44194000.0,
        "Other Operating Expenses": 8156000.0,
        "Depreciation Amortization Depletion Income Statement": 1189000.0,
        "Depreciation And Amortization In Income Statement": 1189000.0,
        "Research And Development": 8566000.0,
        "Selling General And Administration": 26283000.0,
        "Selling And Marketing Expense": 12684000.0,
        "General And Administrative Expense": 13599000.0,
        "Other Gand A": 13599000.0,
        "Salaries And Wages": NaN,
        "Gross Profit": 52569000.0,
        "Cost Of Revenue": 13634000.0,
        "Total Revenue": 66203000.0,
        "Operating Revenue": 66203000.0
    }
}