{
    "2023-03-31": {
        "Tax Effect Of Unusual Items": NaN,
        "Tax Rate For Calcs": NaN,
        "Normalized EBITDA": NaN,
        "Total Unusual Items": NaN,
        "Total Unusual Items Excluding Goodwill": NaN,
        "Net Income From Continuing Operation Net Minority Interest": NaN,
        "Reconciled Depreciation": NaN,
        "Reconciled Cost Of Revenue": NaN,
        "EBITDA": NaN,
        "EBIT": NaN,
        "Net Interest Income": NaN,
        "Interest Expense": 1160000.0,
        "Normalized Income": NaN,
        "Net Income From Continuing And Discontinued Operation": NaN,
        "Total Expenses": NaN,
        "Total Operating Income As Reported": NaN,
        "Diluted Average Shares": NaN,
        "Basic Average Shares": NaN,
        "Diluted EPS": NaN,
        "Basic EPS": NaN,
        "Diluted NI Availto Com Stockholders": NaN,
        "Net Income Common Stockholders": NaN,
        "Net Income": NaN,
        "Minority Interests": NaN,
        "Net Income Including Noncontrolling Interests": NaN,
        "Net Income Continuous Operations": NaN,
        "Tax Provision": NaN,
        "Pretax Income": NaN,
        "Other Income Expense": NaN,
        "Other Non Operating Income Expenses": NaN,
        "Special Income Charges": NaN,
        "Gain On Sale Of Business": NaN,
        "Other Special Charges": NaN,
        "Restructuring And Mergern Acquisition": 0.0,
        "Net Non Operating Interest Income Expense": NaN,
        "Total Other Finance Cost": NaN,
        "Interest Expense Non Operating": 1160000.0,
        "Operating Income": NaN,
        "Operating Expense": NaN,
        "Depreciation Amortization Depletion Income Statement": NaN,
        "Depreciation And Amortization In Income Statement": NaN,
        "Selling General And Administration": NaN,
        "Gross Profit": NaN,
        "Cost Of Revenue": NaN,
        "Total Revenue": NaN,
        "Operating Revenue": NaN
    },
    "2022-12-31": {
        "Tax Effect Of Unusual Items": NaN,
        "Tax Rate For Calcs": NaN,
        "Normalized EBITDA": NaN,
        "Total Unusual Items": NaN,
        "Total Unusual Items Excluding Goodwill": NaN,
        "Net Income From Continuing Operation Net Minority Interest": NaN,
        "Reconciled Depreciation": NaN,
        "Reconciled Cost Of Revenue": NaN,
        "EBITDA": NaN,
        "EBIT": NaN,
        "Net Interest Income": NaN,
        "Interest Expense": 1204842.0,
        "Normalized Income": NaN,
        "Net Income From Continuing And Discontinued Operation": NaN,
        "Total Expenses": NaN,
        "Total Operating Income As Reported": NaN,
        "Diluted Average Shares": NaN,
        "Basic Average Shares": NaN,
        "Diluted EPS": NaN,
        "Basic EPS": NaN,
        "Diluted NI Availto Com Stockholders": NaN,
        "Net Income Common Stockholders": NaN,
        "Net Income": NaN,
        "Minority Interests": NaN,
        "Net Income Including Noncontrolling Interests": NaN,
        "Net Income Continuous Operations": NaN,
        "Tax Provision": NaN,
        "Pretax Income": NaN,
        "Other Income Expense": NaN,
        "Other Non Operating Income Expenses": NaN,
        "Special Income Charges": NaN,
        "Gain On Sale Of Business": NaN,
        "Restructuring And Mergern Acquisition": 990000.0,
        "Net Non Operating Interest Income Expense": NaN,
        "Total Other Finance Cost": NaN,
        "Interest Expense Non Operating": 1204842.0,
        "Operating Income": NaN,
        "Operating Expense": NaN,
        "Depreciation Amortization Depletion Income Statement": NaN,
        "Depreciation And Amortization In Income Statement": NaN,
        "Selling General And Administration": NaN,
        "Gross Profit": NaN,
        "Cost Of Revenue": NaN,
        "Total Revenue": NaN,
        "Operating Revenue": NaN
    },
    "2022-09-30": {
        "Tax Effect Of Unusual Items": NaN,
        "Tax Rate For Calcs": NaN,
        "Normalized EBITDA": NaN,
        "Total Unusual Items": NaN,
        "Total Unusual Items Excluding Goodwill": NaN,
        "Net Income From Continuing Operation Net Minority Interest": NaN,
        "Reconciled Depreciation": NaN,
        "Reconciled Cost Of Revenue": NaN,
        "EBITDA": NaN,
        "EBIT": NaN,
        "Net Interest Income": NaN,
        "Interest Expense": 1100000.0,
        "Normalized Income": NaN,
        "Net Income From Continuing And Discontinued Operation": NaN,
        "Total Expenses": NaN,
        "Total Operating Income As Reported": NaN,
        "Diluted Average Shares": NaN,
        "Basic Average Shares": NaN,
        "Diluted EPS": NaN,
        "Basic EPS": NaN,
        "Diluted NI Availto Com Stockholders": NaN,
        "Net Income Common Stockholders": NaN,
        "Net Income": NaN,
        "Minority Interests": NaN,
        "Net Income Including Noncontrolling Interests": NaN,
        "Net Income Continuous Operations": NaN,
        "Tax Provision": NaN,
        "Pretax Income": NaN,
        "Other Income Expense": NaN,
        "Other Non Operating Income Expenses": NaN,
        "Special Income Charges": NaN,
        "Gain On Sale Of Business": NaN,
        "Restructuring And Mergern Acquisition": NaN,
        "Net Non Operating Interest Income Expense": NaN,
        "Total Other Finance Cost": NaN,
        "Interest Expense Non Operating": 1100000.0,
        "Operating Income": NaN,
        "Operating Expense": NaN,
        "Depreciation Amortization Depletion Income Statement": NaN,
        "Depreciation And Amortization In Income Statement": NaN,
        "Selling General And Administration": NaN,
        "Gross Profit": NaN,
        "Cost Of Revenue": NaN,
        "Total Revenue": NaN,
        "Operating Revenue": NaN
    },
    "2022-06-30": {
        "Tax Effect Of Unusual Items": 420000.0,
        "Tax Rate For Calcs": 0.4,
        "Normalized EBITDA": 30884621.0,
        "Total Unusual Items": 1050000.0,
        "Total Unusual Items Excluding Goodwill": 1050000.0,
        "Net Income From Continuing Operation Net Minority Interest": 9412.0,
        "Reconciled Depreciation": 29190773.0,
        "Reconciled Cost Of Revenue": 16731428.0,
        "EBITDA": 31934621.0,
        "EBIT": 2743848.0,
        "Net Interest Income": -1051197.0,
        "Interest Expense": 1051197.0,
        "Normalized Income": -620588.0,
        "Net Income From Continuing And Discontinued Operation": 9412.0,
        "Total Expenses": 85052113.0,
        "Total Operating Income As Reported": -16567332.0,
        "Diluted Average Shares": 113250565.0,
        "Basic Average Shares": 88903674.0,
        "Diluted EPS": 7.9e-05,
        "Basic EPS": 0.000101,
        "Diluted NI Availto Com Stockholders": 9412.0,
        "Net Income Common Stockholders": 9412.0,
        "Net Income": 9412.0,
        "Minority Interests": 1362153.0,
        "Net Income Including Noncontrolling Interests": -1352741.0,
        "Net Income Continuous Operations": -1352741.0,
        "Tax Provision": 3045392.0,
        "Pretax Income": 1692651.0,
        "Other Income Expense": 20361180.0,
        "Other Non Operating Income Expenses": 19311180.0,
        "Special Income Charges": 1050000.0,
        "Gain On Sale Of Business": NaN,
        "Write Off": NaN,
        "Restructuring And Mergern Acquisition": -1050000.0,
        "Net Non Operating Interest Income Expense": -1051197.0,
        "Interest Expense Non Operating": 1051197.0,
        "Operating Income": -17617332.0,
        "Operating Expense": 68320685.0,
        "Depreciation Amortization Depletion Income Statement": 29190773.0,
        "Depreciation And Amortization In Income Statement": 29190773.0,
        "Selling General And Administration": 39129912.0,
        "Gross Profit": 50703353.0,
        "Cost Of Revenue": 16731428.0,
        "Total Revenue": 67434781.0,
        "Operating Revenue": 67434781.0
    },
    "2022-03-31": {
        "Diluted EPS": 0.12,
        "Total Revenue": 68,
        "Gross Profit": 51,
        "Operating Income": -7,
        "EBIT": 22,
        "Net Income": 14
    },
    "2021-12-31": {
        "Diluted EPS": -0.17,
        "Total Revenue": 62,
        "Gross Profit": 47,
        "Operating Income": -21,
        "EBIT": 6,
        "Net Income": -16
    },
    "2021-09-30": {
        "Diluted EPS": -0.07,
        "Total Revenue": 61,
        "Gross Profit": 46,
        "Operating Income": -12,
        "EBIT": 14,
        "Net Income": -6
    },
    "2021-06-30": {
        "Diluted EPS": -0.15,
        "Total Revenue": 48,
        "Gross Profit": 36,
        "Operating Income": -12,
        "EBIT": 8,
        "Net Income": -12
    },
    "2021-03-31": {
        "Diluted EPS": -0.21,
        "Total Revenue": 48,
        "Gross Profit": 35,
        "Operating Income": -9,
        "EBIT": 10,
        "Net Income": -16
    },
    "2020-12-31": {
        "Diluted EPS": 0.27,
        "Total Revenue": 41,
        "Gross Profit": 30,
        "Operating Income": -9,
        "EBIT": 8,
        "Net Income": -9
    },
    "2020-09-30": {
        "Diluted EPS": -0.12,
        "Total Revenue": 38,
        "Gross Profit": 27,
        "Operating Income": -13,
        "EBIT": 3,
        "Net Income": -7
    },
    "2020-06-30": {
        "Diluted EPS": -1.9,
        "Total Revenue": 37,
        "Gross Profit": 28,
        "Operating Income": -7,
        "EBIT": 8,
        "Net Income": -79
    },
    "2020-03-31": {
        "Diluted EPS": -0.27,
        "Total Revenue": 39,
        "Gross Profit": 29,
        "Operating Income": -3,
        "EBIT": 11,
        "Net Income": -10
    },
    "2019-12-31": {
        "Diluted EPS": -0.63,
        "Total Revenue": 34,
        "Gross Profit": 24,
        "Operating Income": -13,
        "EBIT": 0,
        "Net Income": -23
    },
    "2019-09-30": {
        "Diluted EPS": -0.25,
        "Total Revenue": 26,
        "Gross Profit": 19,
        "Operating Income": -47,
        "EBIT": -35,
        "Net Income": -41
    },
    "2019-06-30": {
        "Diluted EPS": 0.0,
        "Total Revenue": 22,
        "Gross Profit": 17,
        "Operating Income": 6,
        "EBIT": 9,
        "Net Income": 4
    },
    "2019-03-31": {
        "Diluted EPS": 0.0,
        "Total Revenue": 23,
        "Gross Profit": 18,
        "Operating Income": 6,
        "EBIT": 9,
        "Net Income": 5
    },
    "2018-12-31": {
        "Diluted EPS": 0.0,
        "Total Revenue": 98,
        "Gross Profit": 41,
        "Operating Income": 11,
        "EBIT": 14,
        "Net Income": 7
    },
    "2018-09-30": {
        "Diluted EPS": 0.0,
        "Total Revenue": 32,
        "Gross Profit": 14,
        "Operating Income": 5,
        "EBIT": 5,
        "Net Income": 4
    },
    "2018-06-30": {
        "Diluted EPS": -0.01,
        "Total Revenue": NaN,
        "Gross Profit": NaN,
        "Operating Income": 0,
        "EBIT": 0,
        "Net Income": 0
    },
    "2018-03-31": {
        "Diluted EPS": 0.0,
        "Total Revenue": NaN,
        "Gross Profit": NaN,
        "Operating Income": 0,
        "EBIT": 0,
        "Net Income": 0
    },
    "2017-12-31": {
        "Diluted EPS": 0.0,
        "Total Revenue": NaN,
        "Gross Profit": NaN,
        "Operating Income": NaN,
        "EBIT": NaN,
        "Net Income": NaN
    },
    "2017-09-30": {
        "Diluted EPS": 0.0,
        "Total Revenue": NaN,
        "Gross Profit": NaN,
        "Operating Income": NaN,
        "EBIT": NaN,
        "Net Income": NaN
    },
    "2017-06-30": {
        "Diluted EPS": 0.0,
        "Total Revenue": NaN,
        "Gross Profit": NaN,
        "Operating Income": 0,
        "EBIT": 0,
        "Net Income": 0
    },
    "2023-06-30": {
        "Tax Effect Of Unusual Items": NaN,
        "Tax Rate For Calcs": NaN,
        "Normalized EBITDA": NaN,
        "Total Unusual Items": NaN,
        "Total Unusual Items Excluding Goodwill": NaN,
        "Net Income From Continuing Operation Net Minority Interest": NaN,
        "Reconciled Depreciation": NaN,
        "Reconciled Cost Of Revenue": NaN,
        "EBITDA": NaN,
        "EBIT": NaN,
        "Net Interest Income": NaN,
        "Interest Expense": 910000.0,
        "Normalized Income": NaN,
        "Net Income From Continuing And Discontinued Operation": NaN,
        "Total Expenses": NaN,
        "Total Operating Income As Reported": NaN,
        "Diluted Average Shares": NaN,
        "Basic Average Shares": NaN,
        "Diluted EPS": NaN,
        "Basic EPS": NaN,
        "Diluted NI Availto Com Stockholders": NaN,
        "Net Income Common Stockholders": NaN,
        "Net Income": NaN,
        "Minority Interests": NaN,
        "Net Income Including Noncontrolling Interests": NaN,
        "Net Income Continuous Operations": NaN,
        "Tax Provision": NaN,
        "Pretax Income": NaN,
        "Other Income Expense": NaN,
        "Other Non Operating Income Expenses": NaN,
        "Special Income Charges": NaN,
        "Gain On Sale Of Business": NaN,
        "Other Special Charges": NaN,
        "Restructuring And Mergern Acquisition": 0.0,
        "Net Non Operating Interest Income Expense": NaN,
        "Total Other Finance Cost": 388000.0,
        "Interest Expense Non Operating": 910000.0,
        "Operating Income": NaN,
        "Operating Expense": NaN,
        "Depreciation Amortization Depletion Income Statement": NaN,
        "Depreciation And Amortization In Income Statement": NaN,
        "Selling General And Administration": NaN,
        "Gross Profit": NaN,
        "Cost Of Revenue": NaN,
        "Total Revenue": NaN,
        "Operating Revenue": NaN
    },
    "2023-09-30": {
        "Tax Effect Of Unusual Items": NaN,
        "Tax Rate For Calcs": NaN,
        "Normalized EBITDA": NaN,
        "Total Unusual Items": NaN,
        "Total Unusual Items Excluding Goodwill": NaN,
        "Net Income From Continuing Operation Net Minority Interest": NaN,
        "Reconciled Depreciation": NaN,
        "Reconciled Cost Of Revenue": NaN,
        "EBITDA": NaN,
        "EBIT": NaN,
        "Net Interest Income": NaN,
        "Interest Expense": 103000.0,
        "Interest Income": NaN,
        "Normalized Income": NaN,
        "Net Income From Continuing And Discontinued Operation": NaN,
        "Total Expenses": NaN,
        "Total Operating Income As Reported": NaN,
        "Diluted Average Shares": NaN,
        "Basic Average Shares": NaN,
        "Diluted EPS": NaN,
        "Basic EPS": NaN,
        "Diluted NI Availto Com Stockholders": NaN,
        "Net Income Common Stockholders": NaN,
        "Net Income": NaN,
        "Minority Interests": NaN,
        "Net Income Including Noncontrolling Interests": NaN,
        "Net Income Continuous Operations": NaN,
        "Tax Provision": NaN,
        "Pretax Income": NaN,
        "Other Income Expense": NaN,
        "Other Non Operating Income Expenses": NaN,
        "Special Income Charges": NaN,
        "Gain On Sale Of Business": NaN,
        "Other Special Charges": NaN,
        "Restructuring And Mergern Acquisition": 0.0,
        "Net Non Operating Interest Income Expense": NaN,
        "Total Other Finance Cost": 103000.0,
        "Interest Expense Non Operating": 103000.0,
        "Interest Income Non Operating": NaN,
        "Operating Income": NaN,
        "Operating Expense": NaN,
        "Depreciation Amortization Depletion Income Statement": NaN,
        "Depreciation And Amortization In Income Statement": NaN,
        "Selling General And Administration": NaN,
        "Gross Profit": NaN,
        "Cost Of Revenue": NaN,
        "Total Revenue": NaN,
        "Operating Revenue": NaN
    },
    "2023-12-31": {
        "Tax Effect Of Unusual Items": NaN,
        "Tax Rate For Calcs": NaN,
        "Normalized EBITDA": NaN,
        "Total Unusual Items": NaN,
        "Total Unusual Items Excluding Goodwill": NaN,
        "Net Income From Continuing Operation Net Minority Interest": NaN,
        "Reconciled Depreciation": NaN,
        "Reconciled Cost Of Revenue": NaN,
        "EBITDA": NaN,
        "EBIT": NaN,
        "Net Interest Income": NaN,
        "Interest Expense": NaN,
        "Interest Income": NaN,
        "Normalized Income": NaN,
        "Net Income From Continuing And Discontinued Operation": NaN,
        "Total Expenses": NaN,
        "Total Operating Income As Reported": NaN,
        "Diluted Average Shares": NaN,
        "Basic Average Shares": NaN,
        "Diluted EPS": NaN,
        "Basic EPS": NaN,
        "Diluted NI Availto Com Stockholders": NaN,
        "Net Income Common Stockholders": NaN,
        "Net Income": NaN,
        "Minority Interests": NaN,
        "Net Income Including Noncontrolling Interests": NaN,
        "Net Income Continuous Operations": NaN,
        "Tax Provision": NaN,
        "Pretax Income": NaN,
        "Other Income Expense": NaN,
        "Other Non Operating Income Expenses": NaN,
        "Special Income Charges": NaN,
        "Gain On Sale Of Business": 0.0,
        "Other Special Charges": NaN,
        "Write Off": NaN,
        "Restructuring And Mergern Acquisition": 0.0,
        "Net Non Operating Interest Income Expense": NaN,
        "Total Other Finance Cost": NaN,
        "Interest Expense Non Operating": NaN,
        "Interest Income Non Operating": NaN,
        "Operating Income": NaN,
        "Operating Expense": NaN,
        "Depreciation Amortization Depletion Income Statement": NaN,
        "Depreciation And Amortization In Income Statement": NaN,
        "Amortization": NaN,
        "Amortization Of Intangibles Income Statement": NaN,
        "Depreciation Income Statement": NaN,
        "Selling General And Administration": NaN,
        "Gross Profit": NaN,
        "Cost Of Revenue": NaN,
        "Total Revenue": NaN,
        "Operating Revenue": NaN
    },
    "2024-03-31": {
        "Tax Effect Of Unusual Items": NaN,
        "Tax Rate For Calcs": NaN,
        "Normalized EBITDA": NaN,
        "Total Unusual Items": 0.0,
        "Total Unusual Items Excluding Goodwill": 0.0,
        "Net Income From Continuing Operation Net Minority Interest": NaN,
        "Reconciled Depreciation": NaN,
        "Reconciled Cost Of Revenue": NaN,
        "EBITDA": NaN,
        "EBIT": NaN,
        "Net Interest Income": NaN,
        "Interest Expense": 912000.0,
        "Interest Income": 1292000.0,
        "Normalized Income": NaN,
        "Net Income From Continuing And Discontinued Operation": NaN,
        "Total Expenses": NaN,
        "Total Operating Income As Reported": NaN,
        "Diluted Average Shares": NaN,
        "Basic Average Shares": NaN,
        "Diluted EPS": NaN,
        "Basic EPS": NaN,
        "Diluted NI Availto Com Stockholders": NaN,
        "Net Income Common Stockholders": NaN,
        "Net Income": NaN,
        "Minority Interests": NaN,
        "Net Income Including Noncontrolling Interests": NaN,
        "Net Income Continuous Operations": NaN,
        "Tax Provision": NaN,
        "Pretax Income": NaN,
        "Other Income Expense": NaN,
        "Other Non Operating Income Expenses": NaN,
        "Special Income Charges": 0.0,
        "Gain On Sale Of Business": 0.0,
        "Other Special Charges": NaN,
        "Write Off": NaN,
        "Net Non Operating Interest Income Expense": NaN,
        "Total Other Finance Cost": -380000.0,
        "Interest Expense Non Operating": 912000.0,
        "Interest Income Non Operating": 1292000.0,
        "Operating Income": NaN,
        "Operating Expense": NaN,
        "Depreciation Amortization Depletion Income Statement": NaN,
        "Depreciation And Amortization In Income Statement": NaN,
        "Amortization": NaN,
        "Amortization Of Intangibles Income Statement": NaN,
        "Depreciation Income Statement": NaN,
        "Selling General And Administration": NaN,
        "Gross Profit": NaN,
        "Cost Of Revenue": NaN,
        "Total Revenue": NaN,
        "Operating Revenue": NaN
    },
    "2024-06-30": {
        "Tax Effect Of Unusual Items": 0.0,
        "Tax Rate For Calcs": 0.317933,
        "Normalized EBITDA": 21468000.0,
        "Total Unusual Items": 0.0,
        "Total Unusual Items Excluding Goodwill": 0.0,
        "Net Income From Continuing Operation Net Minority Interest": -4071000.0,
        "Reconciled Depreciation": 26771000.0,
        "Reconciled Cost Of Revenue": 16321000.0,
        "EBITDA": 21468000.0,
        "EBIT": -5303000.0,
        "Net Interest Income": 554000.0,
        "Interest Expense": 909000.0,
        "Interest Income": 1463000.0,
        "Normalized Income": -4071000.0,
        "Net Income From Continuing And Discontinued Operation": -4071000.0,
        "Total Expenses": 78327000.0,
        "Total Operating Income As Reported": -3421000.0,
        "Diluted Average Shares": 91821369.0,
        "Basic Average Shares": 91821369.0,
        "Diluted EPS": -0.04,
        "Basic EPS": -0.04,
        "Diluted NI Availto Com Stockholders": -4071000.0,
        "Net Income Common Stockholders": -4071000.0,
        "Net Income": -4071000.0,
        "Minority Interests": 166000.0,
        "Net Income Including Noncontrolling Interests": -4237000.0,
        "Net Income Continuous Operations": -4237000.0,
        "Tax Provision": -1975000.0,
        "Pretax Income": -6212000.0,
        "Other Income Expense": -3345000.0,
        "Other Non Operating Income Expenses": -3345000.0,
        "Special Income Charges": 0.0,
        "Gain On Sale Of Business": 0.0,
        "Other Special Charges": NaN,
        "Write Off": 0.0,
        "Net Non Operating Interest Income Expense": 554000.0,
        "Total Other Finance Cost": -554000.0,
        "Interest Expense Non Operating": 909000.0,
        "Interest Income Non Operating": 1463000.0,
        "Operating Income": -3421000.0,
        "Operating Expense": 62006000.0,
        "Depreciation Amortization Depletion Income Statement": 26771000.0,
        "Depreciation And Amortization In Income Statement": 26771000.0,
        "Amortization": 26558000.0,
        "Amortization Of Intangibles Income Statement": 26558000.0,
        "Depreciation Income Statement": 213000.0,
        "Selling General And Administration": 35235000.0,
        "Gross Profit": 58585000.0,
        "Cost Of Revenue": 16321000.0,
        "Total Revenue": 74906000.0,
        "Operating Revenue": 74906000.0
    },
    "2024-09-30": {
        "Tax Effect Of Unusual Items": 2390752.0,
        "Tax Rate For Calcs": 0.182,
        "Normalized EBITDA": 11718000.0,
        "Total Unusual Items": 13136000.0,
        "Total Unusual Items Excluding Goodwill": 13136000.0,
        "Net Income From Continuing Operation Net Minority Interest": 3243000.0,
        "Reconciled Depreciation": 25529000.0,
        "Reconciled Cost Of Revenue": 17584000.0,
        "EBITDA": 24854000.0,
        "EBIT": -675000.0,
        "Net Interest Income": -1310000.0,
        "Interest Expense": NaN,
        "Interest Income": NaN,
        "Normalized Income": -7502248.0,
        "Net Income From Continuing And Discontinued Operation": 3243000.0,
        "Total Expenses": 79820000.0,
        "Total Operating Income As Reported": -675000.0,
        "Diluted Average Shares": 103129907.0,
        "Basic Average Shares": 88263285.0,
        "Diluted EPS": 0.03,
        "Basic EPS": 0.04,
        "Diluted NI Availto Com Stockholders": 3243000.0,
        "Net Income Common Stockholders": 3243000.0,
        "Net Income": 3243000.0,
        "Minority Interests": 28000.0,
        "Net Income Including Noncontrolling Interests": 3215000.0,
        "Net Income Continuous Operations": 3215000.0,
        "Tax Provision": 1524000.0,
        "Pretax Income": 4739000.0,
        "Other Income Expense": 6724000.0,
        "Other Non Operating Income Expenses": -6412000.0,
        "Special Income Charges": 13136000.0,
        "Gain On Sale Of Business": 0.0,
        "Other Special Charges": -13136000.0,
        "Write Off": NaN,
        "Net Non Operating Interest Income Expense": -1310000.0,
        "Total Other Finance Cost": 1310000.0,
        "Interest Expense Non Operating": NaN,
        "Interest Income Non Operating": NaN,
        "Operating Income": -675000.0,
        "Operating Expense": 62236000.0,
        "Depreciation Amortization Depletion Income Statement": 25529000.0,
        "Depreciation And Amortization In Income Statement": 25529000.0,
        "Amortization": NaN,
        "Amortization Of Intangibles Income Statement": NaN,
        "Depreciation Income Statement": NaN,
        "Selling General And Administration": 36707000.0,
        "Gross Profit": 61561000.0,
        "Cost Of Revenue": 17584000.0,
        "Total Revenue": 79145000.0,
        "Operating Revenue": 79145000.0
    },
    "2024-12-31": {
        "Tax Effect Of Unusual Items": 0.0,
        "Tax Rate For Calcs": 0.097172,
        "Normalized EBITDA": 27935000.0,
        "Total Unusual Items": 0.0,
        "Total Unusual Items Excluding Goodwill": 0.0,
        "Net Income From Continuing Operation Net Minority Interest": -4116000.0,
        "Reconciled Depreciation": 24382000.0,
        "Reconciled Cost Of Revenue": 18556000.0,
        "EBITDA": 27935000.0,
        "EBIT": 3553000.0,
        "Net Interest Income": -1505000.0,
        "Interest Expense": NaN,
        "Interest Income": NaN,
        "Normalized Income": -4116000.0,
        "Net Income From Continuing And Discontinued Operation": -4116000.0,
        "Total Expenses": 79441000.0,
        "Total Operating Income As Reported": -1170000.0,
        "Diluted Average Shares": 88392571.0,
        "Basic Average Shares": 88392571.0,
        "Diluted EPS": -0.05,
        "Basic EPS": -0.05,
        "Diluted NI Availto Com Stockholders": -4116000.0,
        "Net Income Common Stockholders": -4116000.0,
        "Net Income": -4116000.0,
        "Minority Interests": -158000.0,
        "Net Income Including Noncontrolling Interests": -3958000.0,
        "Net Income Continuous Operations": -3958000.0,
        "Tax Provision": -426000.0,
        "Pretax Income": -4384000.0,
        "Other Income Expense": -1709000.0,
        "Other Non Operating Income Expenses": -1709000.0,
        "Special Income Charges": 0.0,
        "Gain On Sale Of Business": 0.0,
        "Other Special Charges": 0.0,
        "Write Off": NaN,
        "Net Non Operating Interest Income Expense": -1505000.0,
        "Total Other Finance Cost": NaN,
        "Interest Expense Non Operating": NaN,
        "Interest Income Non Operating": NaN,
        "Operating Income": -1170000.0,
        "Operating Expense": 60885000.0,
        "Depreciation Amortization Depletion Income Statement": 24382000.0,
        "Depreciation And Amortization In Income Statement": 24382000.0,
        "Amortization": NaN,
        "Amortization Of Intangibles Income Statement": NaN,
        "Depreciation Income Statement": NaN,
        "Selling General And Administration": 36503000.0,
        "Gross Profit": 59715000.0,
        "Cost Of Revenue": 18556000.0,
        "Total Revenue": 78271000.0,
        "Operating Revenue": 78271000.0
    },
    "2025-03-31": {
        "Tax Effect Of Unusual Items": 0.0,
        "Tax Rate For Calcs": 0.052,
        "Normalized EBITDA": 19781000.0,
        "Total Unusual Items": NaN,
        "Total Unusual Items Excluding Goodwill": NaN,
        "Net Income From Continuing Operation Net Minority Interest": -7947000.0,
        "Reconciled Depreciation": 25294000.0,
        "Reconciled Cost Of Revenue": 18664000.0,
        "EBITDA": 19781000.0,
        "EBIT": -5513000.0,
        "Net Interest Income": -1751000.0,
        "Interest Expense": 3107000.0,
        "Interest Income": 1356000.0,
        "Normalized Income": -7947000.0,
        "Net Income From Continuing And Discontinued Operation": -7947000.0,
        "Total Expenses": 80945000.0,
        "Total Operating Income As Reported": -3620000.0,
        "Diluted Average Shares": 89005725.0,
        "Basic Average Shares": 89005725.0,
        "Diluted EPS": -0.09,
        "Basic EPS": -0.09,
        "Diluted NI Availto Com Stockholders": -7947000.0,
        "Net Income Common Stockholders": -7947000.0,
        "Net Income": -7947000.0,
        "Minority Interests": 221000.0,
        "Net Income Including Noncontrolling Interests": -8168000.0,
        "Net Income Continuous Operations": -8168000.0,
        "Tax Provision": -452000.0,
        "Pretax Income": -8620000.0,
        "Other Income Expense": -3249000.0,
        "Other Non Operating Income Expenses": -3249000.0,
        "Special Income Charges": NaN,
        "Gain On Sale Of Business": NaN,
        "Other Special Charges": NaN,
        "Write Off": NaN,
        "Net Non Operating Interest Income Expense": -1751000.0,
        "Total Other Finance Cost": NaN,
        "Interest Expense Non Operating": 3107000.0,
        "Interest Income Non Operating": 1356000.0,
        "Operating Income": -3620000.0,
        "Operating Expense": 62281000.0,
        "Depreciation Amortization Depletion Income Statement": 25294000.0,
        "Depreciation And Amortization In Income Statement": 25294000.0,
        "Amortization": NaN,
        "Amortization Of Intangibles Income Statement": NaN,
        "Depreciation Income Statement": NaN,
        "Selling General And Administration": 36987000.0,
        "Gross Profit": 58661000.0,
        "Cost Of Revenue": 18664000.0,
        "Total Revenue": 77325000.0,
        "Operating Revenue": 77325000.0
    },
    "2025-06-30": {
        "Tax Effect Of Unusual Items": -1231182.549918,
        "Tax Rate For Calcs": 0.011863,
        "Normalized EBITDA": 23020000.0,
        "Total Unusual Items": -103781000.0,
        "Total Unusual Items Excluding Goodwill": -103781000.0,
        "Net Income From Continuing Operation Net Minority Interest": -102251000.0,
        "Reconciled Depreciation": 25481000.0,
        "Reconciled Cost Of Revenue": 18404000.0,
        "EBITDA": -80761000.0,
        "EBIT": -106242000.0,
        "Net Interest Income": -1890000.0,
        "Interest Expense": 3087000.0,
        "Interest Income": 1197000.0,
        "Normalized Income": 298817.450082,
        "Net Income From Continuing And Discontinued Operation": -102251000.0,
        "Total Expenses": 76749000.0,
        "Total Operating Income As Reported": -104904000.0,
        "Diluted Average Shares": 88647823.0,
        "Basic Average Shares": 88647823.0,
        "Diluted EPS": -1.15,
        "Basic EPS": -1.15,
        "Diluted NI Availto Com Stockholders": -102251000.0,
        "Net Income Common Stockholders": -102251000.0,
        "Net Income": -102251000.0,
        "Minority Interests": 5781000.0,
        "Net Income Including Noncontrolling Interests": -108032000.0,
        "Net Income Continuous Operations": -108032000.0,
        "Tax Provision": -1297000.0,
        "Pretax Income": -109329000.0,
        "Other Income Expense": -106316000.0,
        "Other Non Operating Income Expenses": -2535000.0,
        "Special Income Charges": -103781000.0,
        "Gain On Sale Of Business": NaN,
        "Other Special Charges": NaN,
        "Write Off": 103781000.0,
        "Net Non Operating Interest Income Expense": -1890000.0,
        "Total Other Finance Cost": NaN,
        "Interest Expense Non Operating": 3087000.0,
        "Interest Income Non Operating": 1197000.0,
        "Operating Income": -1123000.0,
        "Operating Expense": 58345000.0,
        "Depreciation Amortization Depletion Income Statement": 25481000.0,
        "Depreciation And Amortization In Income Statement": 25481000.0,
        "Amortization": 25321000.0,
        "Amortization Of Intangibles Income Statement": 25321000.0,
        "Depreciation Income Statement": 160000.0,
        "Selling General And Administration": 32864000.0,
        "Gross Profit": 57222000.0,
        "Cost Of Revenue": 18404000.0,
        "Total Revenue": 75626000.0,
        "Operating Revenue": 75626000.0
    }
}