{
    "2023-03-31": {
        "Tax Effect Of Unusual Items": 0.0,
        "Tax Rate For Calcs": 0.21,
        "Normalized EBITDA": -11554000.0,
        "Total Unusual Items": NaN,
        "Total Unusual Items Excluding Goodwill": NaN,
        "Net Income From Continuing Operation Net Minority Interest": -25915000.0,
        "Reconciled Depreciation": 11050000.0,
        "Reconciled Cost Of Revenue": 55999000.0,
        "EBITDA": -11554000.0,
        "EBIT": -22604000.0,
        "Net Interest Income": -1049000.0,
        "Interest Expense": 2717000.0,
        "Interest Income": 1668000.0,
        "Normalized Income": -25915000.0,
        "Net Income From Continuing And Discontinued Operation": -25915000.0,
        "Total Expenses": 207139000.0,
        "Total Operating Income As Reported": -23965000.0,
        "Diluted Average Shares": 59888119.0,
        "Basic Average Shares": 59888119.0,
        "Diluted EPS": -0.43,
        "Basic EPS": -0.43,
        "Diluted NI Availto Com Stockholders": -25915000.0,
        "Net Income Common Stockholders": -25915000.0,
        "Net Income": -25915000.0,
        "Net Income Including Noncontrolling Interests": -25915000.0,
        "Net Income Continuous Operations": -25915000.0,
        "Tax Provision": 594000.0,
        "Pretax Income": -25321000.0,
        "Other Income Expense": -307000.0,
        "Other Non Operating Income Expenses": -307000.0,
        "Special Income Charges": NaN,
        "Impairment Of Capital Assets": NaN,
        "Restructuring And Mergern Acquisition": NaN,
        "Net Non Operating Interest Income Expense": -1049000.0,
        "Interest Expense Non Operating": 2717000.0,
        "Interest Income Non Operating": 1668000.0,
        "Operating Income": -23965000.0,
        "Operating Expense": 151140000.0,
        "Research And Development": 46346000.0,
        "Selling General And Administration": 104794000.0,
        "Selling And Marketing Expense": 80587000.0,
        "General And Administrative Expense": 24207000.0,
        "Other Gand A": 24207000.0,
        "Gross Profit": 127175000.0,
        "Cost Of Revenue": 55999000.0,
        "Total Revenue": 183174000.0,
        "Operating Revenue": 183174000.0
    },
    "2022-12-31": {
        "Tax Effect Of Unusual Items": 0.0,
        "Tax Rate For Calcs": 0.008362,
        "Normalized EBITDA": 1752000.0,
        "Total Unusual Items": NaN,
        "Total Unusual Items Excluding Goodwill": NaN,
        "Net Income From Continuing Operation Net Minority Interest": -11385000.0,
        "Reconciled Depreciation": 10451000.0,
        "Reconciled Cost Of Revenue": 54935000.0,
        "EBITDA": 1752000.0,
        "EBIT": -8699000.0,
        "Net Interest Income": -1822000.0,
        "Interest Expense": 2782000.0,
        "Interest Income": 960000.0,
        "Normalized Income": -11385000.0,
        "Net Income From Continuing And Discontinued Operation": -11385000.0,
        "Total Expenses": 197827000.0,
        "Total Operating Income As Reported": -13348000.0,
        "Diluted Average Shares": 59328736.0,
        "Basic Average Shares": 59328736.0,
        "Diluted EPS": -0.19,
        "Basic EPS": -0.19,
        "Diluted NI Availto Com Stockholders": -11385000.0,
        "Net Income Common Stockholders": -11385000.0,
        "Net Income": -11385000.0,
        "Net Income Including Noncontrolling Interests": -11385000.0,
        "Net Income Continuous Operations": -11385000.0,
        "Tax Provision": -96000.0,
        "Pretax Income": -11481000.0,
        "Other Income Expense": 3689000.0,
        "Other Non Operating Income Expenses": 3689000.0,
        "Special Income Charges": NaN,
        "Impairment Of Capital Assets": NaN,
        "Restructuring And Mergern Acquisition": NaN,
        "Net Non Operating Interest Income Expense": -1822000.0,
        "Interest Expense Non Operating": 2782000.0,
        "Interest Income Non Operating": 960000.0,
        "Operating Income": -13348000.0,
        "Operating Expense": 142892000.0,
        "Research And Development": 42629000.0,
        "Selling General And Administration": 100263000.0,
        "Selling And Marketing Expense": 78261000.0,
        "General And Administrative Expense": 22002000.0,
        "Other Gand A": 22002000.0,
        "Gross Profit": 129544000.0,
        "Cost Of Revenue": 54935000.0,
        "Total Revenue": 184479000.0,
        "Operating Revenue": 184479000.0
    },
    "2022-09-30": {
        "Tax Effect Of Unusual Items": NaN,
        "Tax Rate For Calcs": NaN,
        "Normalized EBITDA": NaN,
        "Total Unusual Items": 0.0,
        "Total Unusual Items Excluding Goodwill": 0.0,
        "Net Income From Continuing Operation Net Minority Interest": NaN,
        "Reconciled Depreciation": NaN,
        "Reconciled Cost Of Revenue": NaN,
        "EBITDA": NaN,
        "EBIT": NaN,
        "Net Interest Income": NaN,
        "Interest Expense": NaN,
        "Interest Income": NaN,
        "Normalized Income": NaN,
        "Net Income From Continuing And Discontinued Operation": NaN,
        "Total Expenses": NaN,
        "Total Operating Income As Reported": NaN,
        "Diluted Average Shares": NaN,
        "Basic Average Shares": NaN,
        "Diluted EPS": NaN,
        "Basic EPS": NaN,
        "Diluted NI Availto Com Stockholders": NaN,
        "Net Income Common Stockholders": NaN,
        "Net Income": NaN,
        "Net Income Including Noncontrolling Interests": NaN,
        "Net Income Continuous Operations": NaN,
        "Tax Provision": NaN,
        "Pretax Income": NaN,
        "Other Income Expense": NaN,
        "Other Non Operating Income Expenses": NaN,
        "Special Income Charges": 0.0,
        "Impairment Of Capital Assets": 0.0,
        "Restructuring And Mergern Acquisition": 0.0,
        "Net Non Operating Interest Income Expense": NaN,
        "Interest Expense Non Operating": NaN,
        "Interest Income Non Operating": NaN,
        "Operating Income": NaN,
        "Operating Expense": NaN,
        "Research And Development": NaN,
        "Selling General And Administration": NaN,
        "Selling And Marketing Expense": NaN,
        "General And Administrative Expense": NaN,
        "Other Gand A": NaN,
        "Gross Profit": NaN,
        "Cost Of Revenue": NaN,
        "Total Revenue": NaN,
        "Operating Revenue": NaN
    },
    "2022-06-30": {
        "Tax Effect Of Unusual Items": 0.0,
        "Tax Rate For Calcs": 0.4,
        "Normalized EBITDA": -26588000.0,
        "Total Unusual Items": NaN,
        "Total Unusual Items Excluding Goodwill": NaN,
        "Net Income From Continuing Operation Net Minority Interest": -39606000.0,
        "Reconciled Depreciation": 10223000.0,
        "Reconciled Cost Of Revenue": 54275000.0,
        "EBITDA": -26588000.0,
        "EBIT": -36811000.0,
        "Net Interest Income": -2515000.0,
        "Interest Expense": 2758000.0,
        "Interest Income": 243000.0,
        "Normalized Income": -39606000.0,
        "Net Income From Continuing And Discontinued Operation": -39606000.0,
        "Total Expenses": 202106000.0,
        "Total Operating Income As Reported": -34651000.0,
        "Diluted Average Shares": 58239958.0,
        "Basic Average Shares": 58239958.0,
        "Diluted EPS": -0.68,
        "Basic EPS": -0.68,
        "Diluted NI Availto Com Stockholders": -39606000.0,
        "Net Income Common Stockholders": -39606000.0,
        "Net Income": -39606000.0,
        "Net Income Including Noncontrolling Interests": -39606000.0,
        "Net Income Continuous Operations": -39606000.0,
        "Tax Provision": 37000.0,
        "Pretax Income": -39569000.0,
        "Other Income Expense": -2403000.0,
        "Other Non Operating Income Expenses": -2403000.0,
        "Special Income Charges": NaN,
        "Impairment Of Capital Assets": NaN,
        "Net Non Operating Interest Income Expense": -2515000.0,
        "Interest Expense Non Operating": 2758000.0,
        "Interest Income Non Operating": 243000.0,
        "Operating Income": -34651000.0,
        "Operating Expense": 147831000.0,
        "Research And Development": 48907000.0,
        "Selling General And Administration": 98924000.0,
        "Selling And Marketing Expense": 78034000.0,
        "General And Administrative Expense": 20890000.0,
        "Other Gand A": 20890000.0,
        "Gross Profit": 113180000.0,
        "Cost Of Revenue": 54275000.0,
        "Total Revenue": 167455000.0,
        "Operating Revenue": 167455000.0
    },
    "2022-03-31": {
        "Diluted EPS": -0.78,
        "Total Revenue": 157,
        "Gross Profit": 106,
        "Operating Income": -40,
        "EBIT": -29,
        "Net Income": -45
    },
    "2021-12-31": {
        "Diluted EPS": -0.8,
        "Total Revenue": 152,
        "Gross Profit": 102,
        "Operating Income": -41,
        "EBIT": -30,
        "Net Income": -45
    },
    "2021-09-30": {
        "Diluted EPS": -0.67,
        "Total Revenue": 140,
        "Gross Profit": 96,
        "Operating Income": -34,
        "EBIT": -23,
        "Net Income": -38
    },
    "2021-06-30": {
        "Diluted EPS": -0.62,
        "Total Revenue": 126,
        "Gross Profit": 87,
        "Operating Income": -22,
        "EBIT": -14,
        "Net Income": -34
    },
    "2021-03-31": {
        "Diluted EPS": -0.56,
        "Total Revenue": 117,
        "Gross Profit": 81,
        "Operating Income": -23,
        "EBIT": -16,
        "Net Income": -30
    },
    "2020-12-31": {
        "Diluted EPS": -0.56,
        "Total Revenue": 113,
        "Gross Profit": 79,
        "Operating Income": -21,
        "EBIT": -9,
        "Net Income": -29
    },
    "2020-09-30": {
        "Diluted EPS": -0.5,
        "Total Revenue": 105,
        "Gross Profit": 74,
        "Operating Income": -18,
        "EBIT": -7,
        "Net Income": -26
    },
    "2020-06-30": {
        "Diluted EPS": -0.42,
        "Total Revenue": 99,
        "Gross Profit": 70,
        "Operating Income": -16,
        "EBIT": -6,
        "Net Income": -21
    },
    "2020-03-31": {
        "Diluted EPS": -0.46,
        "Total Revenue": 94,
        "Gross Profit": 67,
        "Operating Income": -20,
        "EBIT": -12,
        "Net Income": -23
    },
    "2019-12-31": {
        "Diluted EPS": -0.29,
        "Total Revenue": 92,
        "Gross Profit": 66,
        "Operating Income": -12,
        "EBIT": -5,
        "Net Income": -14
    },
    "2019-09-30": {
        "Diluted EPS": -0.29,
        "Total Revenue": 83,
        "Gross Profit": 60,
        "Operating Income": -12,
        "EBIT": -4,
        "Net Income": -14
    },
    "2019-06-30": {
        "Diluted EPS": -0.28,
        "Total Revenue": 79,
        "Gross Profit": 57,
        "Operating Income": -12,
        "EBIT": -6,
        "Net Income": -13
    },
    "2019-03-31": {
        "Diluted EPS": -0.24,
        "Total Revenue": 73,
        "Gross Profit": 53,
        "Operating Income": -10,
        "EBIT": -4,
        "Net Income": -12
    },
    "2018-12-31": {
        "Diluted EPS": -0.28,
        "Total Revenue": 69,
        "Gross Profit": 49,
        "Operating Income": -11,
        "EBIT": -5,
        "Net Income": -13
    },
    "2018-09-30": {
        "Diluted EPS": -0.25,
        "Total Revenue": 62,
        "Gross Profit": 45,
        "Operating Income": -11,
        "EBIT": -7,
        "Net Income": -12
    },
    "2018-06-30": {
        "Diluted EPS": -0.31,
        "Total Revenue": 58,
        "Gross Profit": 41,
        "Operating Income": -14,
        "EBIT": -12,
        "Net Income": -14
    },
    "2018-03-31": {
        "Diluted EPS": -0.36,
        "Total Revenue": 55,
        "Gross Profit": 38,
        "Operating Income": -17,
        "EBIT": -14,
        "Net Income": -16
    },
    "2017-12-31": {
        "Diluted EPS": -0.3,
        "Total Revenue": 58,
        "Gross Profit": 41,
        "Operating Income": -13,
        "EBIT": -11,
        "Net Income": -13
    },
    "2017-09-30": {
        "Diluted EPS": -0.24,
        "Total Revenue": 51,
        "Gross Profit": 36,
        "Operating Income": -13,
        "EBIT": -11,
        "Net Income": -10
    },
    "2017-06-30": {
        "Diluted EPS": -0.27,
        "Total Revenue": 47,
        "Gross Profit": 34,
        "Operating Income": -12,
        "EBIT": -10,
        "Net Income": -12
    },
    "2017-03-31": {
        "Diluted EPS": -0.25,
        "Total Revenue": 45,
        "Gross Profit": 33,
        "Operating Income": -10,
        "EBIT": -9,
        "Net Income": -11
    },
    "2016-12-31": {
        "Diluted EPS": -0.23,
        "Total Revenue": 45,
        "Gross Profit": 33,
        "Operating Income": -10,
        "EBIT": -9,
        "Net Income": -10
    },
    "2016-09-30": {
        "Diluted EPS": -0.25,
        "Total Revenue": 40,
        "Gross Profit": 30,
        "Operating Income": -10,
        "EBIT": -8,
        "Net Income": -10
    },
    "2016-06-30": {
        "Diluted EPS": -0.33,
        "Total Revenue": 37,
        "Gross Profit": 28,
        "Operating Income": -13,
        "EBIT": -12,
        "Net Income": -13
    },
    "2016-03-31": {
        "Diluted EPS": -0.38,
        "Total Revenue": 35,
        "Gross Profit": 26,
        "Operating Income": -16,
        "EBIT": -14,
        "Net Income": -16
    },
    "2015-12-31": {
        "Diluted EPS": 0.88,
        "Total Revenue": 33,
        "Gross Profit": 24,
        "Operating Income": -21,
        "EBIT": -19,
        "Net Income": -21
    },
    "2015-09-30": {
        "Diluted EPS": -0.79,
        "Total Revenue": 28,
        "Gross Profit": 21,
        "Operating Income": -10,
        "EBIT": -8,
        "Net Income": -26
    },
    "2015-06-30": {
        "Diluted EPS": -2.59,
        "Total Revenue": 26,
        "Gross Profit": 19,
        "Operating Income": -9,
        "EBIT": -7,
        "Net Income": -33
    },
    "2015-03-31": {
        "Diluted EPS": -1.5,
        "Total Revenue": 24,
        "Gross Profit": 17,
        "Operating Income": -7,
        "EBIT": -5,
        "Net Income": -19
    },
    "2014-12-31": {
        "Diluted EPS": 0.0,
        "Total Revenue": NaN,
        "Gross Profit": NaN,
        "Operating Income": NaN,
        "EBIT": NaN,
        "Net Income": NaN
    },
    "2014-09-30": {
        "Diluted EPS": -0.25,
        "Total Revenue": 20,
        "Gross Profit": 16,
        "Operating Income": -6,
        "EBIT": -5,
        "Net Income": 5
    },
    "2014-06-30": {
        "Diluted EPS": -1.85,
        "Total Revenue": 18,
        "Gross Profit": 14,
        "Operating Income": -7,
        "EBIT": -7,
        "Net Income": -24
    },
    "2013-12-31": {
        "Diluted EPS": 0.0,
        "Total Revenue": NaN,
        "Gross Profit": NaN,
        "Operating Income": NaN,
        "EBIT": NaN,
        "Net Income": NaN
    },
    "2012-12-31": {
        "Diluted EPS": 0.0,
        "Total Revenue": NaN,
        "Gross Profit": NaN,
        "Operating Income": NaN,
        "EBIT": NaN,
        "Net Income": NaN
    },
    "2023-06-30": {
        "Tax Effect Of Unusual Items": NaN,
        "Tax Rate For Calcs": NaN,
        "Normalized EBITDA": NaN,
        "Total Unusual Items": -27231000.0,
        "Total Unusual Items Excluding Goodwill": -27231000.0,
        "Net Income From Continuing Operation Net Minority Interest": NaN,
        "Reconciled Depreciation": NaN,
        "Reconciled Cost Of Revenue": NaN,
        "EBITDA": NaN,
        "EBIT": NaN,
        "Net Interest Income": NaN,
        "Interest Expense": NaN,
        "Interest Income": NaN,
        "Normalized Income": NaN,
        "Net Income From Continuing And Discontinued Operation": NaN,
        "Total Expenses": NaN,
        "Total Operating Income As Reported": NaN,
        "Diluted Average Shares": NaN,
        "Basic Average Shares": NaN,
        "Diluted EPS": NaN,
        "Basic EPS": NaN,
        "Diluted NI Availto Com Stockholders": NaN,
        "Net Income Common Stockholders": NaN,
        "Net Income": NaN,
        "Net Income Including Noncontrolling Interests": NaN,
        "Net Income Continuous Operations": NaN,
        "Tax Provision": NaN,
        "Pretax Income": NaN,
        "Other Income Expense": NaN,
        "Other Non Operating Income Expenses": NaN,
        "Special Income Charges": -27231000.0,
        "Impairment Of Capital Assets": 27231000.0,
        "Restructuring And Mergern Acquisition": NaN,
        "Net Non Operating Interest Income Expense": NaN,
        "Interest Expense Non Operating": NaN,
        "Interest Income Non Operating": NaN,
        "Operating Income": NaN,
        "Operating Expense": NaN,
        "Research And Development": NaN,
        "Selling General And Administration": NaN,
        "Selling And Marketing Expense": NaN,
        "General And Administrative Expense": NaN,
        "Other Gand A": NaN,
        "Gross Profit": NaN,
        "Cost Of Revenue": NaN,
        "Total Revenue": NaN,
        "Operating Revenue": NaN
    },
    "2023-09-30": {
        "Tax Effect Of Unusual Items": NaN,
        "Tax Rate For Calcs": NaN,
        "Normalized EBITDA": NaN,
        "Total Unusual Items": -23549000.0,
        "Total Unusual Items Excluding Goodwill": -23549000.0,
        "Net Income From Continuing Operation Net Minority Interest": NaN,
        "Reconciled Depreciation": NaN,
        "Reconciled Cost Of Revenue": NaN,
        "EBITDA": NaN,
        "EBIT": NaN,
        "Net Interest Income": NaN,
        "Interest Expense": NaN,
        "Interest Income": NaN,
        "Normalized Income": NaN,
        "Net Income From Continuing And Discontinued Operation": NaN,
        "Total Expenses": NaN,
        "Total Operating Income As Reported": NaN,
        "Diluted Average Shares": NaN,
        "Basic Average Shares": NaN,
        "Diluted EPS": NaN,
        "Basic EPS": NaN,
        "Diluted NI Availto Com Stockholders": NaN,
        "Net Income Common Stockholders": NaN,
        "Net Income": NaN,
        "Net Income Including Noncontrolling Interests": NaN,
        "Net Income Continuous Operations": NaN,
        "Tax Provision": NaN,
        "Pretax Income": NaN,
        "Other Income Expense": NaN,
        "Other Non Operating Income Expenses": NaN,
        "Special Income Charges": -23549000.0,
        "Impairment Of Capital Assets": 3553000.0,
        "Restructuring And Mergern Acquisition": 19996000.0,
        "Net Non Operating Interest Income Expense": NaN,
        "Interest Expense Non Operating": NaN,
        "Interest Income Non Operating": NaN,
        "Operating Income": NaN,
        "Operating Expense": NaN,
        "Depreciation Amortization Depletion Income Statement": NaN,
        "Depreciation And Amortization In Income Statement": NaN,
        "Research And Development": NaN,
        "Selling General And Administration": NaN,
        "Selling And Marketing Expense": NaN,
        "General And Administrative Expense": NaN,
        "Other Gand A": NaN,
        "Gross Profit": NaN,
        "Cost Of Revenue": NaN,
        "Total Revenue": NaN,
        "Operating Revenue": NaN
    },
    "2023-12-31": {
        "Tax Effect Of Unusual Items": NaN,
        "Tax Rate For Calcs": NaN,
        "Normalized EBITDA": NaN,
        "Total Unusual Items": -2231000.0,
        "Total Unusual Items Excluding Goodwill": -2231000.0,
        "Net Income From Continuing Operation Net Minority Interest": NaN,
        "Reconciled Depreciation": NaN,
        "Reconciled Cost Of Revenue": NaN,
        "EBITDA": NaN,
        "EBIT": NaN,
        "Net Interest Income": NaN,
        "Interest Expense": NaN,
        "Interest Income": NaN,
        "Normalized Income": NaN,
        "Net Income From Continuing And Discontinued Operation": NaN,
        "Total Expenses": NaN,
        "Total Operating Income As Reported": NaN,
        "Diluted Average Shares": NaN,
        "Basic Average Shares": NaN,
        "Diluted EPS": NaN,
        "Basic EPS": NaN,
        "Diluted NI Availto Com Stockholders": NaN,
        "Net Income Common Stockholders": NaN,
        "Net Income": NaN,
        "Net Income Including Noncontrolling Interests": NaN,
        "Net Income Continuous Operations": NaN,
        "Tax Provision": NaN,
        "Pretax Income": NaN,
        "Other Income Expense": NaN,
        "Other Non Operating Income Expenses": NaN,
        "Special Income Charges": -2231000.0,
        "Impairment Of Capital Assets": 0.0,
        "Restructuring And Mergern Acquisition": 2231000.0,
        "Net Non Operating Interest Income Expense": NaN,
        "Interest Expense Non Operating": NaN,
        "Interest Income Non Operating": NaN,
        "Operating Income": NaN,
        "Operating Expense": NaN,
        "Depreciation Amortization Depletion Income Statement": NaN,
        "Depreciation And Amortization In Income Statement": NaN,
        "Research And Development": NaN,
        "Selling General And Administration": NaN,
        "Selling And Marketing Expense": NaN,
        "General And Administrative Expense": NaN,
        "Other Gand A": NaN,
        "Gross Profit": NaN,
        "Cost Of Revenue": NaN,
        "Total Revenue": NaN,
        "Operating Revenue": NaN
    },
    "2024-03-31": {
        "Tax Effect Of Unusual Items": NaN,
        "Tax Rate For Calcs": NaN,
        "Normalized EBITDA": NaN,
        "Total Unusual Items": NaN,
        "Total Unusual Items Excluding Goodwill": NaN,
        "Net Income From Continuing Operation Net Minority Interest": NaN,
        "Reconciled Depreciation": NaN,
        "Reconciled Cost Of Revenue": NaN,
        "EBITDA": NaN,
        "EBIT": NaN,
        "Net Interest Income": NaN,
        "Interest Expense": NaN,
        "Interest Income": NaN,
        "Normalized Income": NaN,
        "Net Income From Continuing And Discontinued Operation": NaN,
        "Total Expenses": NaN,
        "Total Operating Income As Reported": NaN,
        "Diluted Average Shares": NaN,
        "Basic Average Shares": NaN,
        "Diluted EPS": NaN,
        "Basic EPS": NaN,
        "Diluted NI Availto Com Stockholders": NaN,
        "Net Income Common Stockholders": NaN,
        "Net Income": NaN,
        "Net Income Including Noncontrolling Interests": NaN,
        "Net Income Continuous Operations": NaN,
        "Tax Provision": NaN,
        "Pretax Income": NaN,
        "Other Income Expense": NaN,
        "Other Non Operating Income Expenses": NaN,
        "Special Income Charges": NaN,
        "Impairment Of Capital Assets": NaN,
        "Restructuring And Mergern Acquisition": NaN,
        "Net Non Operating Interest Income Expense": NaN,
        "Interest Expense Non Operating": NaN,
        "Interest Income Non Operating": NaN,
        "Operating Income": NaN,
        "Operating Expense": NaN,
        "Depreciation Amortization Depletion Income Statement": 2189000.0,
        "Depreciation And Amortization In Income Statement": 2189000.0,
        "Research And Development": NaN,
        "Selling General And Administration": NaN,
        "Selling And Marketing Expense": NaN,
        "General And Administrative Expense": NaN,
        "Other Gand A": NaN,
        "Gross Profit": NaN,
        "Cost Of Revenue": NaN,
        "Total Revenue": NaN,
        "Operating Revenue": NaN
    },
    "2024-06-30": {
        "Tax Effect Of Unusual Items": NaN,
        "Tax Rate For Calcs": NaN,
        "Normalized EBITDA": NaN,
        "Total Unusual Items": 0.0,
        "Total Unusual Items Excluding Goodwill": 0.0,
        "Net Income From Continuing Operation Net Minority Interest": NaN,
        "Reconciled Depreciation": NaN,
        "Reconciled Cost Of Revenue": NaN,
        "EBITDA": NaN,
        "EBIT": NaN,
        "Net Interest Income": NaN,
        "Interest Expense": NaN,
        "Interest Income": NaN,
        "Normalized Income": NaN,
        "Net Income From Continuing And Discontinued Operation": NaN,
        "Total Expenses": NaN,
        "Total Operating Income As Reported": NaN,
        "Diluted Average Shares": NaN,
        "Basic Average Shares": NaN,
        "Diluted EPS": NaN,
        "Basic EPS": NaN,
        "Diluted NI Availto Com Stockholders": NaN,
        "Net Income Common Stockholders": NaN,
        "Net Income": NaN,
        "Net Income Including Noncontrolling Interests": NaN,
        "Net Income Continuous Operations": NaN,
        "Tax Provision": NaN,
        "Pretax Income": NaN,
        "Other Income Expense": NaN,
        "Other Non Operating Income Expenses": NaN,
        "Special Income Charges": 0.0,
        "Impairment Of Capital Assets": 0.0,
        "Restructuring And Mergern Acquisition": NaN,
        "Net Non Operating Interest Income Expense": NaN,
        "Interest Expense Non Operating": NaN,
        "Interest Income Non Operating": NaN,
        "Operating Income": NaN,
        "Operating Expense": NaN,
        "Depreciation Amortization Depletion Income Statement": 2106000.0,
        "Depreciation And Amortization In Income Statement": 2106000.0,
        "Research And Development": NaN,
        "Selling General And Administration": NaN,
        "Selling And Marketing Expense": NaN,
        "General And Administrative Expense": NaN,
        "Other Gand A": NaN,
        "Gross Profit": NaN,
        "Cost Of Revenue": NaN,
        "Total Revenue": NaN,
        "Operating Revenue": NaN
    },
    "2024-09-30": {
        "Tax Effect Of Unusual Items": 0.0,
        "Tax Rate For Calcs": 0.161,
        "Normalized EBITDA": 32437000.0,
        "Total Unusual Items": 0.0,
        "Total Unusual Items Excluding Goodwill": 0.0,
        "Net Income From Continuing Operation Net Minority Interest": 15410000.0,
        "Reconciled Depreciation": 11238000.0,
        "Reconciled Cost Of Revenue": 54021000.0,
        "EBITDA": 32437000.0,
        "EBIT": 21199000.0,
        "Net Interest Income": 2734000.0,
        "Interest Expense": 2837000.0,
        "Interest Income": 5571000.0,
        "Normalized Income": 15410000.0,
        "Net Income From Continuing And Discontinued Operation": 15410000.0,
        "Total Expenses": 201837000.0,
        "Total Operating Income As Reported": 12817000.0,
        "Diluted Average Shares": 74537085.0,
        "Basic Average Shares": 62898078.0,
        "Diluted EPS": 0.22,
        "Basic EPS": 0.26,
        "Diluted NI Availto Com Stockholders": 15410000.0,
        "Net Income Common Stockholders": 15410000.0,
        "Net Income": 15410000.0,
        "Net Income Including Noncontrolling Interests": 15410000.0,
        "Net Income Continuous Operations": 15410000.0,
        "Tax Provision": 2952000.0,
        "Pretax Income": 18362000.0,
        "Other Income Expense": 2811000.0,
        "Other Non Operating Income Expenses": 2811000.0,
        "Special Income Charges": 0.0,
        "Impairment Of Capital Assets": 0.0,
        "Restructuring And Mergern Acquisition": 0.0,
        "Net Non Operating Interest Income Expense": 2734000.0,
        "Interest Expense Non Operating": 2837000.0,
        "Interest Income Non Operating": 5571000.0,
        "Operating Income": 12817000.0,
        "Operating Expense": 138680000.0,
        "Depreciation Amortization Depletion Income Statement": NaN,
        "Depreciation And Amortization In Income Statement": NaN,
        "Research And Development": 44976000.0,
        "Selling General And Administration": 91602000.0,
        "Selling And Marketing Expense": 73150000.0,
        "General And Administrative Expense": 18452000.0,
        "Other Gand A": 18452000.0,
        "Gross Profit": 151497000.0,
        "Cost Of Revenue": 63157000.0,
        "Total Revenue": 214654000.0,
        "Operating Revenue": 214654000.0
    },
    "2024-12-31": {
        "Tax Effect Of Unusual Items": 0.0,
        "Tax Rate For Calcs": 0.21,
        "Normalized EBITDA": 16252000.0,
        "Total Unusual Items": 0.0,
        "Total Unusual Items Excluding Goodwill": 0.0,
        "Net Income From Continuing Operation Net Minority Interest": -1481000.0,
        "Reconciled Depreciation": 11436000.0,
        "Reconciled Cost Of Revenue": 66267000.0,
        "EBITDA": 16252000.0,
        "EBIT": 4816000.0,
        "Net Interest Income": 2768000.0,
        "Interest Expense": 2783000.0,
        "Interest Income": 5551000.0,
        "Normalized Income": -1481000.0,
        "Net Income From Continuing And Discontinued Operation": -1481000.0,
        "Total Expenses": 212635000.0,
        "Total Operating Income As Reported": 3626000.0,
        "Diluted Average Shares": 63901277.0,
        "Basic Average Shares": 63339306.0,
        "Diluted EPS": 0.03,
        "Basic EPS": 0.03,
        "Diluted NI Availto Com Stockholders": -1481000.0,
        "Net Income Common Stockholders": -1481000.0,
        "Net Income": -1481000.0,
        "Net Income Including Noncontrolling Interests": -1481000.0,
        "Net Income Continuous Operations": -1481000.0,
        "Tax Provision": 3514000.0,
        "Pretax Income": 2033000.0,
        "Other Income Expense": -4361000.0,
        "Other Non Operating Income Expenses": -4361000.0,
        "Special Income Charges": 0.0,
        "Impairment Of Capital Assets": 0.0,
        "Restructuring And Mergern Acquisition": 0.0,
        "Net Non Operating Interest Income Expense": 2768000.0,
        "Interest Expense Non Operating": 2783000.0,
        "Interest Income Non Operating": 5551000.0,
        "Operating Income": 3626000.0,
        "Operating Expense": 146368000.0,
        "Depreciation Amortization Depletion Income Statement": NaN,
        "Depreciation And Amortization In Income Statement": NaN,
        "Research And Development": 47515000.0,
        "Selling General And Administration": 98853000.0,
        "Selling And Marketing Expense": 73688000.0,
        "General And Administrative Expense": 25165000.0,
        "Other Gand A": 25165000.0,
        "Gross Profit": 149994000.0,
        "Cost Of Revenue": 66267000.0,
        "Total Revenue": 216261000.0,
        "Operating Revenue": 216261000.0
    },
    "2025-03-31": {
        "Tax Effect Of Unusual Items": 0.0,
        "Tax Rate For Calcs": 0.21,
        "Normalized EBITDA": 19124000.0,
        "Total Unusual Items": NaN,
        "Total Unusual Items Excluding Goodwill": NaN,
        "Net Income From Continuing Operation Net Minority Interest": 2105000.0,
        "Reconciled Depreciation": 11665000.0,
        "Reconciled Cost Of Revenue": 49896000.0,
        "EBITDA": 19124000.0,
        "EBIT": 7459000.0,
        "Net Interest Income": 3104000.0,
        "Interest Expense": 2654000.0,
        "Interest Income": 5758000.0,
        "Normalized Income": 2105000.0,
        "Net Income From Continuing And Discontinued Operation": 2105000.0,
        "Total Expenses": 210354000.0,
        "Total Operating Income As Reported": -101000.0,
        "Diluted Average Shares": 64224415.0,
        "Basic Average Shares": 63835945.0,
        "Diluted EPS": 0.03,
        "Basic EPS": 0.03,
        "Diluted NI Availto Com Stockholders": 2105000.0,
        "Net Income Common Stockholders": 2105000.0,
        "Net Income": 2105000.0,
        "Net Income Including Noncontrolling Interests": 2105000.0,
        "Net Income Continuous Operations": 2105000.0,
        "Tax Provision": 2700000.0,
        "Pretax Income": 4805000.0,
        "Other Income Expense": 1802000.0,
        "Other Non Operating Income Expenses": 1802000.0,
        "Special Income Charges": NaN,
        "Impairment Of Capital Assets": NaN,
        "Restructuring And Mergern Acquisition": NaN,
        "Net Non Operating Interest Income Expense": 3104000.0,
        "Interest Expense Non Operating": 2654000.0,
        "Interest Income Non Operating": 5758000.0,
        "Operating Income": -101000.0,
        "Operating Expense": 150874000.0,
        "Depreciation Amortization Depletion Income Statement": 2081000.0,
        "Depreciation And Amortization In Income Statement": 2081000.0,
        "Research And Development": 47888000.0,
        "Selling General And Administration": 100905000.0,
        "Selling And Marketing Expense": 77734000.0,
        "General And Administrative Expense": 23171000.0,
        "Other Gand A": 23171000.0,
        "Gross Profit": 150773000.0,
        "Cost Of Revenue": 59480000.0,
        "Total Revenue": 210253000.0,
        "Operating Revenue": 210253000.0
    },
    "2025-06-30": {
        "Tax Effect Of Unusual Items": 0.0,
        "Tax Rate For Calcs": 0.193,
        "Normalized EBITDA": 24355000.0,
        "Total Unusual Items": NaN,
        "Total Unusual Items Excluding Goodwill": NaN,
        "Net Income From Continuing Operation Net Minority Interest": 8338000.0,
        "Reconciled Depreciation": 11390000.0,
        "Reconciled Cost Of Revenue": 53579000.0,
        "EBITDA": 24355000.0,
        "EBIT": 12965000.0,
        "Net Interest Income": 2887000.0,
        "Interest Expense": 2627000.0,
        "Interest Income": 5514000.0,
        "Normalized Income": 8338000.0,
        "Net Income From Continuing And Discontinued Operation": 8338000.0,
        "Total Expenses": 210699000.0,
        "Total Operating Income As Reported": 3494000.0,
        "Diluted Average Shares": 64696992.0,
        "Basic Average Shares": 64441000.0,
        "Diluted EPS": 0.13,
        "Basic EPS": 0.13,
        "Diluted NI Availto Com Stockholders": 8338000.0,
        "Net Income Common Stockholders": 8338000.0,
        "Net Income": 8338000.0,
        "Net Income Including Noncontrolling Interests": 8338000.0,
        "Net Income Continuous Operations": 8338000.0,
        "Tax Provision": 2000000.0,
        "Pretax Income": 10338000.0,
        "Other Income Expense": 3957000.0,
        "Other Non Operating Income Expenses": 3957000.0,
        "Special Income Charges": NaN,
        "Impairment Of Capital Assets": NaN,
        "Restructuring And Mergern Acquisition": NaN,
        "Net Non Operating Interest Income Expense": 2887000.0,
        "Interest Expense Non Operating": 2627000.0,
        "Interest Income Non Operating": 5514000.0,
        "Operating Income": 3494000.0,
        "Operating Expense": 147640000.0,
        "Depreciation Amortization Depletion Income Statement": 1910000.0,
        "Depreciation And Amortization In Income Statement": 1910000.0,
        "Research And Development": 47227000.0,
        "Selling General And Administration": 98503000.0,
        "Selling And Marketing Expense": 77690000.0,
        "General And Administrative Expense": 20813000.0,
        "Other Gand A": 20813000.0,
        "Gross Profit": 151134000.0,
        "Cost Of Revenue": 63059000.0,
        "Total Revenue": 214193000.0,
        "Operating Revenue": 214193000.0
    },
    "2025-09-30": {
        "Tax Effect Of Unusual Items": 0.0,
        "Tax Rate For Calcs": 0.21,
        "Normalized EBITDA": 23096000.0,
        "Total Unusual Items": NaN,
        "Total Unusual Items Excluding Goodwill": NaN,
        "Net Income From Continuing Operation Net Minority Interest": 9809000.0,
        "Reconciled Depreciation": 11199000.0,
        "Reconciled Cost Of Revenue": 55188000.0,
        "EBITDA": 23096000.0,
        "EBIT": 11897000.0,
        "Net Interest Income": 3582000.0,
        "Interest Expense": 2585000.0,
        "Interest Income": 6167000.0,
        "Normalized Income": 9809000.0,
        "Net Income From Continuing And Discontinued Operation": 9809000.0,
        "Total Expenses": 212057000.0,
        "Total Operating Income As Reported": 5903000.0,
        "Diluted Average Shares": 65181941.0,
        "Basic Average Shares": 64967114.0,
        "Diluted EPS": 0.15,
        "Basic EPS": 0.15,
        "Diluted NI Availto Com Stockholders": 9809000.0,
        "Net Income Common Stockholders": 9809000.0,
        "Net Income": 9809000.0,
        "Net Income Including Noncontrolling Interests": 9809000.0,
        "Net Income Continuous Operations": 9809000.0,
        "Tax Provision": -497000.0,
        "Pretax Income": 9312000.0,
        "Other Income Expense": -173000.0,
        "Other Non Operating Income Expenses": -173000.0,
        "Special Income Charges": NaN,
        "Impairment Of Capital Assets": NaN,
        "Restructuring And Mergern Acquisition": NaN,
        "Net Non Operating Interest Income Expense": 3582000.0,
        "Interest Expense Non Operating": 2585000.0,
        "Interest Income Non Operating": 6167000.0,
        "Operating Income": 5903000.0,
        "Operating Expense": 147073000.0,
        "Depreciation Amortization Depletion Income Statement": 1403000.0,
        "Depreciation And Amortization In Income Statement": 1403000.0,
        "Research And Development": 46914000.0,
        "Selling General And Administration": 98756000.0,
        "Selling And Marketing Expense": 78221000.0,
        "General And Administrative Expense": 20535000.0,
        "Other Gand A": 20535000.0,
        "Gross Profit": 152976000.0,
        "Cost Of Revenue": 64984000.0,
        "Total Revenue": 217960000.0,
        "Operating Revenue": 217960000.0
    }
}