{
    "2023-06-30": {
        "Tax Effect Of Unusual Items": NaN,
        "Tax Rate For Calcs": NaN,
        "Normalized EBITDA": NaN,
        "Total Unusual Items": NaN,
        "Total Unusual Items Excluding Goodwill": NaN,
        "Net Income From Continuing Operation Net Minority Interest": NaN,
        "Reconciled Depreciation": NaN,
        "Reconciled Cost Of Revenue": NaN,
        "EBITDA": NaN,
        "EBIT": NaN,
        "Net Interest Income": NaN,
        "Interest Expense": NaN,
        "Normalized Income": NaN,
        "Net Income From Continuing And Discontinued Operation": NaN,
        "Total Expenses": NaN,
        "Diluted Average Shares": 241105000.0,
        "Basic Average Shares": 238970000.0,
        "Diluted EPS": 0.12,
        "Basic EPS": 0.12,
        "Diluted NI Availto Com Stockholders": NaN,
        "Average Dilution Earnings": NaN,
        "Net Income Common Stockholders": NaN,
        "Otherunder Preferred Stock Dividend": NaN,
        "Net Income": NaN,
        "Net Income Including Noncontrolling Interests": NaN,
        "Net Income Continuous Operations": NaN,
        "Tax Provision": NaN,
        "Pretax Income": NaN,
        "Other Income Expense": NaN,
        "Other Non Operating Income Expenses": NaN,
        "Special Income Charges": NaN,
        "Gain On Sale Of Ppe": NaN,
        "Other Special Charges": NaN,
        "Restructuring And Mergern Acquisition": NaN,
        "Gain On Sale Of Security": NaN,
        "Net Non Operating Interest Income Expense": NaN,
        "Total Other Finance Cost": 31117000.0,
        "Interest Expense Non Operating": NaN,
        "Operating Income": NaN,
        "Operating Expense": NaN,
        "Other Operating Expenses": NaN,
        "Other Taxes": NaN,
        "Selling General And Administration": NaN,
        "General And Administrative Expense": NaN,
        "Other Gand A": NaN,
        "Gross Profit": NaN,
        "Cost Of Revenue": NaN,
        "Total Revenue": NaN,
        "Operating Revenue": NaN
    },
    "2023-03-31": {
        "Tax Effect Of Unusual Items": NaN,
        "Tax Rate For Calcs": NaN,
        "Normalized EBITDA": NaN,
        "Total Unusual Items": NaN,
        "Total Unusual Items Excluding Goodwill": NaN,
        "Net Income From Continuing Operation Net Minority Interest": NaN,
        "Reconciled Depreciation": NaN,
        "Reconciled Cost Of Revenue": NaN,
        "EBITDA": NaN,
        "EBIT": NaN,
        "Net Interest Income": NaN,
        "Interest Expense": 32202000.0,
        "Normalized Income": NaN,
        "Net Income From Continuing And Discontinued Operation": NaN,
        "Total Expenses": NaN,
        "Diluted Average Shares": 240882000.0,
        "Basic Average Shares": 238019000.0,
        "Diluted EPS": 1.95,
        "Basic EPS": 1.98,
        "Diluted NI Availto Com Stockholders": NaN,
        "Average Dilution Earnings": NaN,
        "Net Income Common Stockholders": NaN,
        "Otherunder Preferred Stock Dividend": NaN,
        "Net Income": NaN,
        "Net Income Including Noncontrolling Interests": NaN,
        "Net Income Continuous Operations": NaN,
        "Tax Provision": NaN,
        "Pretax Income": NaN,
        "Other Income Expense": NaN,
        "Other Non Operating Income Expenses": NaN,
        "Special Income Charges": NaN,
        "Gain On Sale Of Ppe": NaN,
        "Other Special Charges": 12323000.0,
        "Restructuring And Mergern Acquisition": NaN,
        "Gain On Sale Of Security": NaN,
        "Net Non Operating Interest Income Expense": NaN,
        "Total Other Finance Cost": NaN,
        "Interest Expense Non Operating": 32202000.0,
        "Operating Income": NaN,
        "Operating Expense": NaN,
        "Other Operating Expenses": NaN,
        "Other Taxes": NaN,
        "Selling General And Administration": NaN,
        "General And Administrative Expense": NaN,
        "Other Gand A": NaN,
        "Gross Profit": NaN,
        "Cost Of Revenue": NaN,
        "Total Revenue": NaN,
        "Operating Revenue": NaN
    },
    "2022-12-31": {
        "Tax Effect Of Unusual Items": NaN,
        "Tax Rate For Calcs": NaN,
        "Normalized EBITDA": NaN,
        "Total Unusual Items": NaN,
        "Total Unusual Items Excluding Goodwill": NaN,
        "Net Income From Continuing Operation Net Minority Interest": NaN,
        "Reconciled Depreciation": NaN,
        "Reconciled Cost Of Revenue": NaN,
        "EBITDA": NaN,
        "EBIT": NaN,
        "Net Interest Income": NaN,
        "Interest Expense": NaN,
        "Normalized Income": NaN,
        "Net Income From Continuing And Discontinued Operation": NaN,
        "Total Expenses": NaN,
        "Diluted Average Shares": NaN,
        "Basic Average Shares": NaN,
        "Diluted EPS": NaN,
        "Basic EPS": NaN,
        "Diluted NI Availto Com Stockholders": NaN,
        "Average Dilution Earnings": NaN,
        "Net Income Common Stockholders": NaN,
        "Otherunder Preferred Stock Dividend": NaN,
        "Net Income": NaN,
        "Net Income Including Noncontrolling Interests": NaN,
        "Net Income Continuous Operations": NaN,
        "Tax Provision": NaN,
        "Pretax Income": NaN,
        "Other Income Expense": NaN,
        "Other Non Operating Income Expenses": NaN,
        "Special Income Charges": NaN,
        "Gain On Sale Of Ppe": NaN,
        "Other Special Charges": NaN,
        "Restructuring And Mergern Acquisition": 12088000.0,
        "Gain On Sale Of Security": NaN,
        "Net Non Operating Interest Income Expense": NaN,
        "Total Other Finance Cost": NaN,
        "Interest Expense Non Operating": NaN,
        "Operating Income": NaN,
        "Operating Expense": NaN,
        "Other Operating Expenses": NaN,
        "Other Taxes": NaN,
        "Selling General And Administration": NaN,
        "General And Administrative Expense": NaN,
        "Other Gand A": NaN,
        "Gross Profit": NaN,
        "Cost Of Revenue": NaN,
        "Total Revenue": NaN,
        "Operating Revenue": NaN
    },
    "2022-09-30": {
        "Tax Effect Of Unusual Items": NaN,
        "Tax Rate For Calcs": NaN,
        "Normalized EBITDA": NaN,
        "Total Unusual Items": NaN,
        "Total Unusual Items Excluding Goodwill": NaN,
        "Net Income From Continuing Operation Net Minority Interest": NaN,
        "Reconciled Depreciation": NaN,
        "Reconciled Cost Of Revenue": NaN,
        "EBITDA": NaN,
        "EBIT": NaN,
        "Net Interest Income": NaN,
        "Interest Expense": NaN,
        "Normalized Income": NaN,
        "Net Income From Continuing And Discontinued Operation": NaN,
        "Total Expenses": NaN,
        "Diluted Average Shares": NaN,
        "Basic Average Shares": NaN,
        "Diluted EPS": NaN,
        "Basic EPS": NaN,
        "Diluted NI Availto Com Stockholders": NaN,
        "Average Dilution Earnings": NaN,
        "Net Income Common Stockholders": NaN,
        "Otherunder Preferred Stock Dividend": NaN,
        "Net Income": NaN,
        "Net Income Including Noncontrolling Interests": NaN,
        "Net Income Continuous Operations": NaN,
        "Tax Provision": NaN,
        "Pretax Income": NaN,
        "Other Income Expense": NaN,
        "Other Non Operating Income Expenses": NaN,
        "Special Income Charges": NaN,
        "Gain On Sale Of Ppe": NaN,
        "Other Special Charges": NaN,
        "Restructuring And Mergern Acquisition": 11065000.0,
        "Gain On Sale Of Security": NaN,
        "Net Non Operating Interest Income Expense": NaN,
        "Interest Expense Non Operating": NaN,
        "Operating Income": NaN,
        "Operating Expense": NaN,
        "Other Operating Expenses": NaN,
        "Other Taxes": NaN,
        "Selling General And Administration": NaN,
        "General And Administrative Expense": NaN,
        "Other Gand A": NaN,
        "Gross Profit": NaN,
        "Cost Of Revenue": NaN,
        "Total Revenue": NaN,
        "Operating Revenue": NaN
    },
    "2022-06-30": {
        "Tax Effect Of Unusual Items": -52589780.231793,
        "Tax Rate For Calcs": 0.185785,
        "Normalized EBITDA": 967753000.0,
        "Total Unusual Items": -283068000.0,
        "Total Unusual Items Excluding Goodwill": -283068000.0,
        "Net Income From Continuing Operation Net Minority Interest": 452855000.0,
        "Reconciled Depreciation": 86498000.0,
        "Reconciled Cost Of Revenue": 552032000.0,
        "EBITDA": 684685000.0,
        "EBIT": 598187000.0,
        "Net Interest Income": -42001000.0,
        "Interest Expense": 42001000.0,
        "Interest Income": NaN,
        "Normalized Income": 683333219.768207,
        "Net Income From Continuing And Discontinued Operation": 452855000.0,
        "Total Expenses": 603031000.0,
        "Diluted Average Shares": 248650000.0,
        "Basic Average Shares": 243492000.0,
        "Diluted EPS": 1.77,
        "Basic EPS": 1.81,
        "Diluted NI Availto Com Stockholders": 441043000.0,
        "Average Dilution Earnings": 244000.0,
        "Net Income Common Stockholders": 440799000.0,
        "Otherunder Preferred Stock Dividend": 12056000.0,
        "Net Income": 452855000.0,
        "Net Income Including Noncontrolling Interests": 452855000.0,
        "Net Income Continuous Operations": 452855000.0,
        "Tax Provision": 103331000.0,
        "Pretax Income": 556186000.0,
        "Other Income Expense": -263847000.0,
        "Other Non Operating Income Expenses": 19221000.0,
        "Special Income Charges": -43146000.0,
        "Gain On Sale Of Ppe": -7055000.0,
        "Other Special Charges": 22000.0,
        "Write Off": NaN,
        "Impairment Of Capital Assets": NaN,
        "Restructuring And Mergern Acquisition": 36069000.0,
        "Gain On Sale Of Security": -239922000.0,
        "Net Non Operating Interest Income Expense": -42001000.0,
        "Total Other Finance Cost": NaN,
        "Interest Expense Non Operating": 42001000.0,
        "Interest Income Non Operating": NaN,
        "Operating Income": 862034000.0,
        "Operating Expense": 50999000.0,
        "Other Operating Expenses": 7506000.0,
        "Other Taxes": NaN,
        "Selling General And Administration": 43493000.0,
        "General And Administrative Expense": 43493000.0,
        "Other Gand A": 43493000.0,
        "Salaries And Wages": NaN,
        "Gross Profit": 913033000.0,
        "Cost Of Revenue": 552032000.0,
        "Total Revenue": 1465065000.0,
        "Operating Revenue": 1465065000.0
    },
    "2022-03-31": {
        "Diluted EPS": -1.86,
        "Total Revenue": 181,
        "Gross Profit": 83,
        "Operating Income": -455,
        "EBIT": -367,
        "Net Income": -457
    },
    "2021-12-31": {
        "Diluted EPS": 3.59,
        "Total Revenue": NaN,
        "Gross Profit": NaN,
        "Operating Income": 966,
        "EBIT": NaN,
        "Net Income": 881
    },
    "2021-09-30": {
        "Diluted EPS": -1.44,
        "Total Revenue": 303,
        "Gross Profit": 191,
        "Operating Income": -321,
        "EBIT": -226,
        "Net Income": -350
    },
    "2021-06-30": {
        "Diluted EPS": -0.65,
        "Total Revenue": 435,
        "Gross Profit": 361,
        "Operating Income": -101,
        "EBIT": -8,
        "Net Income": -156
    },
    "2021-03-31": {
        "Diluted EPS": 0.11,
        "Total Revenue": 626,
        "Gross Profit": 548,
        "Operating Income": 92,
        "EBIT": 182,
        "Net Income": 26
    },
    "2020-12-31": {
        "Diluted EPS": 0.21,
        "Total Revenue": 599,
        "Gross Profit": 520,
        "Operating Income": 17,
        "EBIT": 110,
        "Net Income": 41
    },
    "2020-09-30": {
        "Diluted EPS": -3.12,
        "Total Revenue": 299,
        "Gross Profit": 243,
        "Operating Income": -713,
        "EBIT": -613,
        "Net Income": -749
    },
    "2020-06-30": {
        "Diluted EPS": -0.7,
        "Total Revenue": 377,
        "Gross Profit": 330,
        "Operating Income": -144,
        "EBIT": -38,
        "Net Income": -168
    },
    "2020-03-31": {
        "Diluted EPS": 0.66,
        "Total Revenue": 694,
        "Gross Profit": 654,
        "Operating Income": 190,
        "EBIT": 372,
        "Net Income": 164
    },
    "2019-12-31": {
        "Diluted EPS": -7.28,
        "Total Revenue": 606,
        "Gross Profit": 550,
        "Operating Income": NaN,
        "EBIT": 159,
        "Net Income": NaN
    },
    "2019-09-30": {
        "Diluted EPS": -0.11,
        "Total Revenue": 622,
        "Gross Profit": 531,
        "Operating Income": 22,
        "EBIT": 161,
        "Net Income": -28
    },
    "2019-06-30": {
        "Diluted EPS": 0.46,
        "Total Revenue": 851,
        "Gross Profit": 742,
        "Operating Income": 214,
        "EBIT": 357,
        "Net Income": 114
    },
    "2019-03-31": {
        "Diluted EPS": 0.01,
        "Total Revenue": 748,
        "Gross Profit": 608,
        "Operating Income": 71,
        "EBIT": 212,
        "Net Income": 1
    },
    "2018-12-31": {
        "Diluted EPS": -7.17,
        "Total Revenue": NaN,
        "Gross Profit": 840,
        "Operating Income": NaN,
        "EBIT": 456,
        "Net Income": NaN
    },
    "2018-09-30": {
        "Diluted EPS": 0.19,
        "Total Revenue": 811,
        "Gross Profit": 687,
        "Operating Income": 134,
        "EBIT": 300,
        "Net Income": 48
    },
    "2018-06-30": {
        "Diluted EPS": -0.32,
        "Total Revenue": 656,
        "Gross Profit": 546,
        "Operating Income": 0,
        "EBIT": 178,
        "Net Income": -80
    },
    "2018-03-31": {
        "Diluted EPS": 0.2,
        "Total Revenue": 743,
        "Gross Profit": 679,
        "Operating Income": 156,
        "EBIT": 327,
        "Net Income": 49
    },
    "2017-12-31": {
        "Diluted EPS": 0.89,
        "Total Revenue": 679,
        "Gross Profit": 620,
        "Operating Income": 205,
        "EBIT": 369,
        "Net Income": 218
    },
    "2017-09-30": {
        "Diluted EPS": -0.52,
        "Total Revenue": 482,
        "Gross Profit": 400,
        "Operating Income": -108,
        "EBIT": 117,
        "Net Income": -128
    },
    "2017-06-30": {
        "Diluted EPS": 0.28,
        "Total Revenue": 673,
        "Gross Profit": 603,
        "Operating Income": 180,
        "EBIT": 333,
        "Net Income": 69
    },
    "2017-03-31": {
        "Diluted EPS": 0.69,
        "Total Revenue": 777,
        "Gross Profit": 715,
        "Operating Income": 311,
        "EBIT": 463,
        "Net Income": 170
    },
    "2016-12-31": {
        "Diluted EPS": -0.61,
        "Total Revenue": 254,
        "Gross Profit": 193,
        "Operating Income": -203,
        "EBIT": -51,
        "Net Income": -161
    },
    "2016-09-30": {
        "Diluted EPS": -0.23,
        "Total Revenue": 413,
        "Gross Profit": 362,
        "Operating Income": 33,
        "EBIT": 166,
        "Net Income": -42
    },
    "2016-06-30": {
        "Diluted EPS": -1.35,
        "Total Revenue": 102,
        "Gross Profit": 54,
        "Operating Income": -304,
        "EBIT": -180,
        "Net Income": -225
    },
    "2016-03-31": {
        "Diluted EPS": -0.56,
        "Total Revenue": 331,
        "Gross Profit": 290,
        "Operating Income": -43,
        "EBIT": 123,
        "Net Income": -94
    },
    "2015-12-31": {
        "Diluted EPS": -1.93,
        "Total Revenue": 411,
        "Gross Profit": 372,
        "Operating Income": -25,
        "EBIT": 193,
        "Net Income": -322
    },
    "2015-09-30": {
        "Diluted EPS": -1.81,
        "Total Revenue": 480,
        "Gross Profit": 443,
        "Operating Income": -357,
        "EBIT": 323,
        "Net Income": -301
    },
    "2015-06-30": {
        "Diluted EPS": -0.71,
        "Total Revenue": 245,
        "Gross Profit": 213,
        "Operating Income": -128,
        "EBIT": 26,
        "Net Income": -119
    },
    "2015-03-31": {
        "Diluted EPS": 0.16,
        "Total Revenue": 463,
        "Gross Profit": 433,
        "Operating Income": 101,
        "EBIT": 250,
        "Net Income": 28
    },
    "2014-12-31": {
        "Diluted EPS": 1.69,
        "Total Revenue": 587,
        "Gross Profit": 531,
        "Operating Income": 218,
        "EBIT": 361,
        "Net Income": 279
    },
    "2014-09-30": {
        "Diluted EPS": 0.86,
        "Total Revenue": 617,
        "Gross Profit": 576,
        "Operating Income": 293,
        "EBIT": 437,
        "Net Income": 144
    },
    "2014-06-30": {
        "Diluted EPS": 1.04,
        "Total Revenue": 766,
        "Gross Profit": 717,
        "Operating Income": 369,
        "EBIT": 554,
        "Net Income": 169
    },
    "2014-03-31": {
        "Diluted EPS": 0.2,
        "Total Revenue": 457,
        "Gross Profit": 408,
        "Operating Income": 107,
        "EBIT": 238,
        "Net Income": 33
    },
    "2013-12-31": {
        "Diluted EPS": 0.17,
        "Total Revenue": 336,
        "Gross Profit": 280,
        "Operating Income": -42,
        "EBIT": 89,
        "Net Income": 29
    },
    "2013-09-30": {
        "Diluted EPS": 0.12,
        "Total Revenue": 442,
        "Gross Profit": 370,
        "Operating Income": 87,
        "EBIT": 227,
        "Net Income": 19
    },
    "2013-06-30": {
        "Diluted EPS": 0.88,
        "Total Revenue": 673,
        "Gross Profit": 644,
        "Operating Income": 318,
        "EBIT": 453,
        "Net Income": 142
    },
    "2013-03-31": {
        "Diluted EPS": -0.47,
        "Total Revenue": 319,
        "Gross Profit": 280,
        "Operating Income": -65,
        "EBIT": 52,
        "Net Income": -76
    },
    "2012-12-31": {
        "Diluted EPS": 0.34,
        "Total Revenue": 458,
        "Gross Profit": 435,
        "Operating Income": 160,
        "EBIT": 325,
        "Net Income": 54
    },
    "2012-09-30": {
        "Diluted EPS": -0.34,
        "Total Revenue": 300,
        "Gross Profit": 280,
        "Operating Income": 1,
        "EBIT": 128,
        "Net Income": -54
    },
    "2012-06-30": {
        "Diluted EPS": 0.34,
        "Total Revenue": 449,
        "Gross Profit": 427,
        "Operating Income": 181,
        "EBIT": 292,
        "Net Income": 55
    },
    "2012-03-31": {
        "Diluted EPS": -0.26,
        "Total Revenue": 251,
        "Gross Profit": 225,
        "Operating Income": -12,
        "EBIT": 90,
        "Net Income": -42
    },
    "2011-12-31": {
        "Diluted EPS": -0.01,
        "Total Revenue": 312,
        "Gross Profit": 275,
        "Operating Income": 60,
        "EBIT": 159,
        "Net Income": -3
    },
    "2011-09-30": {
        "Diluted EPS": 0.21,
        "Total Revenue": 371,
        "Gross Profit": 353,
        "Operating Income": 107,
        "EBIT": 241,
        "Net Income": 34
    },
    "2011-06-30": {
        "Diluted EPS": 0.32,
        "Total Revenue": 335,
        "Gross Profit": 324,
        "Operating Income": 147,
        "EBIT": 247,
        "Net Income": 50
    },
    "2011-03-31": {
        "Diluted EPS": -0.16,
        "Total Revenue": 213,
        "Gross Profit": 185,
        "Operating Income": -12,
        "EBIT": 60,
        "Net Income": -25
    },
    "2010-12-31": {
        "Diluted EPS": -2.01,
        "Total Revenue": 277,
        "Gross Profit": 250,
        "Operating Income": 24,
        "EBIT": 98,
        "Net Income": -318
    },
    "2010-09-30": {
        "Diluted EPS": -0.05,
        "Total Revenue": 195,
        "Gross Profit": 180,
        "Operating Income": 47,
        "EBIT": 123,
        "Net Income": -8
    },
    "2010-06-30": {
        "Diluted EPS": 0.06,
        "Total Revenue": 191,
        "Gross Profit": 177,
        "Operating Income": 60,
        "EBIT": 129,
        "Net Income": 9
    },
    "2010-03-31": {
        "Diluted EPS": 0.48,
        "Total Revenue": 298,
        "Gross Profit": 284,
        "Operating Income": 154,
        "EBIT": 227,
        "Net Income": 78
    },
    "2009-12-31": {
        "Diluted EPS": -0.11,
        "Total Revenue": 159,
        "Gross Profit": 150,
        "Operating Income": 82,
        "EBIT": 82,
        "Net Income": -17
    },
    "2009-09-30": {
        "Diluted EPS": -0.19,
        "Total Revenue": 204,
        "Gross Profit": 193,
        "Operating Income": 10,
        "EBIT": 111,
        "Net Income": -30
    },
    "2009-06-30": {
        "Diluted EPS": -0.26,
        "Total Revenue": 180,
        "Gross Profit": 169,
        "Operating Income": 8,
        "EBIT": 98,
        "Net Income": -40
    },
    "2009-03-31": {
        "Diluted EPS": 0.21,
        "Total Revenue": 276,
        "Gross Profit": 263,
        "Operating Income": 98,
        "EBIT": 183,
        "Net Income": 33
    },
    "2023-09-30": {
        "Tax Effect Of Unusual Items": NaN,
        "Tax Rate For Calcs": NaN,
        "Normalized EBITDA": NaN,
        "Total Unusual Items": NaN,
        "Total Unusual Items Excluding Goodwill": NaN,
        "Net Income From Continuing Operation Net Minority Interest": NaN,
        "Reconciled Depreciation": NaN,
        "Reconciled Cost Of Revenue": NaN,
        "EBITDA": NaN,
        "EBIT": NaN,
        "Net Interest Income": NaN,
        "Interest Expense": 30599000.0,
        "Normalized Income": NaN,
        "Net Income From Continuing And Discontinued Operation": NaN,
        "Total Expenses": NaN,
        "Diluted Average Shares": 243937000.0,
        "Basic Average Shares": 241338000.0,
        "Diluted EPS": 0.2,
        "Basic EPS": 0.2,
        "Diluted NI Availto Com Stockholders": NaN,
        "Average Dilution Earnings": NaN,
        "Net Income Common Stockholders": NaN,
        "Otherunder Preferred Stock Dividend": NaN,
        "Net Income": NaN,
        "Net Income Including Noncontrolling Interests": NaN,
        "Net Income Continuous Operations": NaN,
        "Tax Provision": NaN,
        "Pretax Income": NaN,
        "Other Income Expense": NaN,
        "Other Non Operating Income Expenses": NaN,
        "Special Income Charges": NaN,
        "Gain On Sale Of Ppe": NaN,
        "Other Special Charges": NaN,
        "Restructuring And Mergern Acquisition": 10684000.0,
        "Gain On Sale Of Security": NaN,
        "Net Non Operating Interest Income Expense": NaN,
        "Total Other Finance Cost": NaN,
        "Interest Expense Non Operating": 30599000.0,
        "Operating Income": NaN,
        "Operating Expense": NaN,
        "Other Operating Expenses": NaN,
        "Other Taxes": NaN,
        "Selling General And Administration": NaN,
        "General And Administrative Expense": NaN,
        "Other Gand A": NaN,
        "Gross Profit": NaN,
        "Cost Of Revenue": NaN,
        "Total Revenue": NaN,
        "Operating Revenue": NaN
    },
    "2023-12-31": {
        "Tax Effect Of Unusual Items": NaN,
        "Tax Rate For Calcs": NaN,
        "Normalized EBITDA": NaN,
        "Total Unusual Items": NaN,
        "Total Unusual Items Excluding Goodwill": NaN,
        "Net Income From Continuing Operation Net Minority Interest": NaN,
        "Reconciled Depreciation": NaN,
        "Reconciled Cost Of Revenue": NaN,
        "EBITDA": NaN,
        "EBIT": NaN,
        "Net Interest Income": NaN,
        "Interest Expense": 30086000.0,
        "Interest Income": NaN,
        "Normalized Income": NaN,
        "Net Income From Continuing And Discontinued Operation": NaN,
        "Total Expenses": NaN,
        "Diluted Average Shares": NaN,
        "Basic Average Shares": NaN,
        "Diluted EPS": NaN,
        "Basic EPS": NaN,
        "Diluted NI Availto Com Stockholders": NaN,
        "Average Dilution Earnings": NaN,
        "Net Income Common Stockholders": NaN,
        "Otherunder Preferred Stock Dividend": NaN,
        "Net Income": NaN,
        "Net Income Including Noncontrolling Interests": NaN,
        "Net Income Continuous Operations": NaN,
        "Tax Provision": NaN,
        "Pretax Income": NaN,
        "Other Income Expense": NaN,
        "Other Non Operating Income Expenses": NaN,
        "Special Income Charges": NaN,
        "Gain On Sale Of Ppe": NaN,
        "Other Special Charges": NaN,
        "Restructuring And Mergern Acquisition": NaN,
        "Gain On Sale Of Security": NaN,
        "Net Non Operating Interest Income Expense": NaN,
        "Total Other Finance Cost": NaN,
        "Interest Expense Non Operating": 30086000.0,
        "Interest Income Non Operating": NaN,
        "Operating Income": NaN,
        "Operating Expense": NaN,
        "Other Operating Expenses": NaN,
        "Other Taxes": NaN,
        "Selling General And Administration": NaN,
        "General And Administrative Expense": NaN,
        "Other Gand A": NaN,
        "Gross Profit": NaN,
        "Cost Of Revenue": NaN,
        "Total Revenue": NaN,
        "Operating Revenue": NaN
    },
    "2024-03-31": {
        "Tax Effect Of Unusual Items": NaN,
        "Tax Rate For Calcs": NaN,
        "Normalized EBITDA": NaN,
        "Total Unusual Items": NaN,
        "Total Unusual Items Excluding Goodwill": NaN,
        "Net Income From Continuing Operation Net Minority Interest": NaN,
        "Reconciled Depreciation": NaN,
        "Reconciled Cost Of Revenue": NaN,
        "EBITDA": NaN,
        "EBIT": NaN,
        "Net Interest Income": NaN,
        "Interest Expense": NaN,
        "Interest Income": 2900000.0,
        "Normalized Income": NaN,
        "Net Income From Continuing And Discontinued Operation": NaN,
        "Total Expenses": NaN,
        "Diluted Average Shares": NaN,
        "Basic Average Shares": NaN,
        "Diluted EPS": NaN,
        "Basic EPS": NaN,
        "Diluted NI Availto Com Stockholders": NaN,
        "Average Dilution Earnings": NaN,
        "Net Income Common Stockholders": NaN,
        "Otherunder Preferred Stock Dividend": NaN,
        "Net Income": NaN,
        "Net Income Including Noncontrolling Interests": NaN,
        "Net Income Continuous Operations": NaN,
        "Tax Provision": NaN,
        "Pretax Income": NaN,
        "Other Income Expense": NaN,
        "Other Non Operating Income Expenses": NaN,
        "Special Income Charges": NaN,
        "Gain On Sale Of Ppe": NaN,
        "Other Special Charges": -64000.0,
        "Restructuring And Mergern Acquisition": NaN,
        "Gain On Sale Of Security": NaN,
        "Net Non Operating Interest Income Expense": NaN,
        "Total Other Finance Cost": NaN,
        "Interest Expense Non Operating": NaN,
        "Interest Income Non Operating": 2900000.0,
        "Operating Income": NaN,
        "Operating Expense": NaN,
        "Other Operating Expenses": NaN,
        "Other Taxes": NaN,
        "Selling General And Administration": NaN,
        "General And Administrative Expense": NaN,
        "Other Gand A": NaN,
        "Gross Profit": NaN,
        "Cost Of Revenue": NaN,
        "Total Revenue": NaN,
        "Operating Revenue": NaN
    },
    "2024-06-30": {
        "Tax Effect Of Unusual Items": NaN,
        "Tax Rate For Calcs": NaN,
        "Normalized EBITDA": NaN,
        "Total Unusual Items": NaN,
        "Total Unusual Items Excluding Goodwill": NaN,
        "Net Income From Continuing Operation Net Minority Interest": NaN,
        "Reconciled Depreciation": NaN,
        "Reconciled Cost Of Revenue": NaN,
        "EBITDA": NaN,
        "EBIT": NaN,
        "Net Interest Income": NaN,
        "Interest Expense": NaN,
        "Interest Income": 3400000.0,
        "Normalized Income": NaN,
        "Net Income From Continuing And Discontinued Operation": NaN,
        "Total Expenses": NaN,
        "Diluted Average Shares": NaN,
        "Basic Average Shares": NaN,
        "Diluted EPS": NaN,
        "Basic EPS": NaN,
        "Diluted NI Availto Com Stockholders": NaN,
        "Average Dilution Earnings": NaN,
        "Net Income Common Stockholders": NaN,
        "Otherunder Preferred Stock Dividend": NaN,
        "Net Income": NaN,
        "Net Income Including Noncontrolling Interests": NaN,
        "Net Income Continuous Operations": NaN,
        "Tax Provision": NaN,
        "Pretax Income": NaN,
        "Other Income Expense": NaN,
        "Other Non Operating Income Expenses": NaN,
        "Special Income Charges": NaN,
        "Gain On Sale Of Ppe": NaN,
        "Other Special Charges": -179000.0,
        "Restructuring And Mergern Acquisition": NaN,
        "Gain On Sale Of Security": NaN,
        "Net Non Operating Interest Income Expense": NaN,
        "Total Other Finance Cost": 29713000.0,
        "Interest Expense Non Operating": NaN,
        "Interest Income Non Operating": 3400000.0,
        "Operating Income": NaN,
        "Operating Expense": NaN,
        "Other Operating Expenses": NaN,
        "Other Taxes": NaN,
        "Selling General And Administration": NaN,
        "General And Administrative Expense": NaN,
        "Other Gand A": NaN,
        "Gross Profit": NaN,
        "Cost Of Revenue": NaN,
        "Total Revenue": NaN,
        "Operating Revenue": NaN
    },
    "2024-09-30": {
        "Tax Effect Of Unusual Items": 8190350.692295,
        "Tax Rate For Calcs": 0.235139,
        "Normalized EBITDA": 151835000.0,
        "Total Unusual Items": 34832000.0,
        "Total Unusual Items Excluding Goodwill": 34832000.0,
        "Net Income From Continuing Operation Net Minority Interest": 50656000.0,
        "Reconciled Depreciation": 91137000.0,
        "Reconciled Cost Of Revenue": 455164000.0,
        "EBITDA": 186667000.0,
        "EBIT": 95530000.0,
        "Net Interest Income": -26101000.0,
        "Interest Expense": 29301000.0,
        "Interest Income": NaN,
        "Normalized Income": 24014350.692295,
        "Net Income From Continuing And Discontinued Operation": 50656000.0,
        "Total Expenses": 509141000.0,
        "Diluted Average Shares": 242623000.0,
        "Basic Average Shares": 240865000.0,
        "Diluted EPS": 0.21,
        "Basic EPS": 0.21,
        "Diluted NI Availto Com Stockholders": 50487000.0,
        "Average Dilution Earnings": 1000.0,
        "Net Income Common Stockholders": 50486000.0,
        "Otherunder Preferred Stock Dividend": 170000.0,
        "Net Income": 50656000.0,
        "Net Income Including Noncontrolling Interests": 50656000.0,
        "Net Income Continuous Operations": 50656000.0,
        "Tax Provision": 15573000.0,
        "Pretax Income": 66229000.0,
        "Other Income Expense": 36905000.0,
        "Other Non Operating Income Expenses": 2073000.0,
        "Special Income Charges": -12292000.0,
        "Gain On Sale Of Ppe": -4654000.0,
        "Other Special Charges": -11000.0,
        "Restructuring And Mergern Acquisition": 7649000.0,
        "Gain On Sale Of Security": 47124000.0,
        "Net Non Operating Interest Income Expense": -26101000.0,
        "Total Other Finance Cost": NaN,
        "Interest Expense Non Operating": 29301000.0,
        "Interest Income Non Operating": NaN,
        "Operating Income": 55425000.0,
        "Operating Expense": 53977000.0,
        "Other Operating Expenses": 7334000.0,
        "Other Taxes": 5117000.0,
        "Selling General And Administration": 41526000.0,
        "General And Administrative Expense": 41526000.0,
        "Other Gand A": 41526000.0,
        "Gross Profit": 109402000.0,
        "Cost Of Revenue": 455164000.0,
        "Total Revenue": 564566000.0,
        "Operating Revenue": 564566000.0
    },
    "2024-12-31": {
        "Tax Effect Of Unusual Items": -13160070.0,
        "Tax Rate For Calcs": 0.21,
        "Normalized EBITDA": 248443000.0,
        "Total Unusual Items": -62667000.0,
        "Total Unusual Items Excluding Goodwill": -62667000.0,
        "Net Income From Continuing Operation Net Minority Interest": 94842000.0,
        "Reconciled Depreciation": 92484000.0,
        "Reconciled Cost Of Revenue": 459266000.0,
        "EBITDA": 185776000.0,
        "EBIT": 93292000.0,
        "Net Interest Income": -16568000.0,
        "Interest Expense": 29268000.0,
        "Interest Income": NaN,
        "Normalized Income": 144348930.0,
        "Net Income From Continuing And Discontinued Operation": 94842000.0,
        "Total Expenses": 520295000.0,
        "Diluted Average Shares": 242355000.0,
        "Basic Average Shares": 240300000.0,
        "Diluted EPS": 0.39,
        "Basic EPS": 0.39,
        "Diluted NI Availto Com Stockholders": 94469000.0,
        "Average Dilution Earnings": 3000.0,
        "Net Income Common Stockholders": 94466000.0,
        "Otherunder Preferred Stock Dividend": 376000.0,
        "Net Income": 94842000.0,
        "Net Income Including Noncontrolling Interests": 94842000.0,
        "Net Income Continuous Operations": 94842000.0,
        "Tax Provision": -30818000.0,
        "Pretax Income": 64024000.0,
        "Other Income Expense": -66096000.0,
        "Other Non Operating Income Expenses": -3429000.0,
        "Special Income Charges": -8863000.0,
        "Gain On Sale Of Ppe": 290000.0,
        "Other Special Charges": -3000.0,
        "Restructuring And Mergern Acquisition": 9156000.0,
        "Gain On Sale Of Security": -53804000.0,
        "Net Non Operating Interest Income Expense": -16568000.0,
        "Total Other Finance Cost": NaN,
        "Interest Expense Non Operating": 29268000.0,
        "Interest Income Non Operating": NaN,
        "Operating Income": 146688000.0,
        "Operating Expense": 61029000.0,
        "Other Operating Expenses": 8332000.0,
        "Other Taxes": 6166000.0,
        "Selling General And Administration": 46531000.0,
        "General And Administrative Expense": 46531000.0,
        "Other Gand A": 46531000.0,
        "Gross Profit": 207717000.0,
        "Cost Of Revenue": 459266000.0,
        "Total Revenue": 666983000.0,
        "Operating Revenue": 666983000.0
    },
    "2025-03-31": {
        "Tax Effect Of Unusual Items": -19921446.4756,
        "Tax Rate For Calcs": 0.115578,
        "Normalized EBITDA": 401818000.0,
        "Total Unusual Items": -172363000.0,
        "Total Unusual Items Excluding Goodwill": -172363000.0,
        "Net Income From Continuing Operation Net Minority Interest": 97052000.0,
        "Reconciled Depreciation": 90559000.0,
        "Reconciled Cost Of Revenue": 480242000.0,
        "EBITDA": 229455000.0,
        "EBIT": 138896000.0,
        "Net Interest Income": -26061000.0,
        "Interest Expense": 29161000.0,
        "Interest Income": 3100000.0,
        "Normalized Income": 249493553.5244,
        "Net Income From Continuing And Discontinued Operation": 97052000.0,
        "Total Expenses": 535311000.0,
        "Diluted Average Shares": 241755000.0,
        "Basic Average Shares": 240035000.0,
        "Diluted EPS": 0.4,
        "Basic EPS": 0.4,
        "Diluted NI Availto Com Stockholders": 96755000.0,
        "Average Dilution Earnings": 2000.0,
        "Net Income Common Stockholders": 96753000.0,
        "Otherunder Preferred Stock Dividend": 299000.0,
        "Net Income": 97052000.0,
        "Net Income Including Noncontrolling Interests": 97052000.0,
        "Net Income Continuous Operations": 97052000.0,
        "Tax Provision": 12683000.0,
        "Pretax Income": 109735000.0,
        "Other Income Expense": -175221000.0,
        "Other Non Operating Income Expenses": -2858000.0,
        "Special Income Charges": -13406000.0,
        "Gain On Sale Of Ppe": -4512000.0,
        "Other Special Charges": -3000.0,
        "Restructuring And Mergern Acquisition": 8897000.0,
        "Gain On Sale Of Security": -158957000.0,
        "Net Non Operating Interest Income Expense": -26061000.0,
        "Total Other Finance Cost": NaN,
        "Interest Expense Non Operating": 29161000.0,
        "Interest Income Non Operating": 3100000.0,
        "Operating Income": 311017000.0,
        "Operating Expense": 55069000.0,
        "Other Operating Expenses": 6391000.0,
        "Other Taxes": 6987000.0,
        "Selling General And Administration": 41691000.0,
        "General And Administrative Expense": 41691000.0,
        "Other Gand A": 41691000.0,
        "Gross Profit": 366086000.0,
        "Cost Of Revenue": 480242000.0,
        "Total Revenue": 846328000.0,
        "Operating Revenue": 846328000.0
    },
    "2025-06-30": {
        "Tax Effect Of Unusual Items": 29782068.348111,
        "Tax Rate For Calcs": 0.213427,
        "Normalized EBITDA": 280810000.0,
        "Total Unusual Items": 139542000.0,
        "Total Unusual Items Excluding Goodwill": 139542000.0,
        "Net Income From Continuing Operation Net Minority Interest": 237578000.0,
        "Reconciled Depreciation": 91514000.0,
        "Reconciled Cost Of Revenue": 454333000.0,
        "EBITDA": 420352000.0,
        "EBIT": 328838000.0,
        "Net Interest Income": -24996000.0,
        "Interest Expense": 26796000.0,
        "Interest Income": 1800000.0,
        "Normalized Income": 127818068.348111,
        "Net Income From Continuing And Discontinued Operation": 237578000.0,
        "Total Expenses": 512242000.0,
        "Diluted Average Shares": 239717000.0,
        "Basic Average Shares": 238187000.0,
        "Diluted EPS": 0.99,
        "Basic EPS": 0.99,
        "Diluted NI Availto Com Stockholders": 236968000.0,
        "Average Dilution Earnings": 4000.0,
        "Net Income Common Stockholders": 236964000.0,
        "Otherunder Preferred Stock Dividend": 614000.0,
        "Net Income": 237578000.0,
        "Net Income Including Noncontrolling Interests": 237578000.0,
        "Net Income Continuous Operations": 237578000.0,
        "Tax Provision": 64464000.0,
        "Pretax Income": 302042000.0,
        "Other Income Expense": 139633000.0,
        "Other Non Operating Income Expenses": 91000.0,
        "Special Income Charges": -15205000.0,
        "Gain On Sale Of Ppe": -6703000.0,
        "Other Special Charges": NaN,
        "Restructuring And Mergern Acquisition": 8502000.0,
        "Gain On Sale Of Security": 154747000.0,
        "Net Non Operating Interest Income Expense": -24996000.0,
        "Total Other Finance Cost": NaN,
        "Interest Expense Non Operating": 26796000.0,
        "Interest Income Non Operating": 1800000.0,
        "Operating Income": 187405000.0,
        "Operating Expense": 57909000.0,
        "Other Operating Expenses": 7928000.0,
        "Other Taxes": 7835000.0,
        "Selling General And Administration": 42146000.0,
        "General And Administrative Expense": 42146000.0,
        "Other Gand A": 42146000.0,
        "Gross Profit": 245314000.0,
        "Cost Of Revenue": 454333000.0,
        "Total Revenue": 699647000.0,
        "Operating Revenue": 699647000.0
    },
    "2025-09-30": {
        "Tax Effect Of Unusual Items": 17023967.907322,
        "Tax Rate For Calcs": 0.212917,
        "Normalized EBITDA": 221449000.0,
        "Total Unusual Items": 79956000.0,
        "Total Unusual Items Excluding Goodwill": 79956000.0,
        "Net Income From Continuing Operation Net Minority Interest": 144307000.0,
        "Reconciled Depreciation": 93793000.0,
        "Reconciled Cost Of Revenue": 467615000.0,
        "EBITDA": 301405000.0,
        "EBIT": 207612000.0,
        "Net Interest Income": -24216000.0,
        "Interest Expense": 24268000.0,
        "Interest Income": 52000.0,
        "Normalized Income": 81374967.907322,
        "Net Income From Continuing And Discontinued Operation": 144307000.0,
        "Total Expenses": 528697000.0,
        "Diluted Average Shares": 239026000.0,
        "Basic Average Shares": 237378000.0,
        "Diluted EPS": 0.6,
        "Basic EPS": 0.61,
        "Diluted NI Availto Com Stockholders": 144147000.0,
        "Average Dilution Earnings": 1000.0,
        "Net Income Common Stockholders": 144146000.0,
        "Otherunder Preferred Stock Dividend": 161000.0,
        "Net Income": 144307000.0,
        "Net Income Including Noncontrolling Interests": 144307000.0,
        "Net Income Continuous Operations": 144307000.0,
        "Tax Provision": 39037000.0,
        "Pretax Income": 183344000.0,
        "Other Income Expense": 80959000.0,
        "Other Non Operating Income Expenses": 1003000.0,
        "Special Income Charges": -12990000.0,
        "Gain On Sale Of Ppe": -4905000.0,
        "Other Special Charges": NaN,
        "Restructuring And Mergern Acquisition": 8085000.0,
        "Gain On Sale Of Security": 92946000.0,
        "Net Non Operating Interest Income Expense": -24216000.0,
        "Total Other Finance Cost": NaN,
        "Interest Expense Non Operating": 24268000.0,
        "Interest Income Non Operating": 52000.0,
        "Operating Income": 126601000.0,
        "Operating Expense": 61082000.0,
        "Other Operating Expenses": 8105000.0,
        "Other Taxes": 8265000.0,
        "Selling General And Administration": 44712000.0,
        "General And Administrative Expense": 44712000.0,
        "Other Gand A": 44712000.0,
        "Gross Profit": 187683000.0,
        "Cost Of Revenue": 467615000.0,
        "Total Revenue": 655298000.0,
        "Operating Revenue": 655298000.0
    }
}