{
    "2023-04-30": {
        "Tax Effect Of Unusual Items": NaN,
        "Tax Rate For Calcs": NaN,
        "Normalized EBITDA": NaN,
        "Total Unusual Items": NaN,
        "Total Unusual Items Excluding Goodwill": NaN,
        "Net Income From Continuing Operation Net Minority Interest": NaN,
        "Reconciled Depreciation": NaN,
        "Reconciled Cost Of Revenue": NaN,
        "EBITDA": NaN,
        "EBIT": NaN,
        "Net Interest Income": NaN,
        "Interest Expense": NaN,
        "Interest Income": NaN,
        "Normalized Income": NaN,
        "Net Income From Continuing And Discontinued Operation": NaN,
        "Total Expenses": NaN,
        "Rent Expense Supplemental": NaN,
        "Total Operating Income As Reported": NaN,
        "Diluted Average Shares": NaN,
        "Basic Average Shares": NaN,
        "Diluted EPS": NaN,
        "Basic EPS": NaN,
        "Diluted NI Availto Com Stockholders": NaN,
        "Net Income Common Stockholders": NaN,
        "Net Income": NaN,
        "Net Income Including Noncontrolling Interests": NaN,
        "Net Income Continuous Operations": NaN,
        "Tax Provision": NaN,
        "Pretax Income": NaN,
        "Other Income Expense": NaN,
        "Other Non Operating Income Expenses": -1062000.0,
        "Special Income Charges": NaN,
        "Gain On Sale Of Ppe": NaN,
        "Gain On Sale Of Business": NaN,
        "Other Special Charges": NaN,
        "Impairment Of Capital Assets": NaN,
        "Restructuring And Mergern Acquisition": NaN,
        "Net Non Operating Interest Income Expense": NaN,
        "Interest Expense Non Operating": NaN,
        "Interest Income Non Operating": NaN,
        "Operating Income": NaN,
        "Operating Expense": NaN,
        "Other Operating Expenses": NaN,
        "Depreciation Amortization Depletion Income Statement": NaN,
        "Depreciation And Amortization In Income Statement": NaN,
        "Selling General And Administration": NaN,
        "General And Administrative Expense": NaN,
        "Other Gand A": NaN,
        "Gross Profit": NaN,
        "Cost Of Revenue": NaN,
        "Total Revenue": NaN,
        "Operating Revenue": NaN
    },
    "2022-12-31": {
        "Tax Effect Of Unusual Items": NaN,
        "Tax Rate For Calcs": NaN,
        "Normalized EBITDA": NaN,
        "Total Unusual Items": NaN,
        "Total Unusual Items Excluding Goodwill": NaN,
        "Net Income From Continuing Operation Net Minority Interest": NaN,
        "Reconciled Depreciation": NaN,
        "Reconciled Cost Of Revenue": NaN,
        "EBITDA": NaN,
        "EBIT": NaN,
        "Net Interest Income": NaN,
        "Interest Expense": NaN,
        "Interest Income": NaN,
        "Normalized Income": NaN,
        "Net Income From Continuing And Discontinued Operation": NaN,
        "Total Expenses": NaN,
        "Rent Expense Supplemental": NaN,
        "Total Operating Income As Reported": NaN,
        "Diluted Average Shares": NaN,
        "Basic Average Shares": NaN,
        "Diluted EPS": NaN,
        "Basic EPS": NaN,
        "Diluted NI Availto Com Stockholders": NaN,
        "Net Income Common Stockholders": NaN,
        "Net Income": NaN,
        "Net Income Including Noncontrolling Interests": NaN,
        "Net Income Continuous Operations": NaN,
        "Tax Provision": NaN,
        "Pretax Income": NaN,
        "Other Income Expense": NaN,
        "Other Non Operating Income Expenses": NaN,
        "Special Income Charges": NaN,
        "Gain On Sale Of Ppe": NaN,
        "Gain On Sale Of Business": NaN,
        "Other Special Charges": NaN,
        "Impairment Of Capital Assets": NaN,
        "Restructuring And Mergern Acquisition": NaN,
        "Net Non Operating Interest Income Expense": NaN,
        "Total Other Finance Cost": 70000.0,
        "Interest Expense Non Operating": NaN,
        "Interest Income Non Operating": NaN,
        "Operating Income": NaN,
        "Operating Expense": NaN,
        "Other Operating Expenses": NaN,
        "Depreciation Amortization Depletion Income Statement": NaN,
        "Depreciation And Amortization In Income Statement": NaN,
        "Selling General And Administration": NaN,
        "General And Administrative Expense": NaN,
        "Other Gand A": NaN,
        "Gross Profit": NaN,
        "Cost Of Revenue": NaN,
        "Total Revenue": NaN,
        "Operating Revenue": NaN
    },
    "2022-09-30": {
        "Tax Effect Of Unusual Items": NaN,
        "Tax Rate For Calcs": NaN,
        "Normalized EBITDA": NaN,
        "Total Unusual Items": NaN,
        "Total Unusual Items Excluding Goodwill": NaN,
        "Net Income From Continuing Operation Net Minority Interest": NaN,
        "Reconciled Depreciation": NaN,
        "Reconciled Cost Of Revenue": NaN,
        "EBITDA": NaN,
        "EBIT": NaN,
        "Net Interest Income": NaN,
        "Interest Expense": NaN,
        "Interest Income": NaN,
        "Normalized Income": NaN,
        "Net Income From Continuing And Discontinued Operation": NaN,
        "Total Expenses": NaN,
        "Rent Expense Supplemental": NaN,
        "Total Operating Income As Reported": NaN,
        "Diluted Average Shares": NaN,
        "Basic Average Shares": NaN,
        "Diluted EPS": NaN,
        "Basic EPS": NaN,
        "Diluted NI Availto Com Stockholders": NaN,
        "Net Income Common Stockholders": NaN,
        "Net Income": NaN,
        "Net Income Including Noncontrolling Interests": NaN,
        "Net Income Continuous Operations": NaN,
        "Tax Provision": NaN,
        "Pretax Income": NaN,
        "Other Income Expense": NaN,
        "Other Non Operating Income Expenses": NaN,
        "Special Income Charges": NaN,
        "Gain On Sale Of Ppe": NaN,
        "Gain On Sale Of Business": NaN,
        "Other Special Charges": NaN,
        "Impairment Of Capital Assets": NaN,
        "Restructuring And Mergern Acquisition": NaN,
        "Net Non Operating Interest Income Expense": NaN,
        "Total Other Finance Cost": 1022000.0,
        "Interest Expense Non Operating": NaN,
        "Interest Income Non Operating": NaN,
        "Operating Income": NaN,
        "Operating Expense": NaN,
        "Other Operating Expenses": NaN,
        "Depreciation Amortization Depletion Income Statement": NaN,
        "Depreciation And Amortization In Income Statement": NaN,
        "Selling General And Administration": NaN,
        "General And Administrative Expense": NaN,
        "Other Gand A": NaN,
        "Gross Profit": NaN,
        "Cost Of Revenue": NaN,
        "Total Revenue": NaN,
        "Operating Revenue": NaN
    },
    "2022-06-30": {
        "Tax Effect Of Unusual Items": -3182400.0,
        "Tax Rate For Calcs": 0.4,
        "Normalized EBITDA": 12242000.0,
        "Total Unusual Items": -7956000.0,
        "Total Unusual Items Excluding Goodwill": -7956000.0,
        "Net Income From Continuing Operation Net Minority Interest": -17932000.0,
        "Reconciled Depreciation": 17637000.0,
        "Reconciled Cost Of Revenue": 197325000.0,
        "EBITDA": 4286000.0,
        "EBIT": -13351000.0,
        "Net Interest Income": -4208000.0,
        "Interest Expense": 4147000.0,
        "Normalized Income": -13158400.0,
        "Net Income From Continuing And Discontinued Operation": -17932000.0,
        "Total Expenses": 299424000.0,
        "Rent Expense Supplemental": 22980000.0,
        "Total Operating Income As Reported": -13351000.0,
        "Diluted Average Shares": 15830000.0,
        "Basic Average Shares": 15830000.0,
        "Diluted EPS": -1.13,
        "Basic EPS": -1.13,
        "Diluted NI Availto Com Stockholders": -17932000.0,
        "Net Income Common Stockholders": -17932000.0,
        "Net Income": -17932000.0,
        "Net Income Including Noncontrolling Interests": -17932000.0,
        "Net Income Continuous Operations": -17932000.0,
        "Tax Provision": 434000.0,
        "Pretax Income": -17498000.0,
        "Other Income Expense": -7956000.0,
        "Other Non Operating Income Expenses": NaN,
        "Special Income Charges": -7956000.0,
        "Gain On Sale Of Ppe": NaN,
        "Other Special Charges": -1713000.0,
        "Impairment Of Capital Assets": 8739000.0,
        "Restructuring And Mergern Acquisition": 930000.0,
        "Net Non Operating Interest Income Expense": -4208000.0,
        "Total Other Finance Cost": 61000.0,
        "Interest Expense Non Operating": 4147000.0,
        "Operating Income": -5334000.0,
        "Operating Expense": 102099000.0,
        "Other Operating Expenses": 52238000.0,
        "Depreciation Amortization Depletion Income Statement": 17637000.0,
        "Depreciation And Amortization In Income Statement": 17637000.0,
        "Selling General And Administration": 32224000.0,
        "Selling And Marketing Expense": NaN,
        "General And Administrative Expense": 32224000.0,
        "Other Gand A": 32224000.0,
        "Gross Profit": 96765000.0,
        "Cost Of Revenue": 197325000.0,
        "Total Revenue": 294090000.0,
        "Operating Revenue": 294090000.0
    },
    "2023-03-31": {
        "Tax Effect Of Unusual Items": NaN,
        "Tax Rate For Calcs": NaN,
        "Normalized EBITDA": NaN,
        "Total Unusual Items": NaN,
        "Total Unusual Items Excluding Goodwill": NaN,
        "Net Income From Continuing Operation Net Minority Interest": NaN,
        "Reconciled Depreciation": NaN,
        "Reconciled Cost Of Revenue": NaN,
        "EBITDA": NaN,
        "EBIT": NaN,
        "Net Interest Income": NaN,
        "Interest Expense": NaN,
        "Interest Income": NaN,
        "Normalized Income": NaN,
        "Net Income From Continuing And Discontinued Operation": NaN,
        "Total Expenses": NaN,
        "Rent Expense Supplemental": NaN,
        "Total Operating Income As Reported": NaN,
        "Diluted Average Shares": NaN,
        "Basic Average Shares": NaN,
        "Diluted EPS": NaN,
        "Basic EPS": NaN,
        "Diluted NI Availto Com Stockholders": NaN,
        "Net Income Common Stockholders": NaN,
        "Net Income": NaN,
        "Net Income Including Noncontrolling Interests": NaN,
        "Net Income Continuous Operations": NaN,
        "Tax Provision": NaN,
        "Pretax Income": NaN,
        "Other Income Expense": NaN,
        "Other Non Operating Income Expenses": -62000.0,
        "Special Income Charges": NaN,
        "Gain On Sale Of Ppe": NaN,
        "Gain On Sale Of Business": NaN,
        "Other Special Charges": NaN,
        "Impairment Of Capital Assets": NaN,
        "Restructuring And Mergern Acquisition": NaN,
        "Net Non Operating Interest Income Expense": NaN,
        "Interest Expense Non Operating": NaN,
        "Interest Income Non Operating": NaN,
        "Operating Income": NaN,
        "Operating Expense": NaN,
        "Other Operating Expenses": NaN,
        "Depreciation Amortization Depletion Income Statement": NaN,
        "Depreciation And Amortization In Income Statement": NaN,
        "Selling General And Administration": NaN,
        "General And Administrative Expense": NaN,
        "Other Gand A": NaN,
        "Gross Profit": NaN,
        "Cost Of Revenue": NaN,
        "Total Revenue": NaN,
        "Operating Revenue": NaN
    },
    "2022-03-31": {
        "Diluted EPS": -0.2,
        "Total Revenue": 396,
        "Gross Profit": 68,
        "Operating Income": 4,
        "EBIT": 28,
        "Net Income": -3
    },
    "2021-12-31": {
        "Diluted EPS": -1.36,
        "Total Revenue": 283,
        "Gross Profit": 43,
        "Operating Income": -18,
        "EBIT": 11,
        "Net Income": -21
    },
    "2021-09-30": {
        "Diluted EPS": -0.95,
        "Total Revenue": 275,
        "Gross Profit": 39,
        "Operating Income": -12,
        "EBIT": 7,
        "Net Income": -15
    },
    "2021-06-30": {
        "Diluted EPS": -0.32,
        "Total Revenue": 277,
        "Gross Profit": 48,
        "Operating Income": -3,
        "EBIT": 17,
        "Net Income": -5
    },
    "2021-03-31": {
        "Diluted EPS": -0.56,
        "Total Revenue": 326,
        "Gross Profit": 58,
        "Operating Income": -4,
        "EBIT": 23,
        "Net Income": -9
    },
    "2020-12-31": {
        "Diluted EPS": -1.29,
        "Total Revenue": 201,
        "Gross Profit": 18,
        "Operating Income": -42,
        "EBIT": -15,
        "Net Income": -39
    },
    "2020-09-30": {
        "Diluted EPS": -0.4,
        "Total Revenue": 200,
        "Gross Profit": 20,
        "Operating Income": -25,
        "EBIT": -5,
        "Net Income": -6
    },
    "2020-06-30": {
        "Diluted EPS": -4.09,
        "Total Revenue": 161,
        "Gross Profit": 4,
        "Operating Income": -51,
        "EBIT": -25,
        "Net Income": -56
    },
    "2020-03-31": {
        "Diluted EPS": -13.51,
        "Total Revenue": 306,
        "Gross Profit": 31,
        "Operating Income": -158,
        "EBIT": -19,
        "Net Income": -174
    },
    "2019-12-31": {
        "Diluted EPS": -0.6,
        "Total Revenue": 303,
        "Gross Profit": 62,
        "Operating Income": 2,
        "EBIT": 23,
        "Net Income": -8
    },
    "2019-09-30": {
        "Diluted EPS": -0.14,
        "Total Revenue": 294,
        "Gross Profit": 51,
        "Operating Income": -5,
        "EBIT": 16,
        "Net Income": -2
    },
    "2019-06-30": {
        "Diluted EPS": 0.08,
        "Total Revenue": 308,
        "Gross Profit": 61,
        "Operating Income": -13,
        "EBIT": 23,
        "Net Income": 1
    },
    "2019-03-31": {
        "Diluted EPS": 0.05,
        "Total Revenue": 410,
        "Gross Profit": 83,
        "Operating Income": 3,
        "EBIT": 32,
        "Net Income": 1
    },
    "2018-12-31": {
        "Diluted EPS": -0.82,
        "Total Revenue": 307,
        "Gross Profit": 64,
        "Operating Income": -15,
        "EBIT": 35,
        "Net Income": -11
    },
    "2018-09-30": {
        "Diluted EPS": 0.13,
        "Total Revenue": 295,
        "Gross Profit": 53,
        "Operating Income": 2,
        "EBIT": 24,
        "Net Income": 2
    },
    "2018-06-30": {
        "Diluted EPS": -0.14,
        "Total Revenue": 315,
        "Gross Profit": 65,
        "Operating Income": -4,
        "EBIT": 18,
        "Net Income": -2
    },
    "2018-03-31": {
        "Diluted EPS": 0.34,
        "Total Revenue": 422,
        "Gross Profit": 90,
        "Operating Income": 7,
        "EBIT": 36,
        "Net Income": 4
    },
    "2017-12-31": {
        "Diluted EPS": 0.68,
        "Total Revenue": 344,
        "Gross Profit": 75,
        "Operating Income": 8,
        "EBIT": 30,
        "Net Income": 9
    },
    "2017-09-30": {
        "Diluted EPS": 0.21,
        "Total Revenue": 306,
        "Gross Profit": 61,
        "Operating Income": 4,
        "EBIT": 25,
        "Net Income": 3
    },
    "2017-06-30": {
        "Diluted EPS": 0.53,
        "Total Revenue": 317,
        "Gross Profit": 70,
        "Operating Income": 9,
        "EBIT": 31,
        "Net Income": 7
    },
    "2017-03-31": {
        "Diluted EPS": 0.89,
        "Total Revenue": 421,
        "Gross Profit": 95,
        "Operating Income": 17,
        "EBIT": 46,
        "Net Income": 12
    },
    "2016-12-31": {
        "Diluted EPS": -0.61,
        "Total Revenue": 298,
        "Gross Profit": 71,
        "Operating Income": -15,
        "EBIT": 7,
        "Net Income": -9
    },
    "2016-09-30": {
        "Diluted EPS": -0.1,
        "Total Revenue": 297,
        "Gross Profit": 58,
        "Operating Income": -4,
        "EBIT": 17,
        "Net Income": -1
    },
    "2016-06-30": {
        "Diluted EPS": 0.55,
        "Total Revenue": 306,
        "Gross Profit": 67,
        "Operating Income": 10,
        "EBIT": 30,
        "Net Income": 8
    },
    "2016-03-31": {
        "Diluted EPS": 1.03,
        "Total Revenue": 402,
        "Gross Profit": 95,
        "Operating Income": 20,
        "EBIT": 44,
        "Net Income": 14
    },
    "2015-12-31": {
        "Diluted EPS": 0.84,
        "Total Revenue": 286,
        "Gross Profit": 69,
        "Operating Income": 15,
        "EBIT": 34,
        "Net Income": 12
    },
    "2015-09-30": {
        "Diluted EPS": 0.58,
        "Total Revenue": 283,
        "Gross Profit": 64,
        "Operating Income": 12,
        "EBIT": 30,
        "Net Income": 8
    },
    "2015-06-30": {
        "Diluted EPS": 0.78,
        "Total Revenue": 293,
        "Gross Profit": 69,
        "Operating Income": 16,
        "EBIT": 34,
        "Net Income": 11
    },
    "2015-03-31": {
        "Diluted EPS": 1.16,
        "Total Revenue": 395,
        "Gross Profit": 96,
        "Operating Income": 24,
        "EBIT": 47,
        "Net Income": 17
    },
    "2014-12-31": {
        "Diluted EPS": 0.28,
        "Total Revenue": 282,
        "Gross Profit": 63,
        "Operating Income": 5,
        "EBIT": 22,
        "Net Income": 4
    },
    "2014-09-30": {
        "Diluted EPS": 0.5,
        "Total Revenue": 267,
        "Gross Profit": 55,
        "Operating Income": 9,
        "EBIT": 24,
        "Net Income": 7
    },
    "2014-06-30": {
        "Diluted EPS": 0.65,
        "Total Revenue": 256,
        "Gross Profit": 60,
        "Operating Income": 13,
        "EBIT": 28,
        "Net Income": 9
    },
    "2014-03-31": {
        "Diluted EPS": 0.82,
        "Total Revenue": 340,
        "Gross Profit": 80,
        "Operating Income": 17,
        "EBIT": 36,
        "Net Income": 12
    },
    "2013-12-31": {
        "Diluted EPS": 0.47,
        "Total Revenue": 242,
        "Gross Profit": 56,
        "Operating Income": 8,
        "EBIT": 22,
        "Net Income": 7
    },
    "2013-09-30": {
        "Diluted EPS": 0.32,
        "Total Revenue": 231,
        "Gross Profit": 50,
        "Operating Income": 7,
        "EBIT": 20,
        "Net Income": 5
    },
    "2013-06-30": {
        "Diluted EPS": 0.77,
        "Total Revenue": 238,
        "Gross Profit": 58,
        "Operating Income": 15,
        "EBIT": 29,
        "Net Income": 11
    },
    "2013-03-31": {
        "Diluted EPS": 0.66,
        "Total Revenue": 306,
        "Gross Profit": 70,
        "Operating Income": 14,
        "EBIT": 31,
        "Net Income": 9
    },
    "2012-12-31": {
        "Diluted EPS": 0.46,
        "Total Revenue": 241,
        "Gross Profit": 53,
        "Operating Income": 12,
        "EBIT": 27,
        "Net Income": 6
    },
    "2012-09-30": {
        "Diluted EPS": 0.24,
        "Total Revenue": 213,
        "Gross Profit": 45,
        "Operating Income": 6,
        "EBIT": 19,
        "Net Income": 4
    },
    "2012-06-30": {
        "Diluted EPS": 0.52,
        "Total Revenue": 224,
        "Gross Profit": 50,
        "Operating Income": 11,
        "EBIT": 24,
        "Net Income": 8
    },
    "2012-03-31": {
        "Diluted EPS": 0.71,
        "Total Revenue": 299,
        "Gross Profit": 67,
        "Operating Income": 16,
        "EBIT": 32,
        "Net Income": 11
    },
    "2011-12-31": {
        "Diluted EPS": 0.2,
        "Total Revenue": 206,
        "Gross Profit": 44,
        "Operating Income": 4,
        "EBIT": 18,
        "Net Income": 3
    },
    "2011-09-30": {
        "Diluted EPS": 0.14,
        "Total Revenue": 206,
        "Gross Profit": 42,
        "Operating Income": 3,
        "EBIT": 16,
        "Net Income": 2
    },
    "2011-06-30": {
        "Diluted EPS": 0.44,
        "Total Revenue": 216,
        "Gross Profit": 48,
        "Operating Income": 9,
        "EBIT": 22,
        "Net Income": 7
    },
    "2011-03-31": {
        "Diluted EPS": 0.56,
        "Total Revenue": 287,
        "Gross Profit": 61,
        "Operating Income": 11,
        "EBIT": 28,
        "Net Income": 9
    },
    "2010-12-31": {
        "Diluted EPS": 0.13,
        "Total Revenue": 193,
        "Gross Profit": 35,
        "Operating Income": 2,
        "EBIT": 15,
        "Net Income": 2
    },
    "2010-09-30": {
        "Diluted EPS": -0.27,
        "Total Revenue": 195,
        "Gross Profit": 37,
        "Operating Income": -6,
        "EBIT": 7,
        "Net Income": -4
    },
    "2010-06-30": {
        "Diluted EPS": 0.28,
        "Total Revenue": 201,
        "Gross Profit": 40,
        "Operating Income": 6,
        "EBIT": 19,
        "Net Income": 4
    },
    "2010-03-31": {
        "Diluted EPS": 0.32,
        "Total Revenue": 276,
        "Gross Profit": 57,
        "Operating Income": 8,
        "EBIT": 25,
        "Net Income": 5
    },
    "2009-12-31": {
        "Diluted EPS": 0.11,
        "Total Revenue": 182,
        "Gross Profit": 34,
        "Operating Income": 3,
        "EBIT": 16,
        "Net Income": 2
    },
    "2009-09-30": {
        "Diluted EPS": 0.37,
        "Total Revenue": 187,
        "Gross Profit": 37,
        "Operating Income": 8,
        "EBIT": 21,
        "Net Income": 6
    },
    "2009-06-30": {
        "Diluted EPS": 0.41,
        "Total Revenue": 201,
        "Gross Profit": 42,
        "Operating Income": 10,
        "EBIT": 23,
        "Net Income": 6
    },
    "2009-03-31": {
        "Diluted EPS": 0.25,
        "Total Revenue": 271,
        "Gross Profit": 56,
        "Operating Income": 7,
        "EBIT": 25,
        "Net Income": 4
    },
    "2023-06-30": {
        "Tax Effect Of Unusual Items": NaN,
        "Tax Rate For Calcs": NaN,
        "Normalized EBITDA": NaN,
        "Total Unusual Items": NaN,
        "Total Unusual Items Excluding Goodwill": NaN,
        "Net Income From Continuing Operation Net Minority Interest": NaN,
        "Reconciled Depreciation": NaN,
        "Reconciled Cost Of Revenue": NaN,
        "EBITDA": NaN,
        "EBIT": NaN,
        "Net Interest Income": NaN,
        "Interest Expense": NaN,
        "Interest Income": NaN,
        "Normalized Income": NaN,
        "Net Income From Continuing And Discontinued Operation": NaN,
        "Total Expenses": NaN,
        "Rent Expense Supplemental": NaN,
        "Total Operating Income As Reported": NaN,
        "Diluted Average Shares": NaN,
        "Basic Average Shares": NaN,
        "Diluted EPS": NaN,
        "Basic EPS": NaN,
        "Diluted NI Availto Com Stockholders": NaN,
        "Net Income Common Stockholders": NaN,
        "Net Income": NaN,
        "Net Income Including Noncontrolling Interests": NaN,
        "Net Income Continuous Operations": NaN,
        "Tax Provision": NaN,
        "Pretax Income": NaN,
        "Other Income Expense": NaN,
        "Other Non Operating Income Expenses": -113000.0,
        "Special Income Charges": NaN,
        "Gain On Sale Of Ppe": NaN,
        "Gain On Sale Of Business": 112000.0,
        "Other Special Charges": NaN,
        "Impairment Of Capital Assets": NaN,
        "Restructuring And Mergern Acquisition": NaN,
        "Net Non Operating Interest Income Expense": NaN,
        "Interest Expense Non Operating": NaN,
        "Interest Income Non Operating": NaN,
        "Operating Income": NaN,
        "Operating Expense": NaN,
        "Other Operating Expenses": NaN,
        "Depreciation Amortization Depletion Income Statement": NaN,
        "Depreciation And Amortization In Income Statement": NaN,
        "Selling General And Administration": NaN,
        "General And Administrative Expense": NaN,
        "Other Gand A": NaN,
        "Gross Profit": NaN,
        "Cost Of Revenue": NaN,
        "Total Revenue": NaN,
        "Operating Revenue": NaN
    },
    "2023-09-30": {
        "Tax Effect Of Unusual Items": NaN,
        "Tax Rate For Calcs": NaN,
        "Normalized EBITDA": NaN,
        "Total Unusual Items": NaN,
        "Total Unusual Items Excluding Goodwill": NaN,
        "Net Income From Continuing Operation Net Minority Interest": NaN,
        "Reconciled Depreciation": NaN,
        "Reconciled Cost Of Revenue": NaN,
        "EBITDA": NaN,
        "EBIT": NaN,
        "Net Interest Income": NaN,
        "Interest Expense": NaN,
        "Interest Income": NaN,
        "Normalized Income": NaN,
        "Net Income From Continuing And Discontinued Operation": NaN,
        "Total Expenses": NaN,
        "Rent Expense Supplemental": NaN,
        "Total Operating Income As Reported": NaN,
        "Diluted Average Shares": NaN,
        "Basic Average Shares": NaN,
        "Diluted EPS": NaN,
        "Basic EPS": NaN,
        "Diluted NI Availto Com Stockholders": NaN,
        "Net Income Common Stockholders": NaN,
        "Net Income": NaN,
        "Net Income Including Noncontrolling Interests": NaN,
        "Net Income Continuous Operations": NaN,
        "Tax Provision": NaN,
        "Pretax Income": NaN,
        "Other Income Expense": NaN,
        "Other Non Operating Income Expenses": -277000.0,
        "Special Income Charges": NaN,
        "Gain On Sale Of Ppe": NaN,
        "Gain On Sale Of Business": 91000.0,
        "Other Special Charges": NaN,
        "Impairment Of Capital Assets": NaN,
        "Restructuring And Mergern Acquisition": NaN,
        "Net Non Operating Interest Income Expense": NaN,
        "Interest Expense Non Operating": NaN,
        "Interest Income Non Operating": NaN,
        "Operating Income": NaN,
        "Operating Expense": NaN,
        "Other Operating Expenses": NaN,
        "Depreciation Amortization Depletion Income Statement": NaN,
        "Depreciation And Amortization In Income Statement": NaN,
        "Selling General And Administration": NaN,
        "Selling And Marketing Expense": NaN,
        "General And Administrative Expense": NaN,
        "Other Gand A": NaN,
        "Gross Profit": NaN,
        "Cost Of Revenue": NaN,
        "Total Revenue": NaN,
        "Operating Revenue": NaN
    },
    "2023-12-31": {
        "Tax Effect Of Unusual Items": NaN,
        "Tax Rate For Calcs": NaN,
        "Normalized EBITDA": NaN,
        "Total Unusual Items": NaN,
        "Total Unusual Items Excluding Goodwill": NaN,
        "Net Income From Continuing Operation Net Minority Interest": NaN,
        "Reconciled Depreciation": NaN,
        "Reconciled Cost Of Revenue": NaN,
        "EBITDA": NaN,
        "EBIT": NaN,
        "Net Interest Income": NaN,
        "Interest Expense": NaN,
        "Interest Income": NaN,
        "Normalized Income": NaN,
        "Net Income From Continuing And Discontinued Operation": NaN,
        "Total Expenses": NaN,
        "Rent Expense Supplemental": NaN,
        "Total Operating Income As Reported": NaN,
        "Diluted Average Shares": NaN,
        "Basic Average Shares": NaN,
        "Diluted EPS": NaN,
        "Basic EPS": NaN,
        "Diluted NI Availto Com Stockholders": NaN,
        "Net Income Common Stockholders": NaN,
        "Net Income": NaN,
        "Net Income Including Noncontrolling Interests": NaN,
        "Net Income Continuous Operations": NaN,
        "Tax Provision": NaN,
        "Pretax Income": NaN,
        "Other Income Expense": NaN,
        "Other Non Operating Income Expenses": NaN,
        "Special Income Charges": NaN,
        "Gain On Sale Of Ppe": NaN,
        "Gain On Sale Of Business": -1516000.0,
        "Other Special Charges": NaN,
        "Impairment Of Capital Assets": NaN,
        "Restructuring And Mergern Acquisition": NaN,
        "Net Non Operating Interest Income Expense": NaN,
        "Interest Expense Non Operating": NaN,
        "Interest Income Non Operating": NaN,
        "Operating Income": NaN,
        "Operating Expense": NaN,
        "Other Operating Expenses": NaN,
        "Depreciation Amortization Depletion Income Statement": NaN,
        "Depreciation And Amortization In Income Statement": NaN,
        "Selling General And Administration": NaN,
        "Selling And Marketing Expense": NaN,
        "General And Administrative Expense": NaN,
        "Other Gand A": NaN,
        "Gross Profit": NaN,
        "Cost Of Revenue": NaN,
        "Total Revenue": NaN,
        "Operating Revenue": NaN
    },
    "2024-03-31": {
        "Tax Effect Of Unusual Items": NaN,
        "Tax Rate For Calcs": NaN,
        "Normalized EBITDA": NaN,
        "Total Unusual Items": NaN,
        "Total Unusual Items Excluding Goodwill": NaN,
        "Net Income From Continuing Operation Net Minority Interest": NaN,
        "Reconciled Depreciation": NaN,
        "Reconciled Cost Of Revenue": NaN,
        "EBITDA": NaN,
        "EBIT": NaN,
        "Net Interest Income": NaN,
        "Interest Expense": NaN,
        "Interest Income": 312000.0,
        "Normalized Income": NaN,
        "Net Income From Continuing And Discontinued Operation": NaN,
        "Total Expenses": NaN,
        "Rent Expense Supplemental": NaN,
        "Total Operating Income As Reported": NaN,
        "Diluted Average Shares": NaN,
        "Basic Average Shares": NaN,
        "Diluted EPS": NaN,
        "Basic EPS": NaN,
        "Diluted NI Availto Com Stockholders": NaN,
        "Net Income Common Stockholders": NaN,
        "Net Income": NaN,
        "Net Income Including Noncontrolling Interests": NaN,
        "Net Income Continuous Operations": NaN,
        "Tax Provision": NaN,
        "Pretax Income": NaN,
        "Other Income Expense": NaN,
        "Other Non Operating Income Expenses": -115000.0,
        "Special Income Charges": NaN,
        "Gain On Sale Of Ppe": NaN,
        "Gain On Sale Of Business": -175000.0,
        "Other Special Charges": NaN,
        "Impairment Of Capital Assets": NaN,
        "Restructuring And Mergern Acquisition": NaN,
        "Net Non Operating Interest Income Expense": NaN,
        "Interest Expense Non Operating": NaN,
        "Interest Income Non Operating": 312000.0,
        "Operating Income": NaN,
        "Operating Expense": NaN,
        "Other Operating Expenses": NaN,
        "Depreciation Amortization Depletion Income Statement": NaN,
        "Depreciation And Amortization In Income Statement": NaN,
        "Selling General And Administration": NaN,
        "Selling And Marketing Expense": NaN,
        "General And Administrative Expense": NaN,
        "Other Gand A": NaN,
        "Gross Profit": NaN,
        "Cost Of Revenue": NaN,
        "Total Revenue": NaN,
        "Operating Revenue": NaN
    },
    "2024-06-30": {
        "Tax Effect Of Unusual Items": NaN,
        "Tax Rate For Calcs": NaN,
        "Normalized EBITDA": NaN,
        "Total Unusual Items": NaN,
        "Total Unusual Items Excluding Goodwill": NaN,
        "Net Income From Continuing Operation Net Minority Interest": NaN,
        "Reconciled Depreciation": NaN,
        "Reconciled Cost Of Revenue": NaN,
        "EBITDA": NaN,
        "EBIT": NaN,
        "Net Interest Income": NaN,
        "Interest Expense": NaN,
        "Interest Income": 139000.0,
        "Normalized Income": NaN,
        "Net Income From Continuing And Discontinued Operation": NaN,
        "Total Expenses": NaN,
        "Rent Expense Supplemental": NaN,
        "Total Operating Income As Reported": NaN,
        "Diluted Average Shares": NaN,
        "Basic Average Shares": NaN,
        "Diluted EPS": NaN,
        "Basic EPS": NaN,
        "Diluted NI Availto Com Stockholders": NaN,
        "Net Income Common Stockholders": NaN,
        "Net Income": NaN,
        "Net Income Including Noncontrolling Interests": NaN,
        "Net Income Continuous Operations": NaN,
        "Tax Provision": NaN,
        "Pretax Income": NaN,
        "Other Income Expense": NaN,
        "Other Non Operating Income Expenses": NaN,
        "Special Income Charges": NaN,
        "Gain On Sale Of Ppe": NaN,
        "Gain On Sale Of Business": -423000.0,
        "Other Special Charges": NaN,
        "Impairment Of Capital Assets": 1551000.0,
        "Restructuring And Mergern Acquisition": NaN,
        "Net Non Operating Interest Income Expense": NaN,
        "Interest Expense Non Operating": NaN,
        "Interest Income Non Operating": 139000.0,
        "Operating Income": NaN,
        "Operating Expense": NaN,
        "Other Operating Expenses": NaN,
        "Depreciation Amortization Depletion Income Statement": NaN,
        "Depreciation And Amortization In Income Statement": NaN,
        "Selling General And Administration": NaN,
        "Selling And Marketing Expense": 12040000.0,
        "General And Administrative Expense": NaN,
        "Other Gand A": NaN,
        "Gross Profit": NaN,
        "Cost Of Revenue": NaN,
        "Total Revenue": NaN,
        "Operating Revenue": NaN
    },
    "2024-09-30": {
        "Tax Effect Of Unusual Items": -7912.722673,
        "Tax Rate For Calcs": 0.005165,
        "Normalized EBITDA": 2210000.0,
        "Total Unusual Items": -1532000.0,
        "Total Unusual Items Excluding Goodwill": -1532000.0,
        "Net Income From Continuing Operation Net Minority Interest": -18876000.0,
        "Reconciled Depreciation": 13330000.0,
        "Reconciled Cost Of Revenue": 196623000.0,
        "EBITDA": 678000.0,
        "EBIT": -12652000.0,
        "Net Interest Income": -6097000.0,
        "Interest Expense": 6322000.0,
        "Interest Income": 225000.0,
        "Normalized Income": -17351912.722673,
        "Net Income From Continuing And Discontinued Operation": -18876000.0,
        "Total Expenses": 285983000.0,
        "Rent Expense Supplemental": 23826000.0,
        "Total Operating Income As Reported": -12877000.0,
        "Diluted Average Shares": 15754000.0,
        "Basic Average Shares": 15754000.0,
        "Diluted EPS": -1.2,
        "Basic EPS": -1.2,
        "Diluted NI Availto Com Stockholders": -18876000.0,
        "Net Income Common Stockholders": -18876000.0,
        "Net Income": -18876000.0,
        "Net Income Including Noncontrolling Interests": -18876000.0,
        "Net Income Continuous Operations": -18876000.0,
        "Tax Provision": -98000.0,
        "Pretax Income": -18974000.0,
        "Other Income Expense": -1532000.0,
        "Other Non Operating Income Expenses": NaN,
        "Special Income Charges": -1532000.0,
        "Gain On Sale Of Ppe": -1236000.0,
        "Gain On Sale Of Business": NaN,
        "Other Special Charges": 271000.0,
        "Impairment Of Capital Assets": 3000.0,
        "Restructuring And Mergern Acquisition": 22000.0,
        "Net Non Operating Interest Income Expense": -6097000.0,
        "Interest Expense Non Operating": 6322000.0,
        "Interest Income Non Operating": 225000.0,
        "Operating Income": -11345000.0,
        "Operating Expense": 89360000.0,
        "Other Operating Expenses": 49740000.0,
        "Depreciation Amortization Depletion Income Statement": 13330000.0,
        "Depreciation And Amortization In Income Statement": 13330000.0,
        "Selling General And Administration": 26290000.0,
        "Selling And Marketing Expense": 5467000.0,
        "General And Administrative Expense": 20823000.0,
        "Other Gand A": 20823000.0,
        "Gross Profit": 78015000.0,
        "Cost Of Revenue": 196623000.0,
        "Total Revenue": 274638000.0,
        "Operating Revenue": 273612000.0
    },
    "2024-12-31": {
        "Tax Effect Of Unusual Items": -111345.654847,
        "Tax Rate For Calcs": 0.003338,
        "Normalized EBITDA": 12725000.0,
        "Total Unusual Items": -33361000.0,
        "Total Unusual Items Excluding Goodwill": -33361000.0,
        "Net Income From Continuing Operation Net Minority Interest": -39716000.0,
        "Reconciled Depreciation": 12843000.0,
        "Reconciled Cost Of Revenue": 200214000.0,
        "EBITDA": -20636000.0,
        "EBIT": -33479000.0,
        "Net Interest Income": -6319000.0,
        "Interest Expense": 6370000.0,
        "Interest Income": 51000.0,
        "Normalized Income": -6466345.654847,
        "Net Income From Continuing And Discontinued Operation": -39716000.0,
        "Total Expenses": 285396000.0,
        "Rent Expense Supplemental": 23509000.0,
        "Total Operating Income As Reported": -33530000.0,
        "Diluted Average Shares": 16014000.0,
        "Basic Average Shares": 16014000.0,
        "Diluted EPS": -2.48,
        "Basic EPS": -2.48,
        "Diluted NI Availto Com Stockholders": -39716000.0,
        "Net Income Common Stockholders": -39716000.0,
        "Net Income": -39716000.0,
        "Net Income Including Noncontrolling Interests": -39716000.0,
        "Net Income Continuous Operations": -39716000.0,
        "Tax Provision": -133000.0,
        "Pretax Income": -39849000.0,
        "Other Income Expense": -33361000.0,
        "Other Non Operating Income Expenses": NaN,
        "Special Income Charges": -33361000.0,
        "Gain On Sale Of Ppe": -1176000.0,
        "Gain On Sale Of Business": NaN,
        "Other Special Charges": -10000.0,
        "Impairment Of Capital Assets": 32774000.0,
        "Restructuring And Mergern Acquisition": -579000.0,
        "Net Non Operating Interest Income Expense": -6319000.0,
        "Interest Expense Non Operating": 6370000.0,
        "Interest Income Non Operating": 51000.0,
        "Operating Income": -169000.0,
        "Operating Expense": 85182000.0,
        "Other Operating Expenses": 48228000.0,
        "Depreciation Amortization Depletion Income Statement": 12843000.0,
        "Depreciation And Amortization In Income Statement": 12843000.0,
        "Selling General And Administration": 24111000.0,
        "Selling And Marketing Expense": NaN,
        "General And Administrative Expense": 24111000.0,
        "Other Gand A": 24111000.0,
        "Gross Profit": 85013000.0,
        "Cost Of Revenue": 200214000.0,
        "Total Revenue": 285227000.0,
        "Operating Revenue": 282930000.0
    },
    "2025-03-31": {
        "Tax Effect Of Unusual Items": -141960.0,
        "Tax Rate For Calcs": 0.21,
        "Normalized EBITDA": 25422000.0,
        "Total Unusual Items": -676000.0,
        "Total Unusual Items Excluding Goodwill": -676000.0,
        "Net Income From Continuing Operation Net Minority Interest": 1249000.0,
        "Reconciled Depreciation": 15434000.0,
        "Reconciled Cost Of Revenue": 263283000.0,
        "EBITDA": 24746000.0,
        "EBIT": 9312000.0,
        "Net Interest Income": -7815000.0,
        "Interest Expense": 8066000.0,
        "Interest Income": 251000.0,
        "Normalized Income": 1783040.0,
        "Net Income From Continuing And Discontinued Operation": 1249000.0,
        "Total Expenses": 382614000.0,
        "Rent Expense Supplemental": 32197000.0,
        "Total Operating Income As Reported": 9061000.0,
        "Diluted Average Shares": 18302000.0,
        "Basic Average Shares": 17546000.0,
        "Diluted EPS": 0.07,
        "Basic EPS": 0.07,
        "Diluted NI Availto Com Stockholders": 1249000.0,
        "Net Income Common Stockholders": 1249000.0,
        "Net Income": 1249000.0,
        "Net Income Including Noncontrolling Interests": 1249000.0,
        "Net Income Continuous Operations": 1249000.0,
        "Tax Provision": -3000.0,
        "Pretax Income": 1246000.0,
        "Other Income Expense": -676000.0,
        "Other Non Operating Income Expenses": NaN,
        "Special Income Charges": -676000.0,
        "Gain On Sale Of Ppe": 426000.0,
        "Gain On Sale Of Business": -210000.0,
        "Other Special Charges": 12000.0,
        "Impairment Of Capital Assets": NaN,
        "Restructuring And Mergern Acquisition": 880000.0,
        "Net Non Operating Interest Income Expense": -7815000.0,
        "Interest Expense Non Operating": 8066000.0,
        "Interest Income Non Operating": 251000.0,
        "Operating Income": 9737000.0,
        "Operating Expense": 119331000.0,
        "Other Operating Expenses": 67532000.0,
        "Depreciation Amortization Depletion Income Statement": 15434000.0,
        "Depreciation And Amortization In Income Statement": 15434000.0,
        "Selling General And Administration": 36365000.0,
        "Selling And Marketing Expense": 9376000.0,
        "General And Administrative Expense": 26989000.0,
        "Other Gand A": 26989000.0,
        "Gross Profit": 129068000.0,
        "Cost Of Revenue": 263283000.0,
        "Total Revenue": 392351000.0,
        "Operating Revenue": 390298000.0
    },
    "2025-06-30": {
        "Tax Effect Of Unusual Items": 53760.0,
        "Tax Rate For Calcs": 0.21,
        "Normalized EBITDA": 21138000.0,
        "Total Unusual Items": 256000.0,
        "Total Unusual Items Excluding Goodwill": 256000.0,
        "Net Income From Continuing Operation Net Minority Interest": 3993000.0,
        "Reconciled Depreciation": 11579000.0,
        "Reconciled Cost Of Revenue": 189197000.0,
        "EBITDA": 21394000.0,
        "EBIT": 9815000.0,
        "Net Interest Income": -5919000.0,
        "Interest Expense": 5919000.0,
        "Interest Income": NaN,
        "Normalized Income": 3790760.0,
        "Net Income From Continuing And Discontinued Operation": 3993000.0,
        "Total Expenses": 274144000.0,
        "Rent Expense Supplemental": 24329000.0,
        "Total Operating Income As Reported": 9815000.0,
        "Diluted Average Shares": 18925000.0,
        "Basic Average Shares": 17799000.0,
        "Diluted EPS": 0.21,
        "Basic EPS": 0.22,
        "Diluted NI Availto Com Stockholders": 3993000.0,
        "Net Income Common Stockholders": 3993000.0,
        "Net Income": 3993000.0,
        "Net Income Including Noncontrolling Interests": 3993000.0,
        "Net Income Continuous Operations": 3993000.0,
        "Tax Provision": -97000.0,
        "Pretax Income": 3896000.0,
        "Other Income Expense": 256000.0,
        "Other Non Operating Income Expenses": NaN,
        "Special Income Charges": 256000.0,
        "Gain On Sale Of Ppe": -889000.0,
        "Gain On Sale Of Business": NaN,
        "Other Special Charges": 11000.0,
        "Impairment Of Capital Assets": -1615000.0,
        "Restructuring And Mergern Acquisition": 459000.0,
        "Net Non Operating Interest Income Expense": -5919000.0,
        "Interest Expense Non Operating": 5919000.0,
        "Interest Income Non Operating": NaN,
        "Operating Income": 9559000.0,
        "Operating Expense": 84947000.0,
        "Other Operating Expenses": 49600000.0,
        "Depreciation Amortization Depletion Income Statement": 11579000.0,
        "Depreciation And Amortization In Income Statement": 11579000.0,
        "Selling General And Administration": 23768000.0,
        "Selling And Marketing Expense": 6350000.0,
        "General And Administrative Expense": 17418000.0,
        "Other Gand A": 17418000.0,
        "Gross Profit": 94506000.0,
        "Cost Of Revenue": 189197000.0,
        "Total Revenue": 283703000.0,
        "Operating Revenue": 282491000.0
    },
    "2025-09-30": {
        "Tax Effect Of Unusual Items": -1349460.0,
        "Tax Rate For Calcs": 0.21,
        "Normalized EBITDA": 6332000.0,
        "Total Unusual Items": -6426000.0,
        "Total Unusual Items Excluding Goodwill": -6426000.0,
        "Net Income From Continuing Operation Net Minority Interest": -18419000.0,
        "Reconciled Depreciation": 12018000.0,
        "Reconciled Cost Of Revenue": 185928000.0,
        "EBITDA": -94000.0,
        "EBIT": -12113000.0,
        "Net Interest Income": -6033000.0,
        "Interest Expense": 6033000.0,
        "Interest Income": NaN,
        "Normalized Income": -13342460.0,
        "Net Income From Continuing And Discontinued Operation": -18419000.0,
        "Total Expenses": 270815000.0,
        "Rent Expense Supplemental": 23531000.0,
        "Total Operating Income As Reported": -12113000.0,
        "Diluted Average Shares": 17914000.0,
        "Basic Average Shares": 17914000.0,
        "Diluted EPS": -1.03,
        "Basic EPS": -1.03,
        "Diluted NI Availto Com Stockholders": -18419000.0,
        "Net Income Common Stockholders": -18419000.0,
        "Net Income": -18419000.0,
        "Net Income Including Noncontrolling Interests": -18419000.0,
        "Net Income Continuous Operations": -18419000.0,
        "Tax Provision": 273000.0,
        "Pretax Income": -18146000.0,
        "Other Income Expense": -6426000.0,
        "Other Non Operating Income Expenses": NaN,
        "Special Income Charges": -6426000.0,
        "Gain On Sale Of Ppe": -1821000.0,
        "Gain On Sale Of Business": NaN,
        "Other Special Charges": 3155000.0,
        "Impairment Of Capital Assets": 911000.0,
        "Restructuring And Mergern Acquisition": 539000.0,
        "Net Non Operating Interest Income Expense": -6033000.0,
        "Interest Expense Non Operating": 6033000.0,
        "Interest Income Non Operating": NaN,
        "Operating Income": -5687000.0,
        "Operating Expense": 84888000.0,
        "Other Operating Expenses": 49160000.0,
        "Depreciation Amortization Depletion Income Statement": 12019000.0,
        "Depreciation And Amortization In Income Statement": 12019000.0,
        "Selling General And Administration": 23709000.0,
        "Selling And Marketing Expense": 6797000.0,
        "General And Administrative Expense": 16912000.0,
        "Other Gand A": 16912000.0,
        "Gross Profit": 79201000.0,
        "Cost Of Revenue": 185927000.0,
        "Total Revenue": 265128000.0,
        "Operating Revenue": 264174000.0
    }
}