{
    "2023-03-31": {
        "Tax Effect Of Unusual Items": NaN,
        "Tax Rate For Calcs": NaN,
        "Normalized EBITDA": NaN,
        "Total Unusual Items": NaN,
        "Total Unusual Items Excluding Goodwill": NaN,
        "Net Income From Continuing Operation Net Minority Interest": NaN,
        "Reconciled Depreciation": NaN,
        "Reconciled Cost Of Revenue": NaN,
        "EBITDA": NaN,
        "EBIT": NaN,
        "Net Interest Income": NaN,
        "Interest Expense": NaN,
        "Normalized Income": NaN,
        "Net Income From Continuing And Discontinued Operation": NaN,
        "Total Expenses": NaN,
        "Total Operating Income As Reported": NaN,
        "Diluted Average Shares": NaN,
        "Basic Average Shares": NaN,
        "Diluted EPS": NaN,
        "Basic EPS": NaN,
        "Diluted NI Availto Com Stockholders": NaN,
        "Average Dilution Earnings": NaN,
        "Net Income Common Stockholders": NaN,
        "Net Income": NaN,
        "Minority Interests": NaN,
        "Net Income Including Noncontrolling Interests": NaN,
        "Net Income Continuous Operations": NaN,
        "Tax Provision": NaN,
        "Pretax Income": NaN,
        "Other Income Expense": NaN,
        "Special Income Charges": NaN,
        "Other Special Charges": NaN,
        "Write Off": 19619000.0,
        "Impairment Of Capital Assets": NaN,
        "Earnings From Equity Interest": NaN,
        "Gain On Sale Of Security": NaN,
        "Net Non Operating Interest Income Expense": NaN,
        "Interest Expense Non Operating": NaN,
        "Operating Income": NaN,
        "Operating Expense": NaN,
        "Depreciation Amortization Depletion Income Statement": NaN,
        "Depreciation And Amortization In Income Statement": NaN,
        "Selling General And Administration": NaN,
        "Gross Profit": NaN,
        "Cost Of Revenue": NaN,
        "Total Revenue": NaN,
        "Operating Revenue": NaN
    },
    "2022-12-31": {
        "Tax Effect Of Unusual Items": NaN,
        "Tax Rate For Calcs": NaN,
        "Normalized EBITDA": NaN,
        "Total Unusual Items": NaN,
        "Total Unusual Items Excluding Goodwill": NaN,
        "Net Income From Continuing Operation Net Minority Interest": NaN,
        "Reconciled Depreciation": NaN,
        "Reconciled Cost Of Revenue": NaN,
        "EBITDA": NaN,
        "EBIT": NaN,
        "Net Interest Income": NaN,
        "Interest Expense": NaN,
        "Normalized Income": NaN,
        "Net Income From Continuing And Discontinued Operation": NaN,
        "Total Expenses": NaN,
        "Total Operating Income As Reported": NaN,
        "Diluted Average Shares": NaN,
        "Basic Average Shares": NaN,
        "Diluted EPS": NaN,
        "Basic EPS": NaN,
        "Diluted NI Availto Com Stockholders": NaN,
        "Average Dilution Earnings": NaN,
        "Net Income Common Stockholders": NaN,
        "Net Income": NaN,
        "Minority Interests": NaN,
        "Net Income Including Noncontrolling Interests": NaN,
        "Net Income Continuous Operations": NaN,
        "Tax Provision": NaN,
        "Pretax Income": NaN,
        "Other Income Expense": NaN,
        "Special Income Charges": NaN,
        "Other Special Charges": NaN,
        "Write Off": NaN,
        "Impairment Of Capital Assets": 0.0,
        "Earnings From Equity Interest": NaN,
        "Gain On Sale Of Security": NaN,
        "Net Non Operating Interest Income Expense": NaN,
        "Interest Expense Non Operating": NaN,
        "Operating Income": NaN,
        "Operating Expense": NaN,
        "Depreciation Amortization Depletion Income Statement": NaN,
        "Depreciation And Amortization In Income Statement": NaN,
        "Selling General And Administration": NaN,
        "Gross Profit": NaN,
        "Cost Of Revenue": NaN,
        "Total Revenue": NaN,
        "Operating Revenue": NaN
    },
    "2022-09-30": {
        "Tax Effect Of Unusual Items": NaN,
        "Tax Rate For Calcs": NaN,
        "Normalized EBITDA": NaN,
        "Total Unusual Items": NaN,
        "Total Unusual Items Excluding Goodwill": NaN,
        "Net Income From Continuing Operation Net Minority Interest": NaN,
        "Reconciled Depreciation": NaN,
        "Reconciled Cost Of Revenue": NaN,
        "EBITDA": NaN,
        "EBIT": NaN,
        "Net Interest Income": NaN,
        "Interest Expense": NaN,
        "Normalized Income": NaN,
        "Net Income From Continuing And Discontinued Operation": NaN,
        "Total Expenses": NaN,
        "Total Operating Income As Reported": NaN,
        "Diluted Average Shares": NaN,
        "Basic Average Shares": NaN,
        "Diluted EPS": NaN,
        "Basic EPS": NaN,
        "Diluted NI Availto Com Stockholders": NaN,
        "Average Dilution Earnings": NaN,
        "Net Income Common Stockholders": NaN,
        "Net Income": NaN,
        "Minority Interests": NaN,
        "Net Income Including Noncontrolling Interests": NaN,
        "Net Income Continuous Operations": NaN,
        "Tax Provision": NaN,
        "Pretax Income": NaN,
        "Other Income Expense": NaN,
        "Special Income Charges": NaN,
        "Other Special Charges": NaN,
        "Write Off": NaN,
        "Impairment Of Capital Assets": 1026000.0,
        "Earnings From Equity Interest": NaN,
        "Net Non Operating Interest Income Expense": NaN,
        "Interest Expense Non Operating": NaN,
        "Operating Income": NaN,
        "Operating Expense": NaN,
        "Depreciation Amortization Depletion Income Statement": NaN,
        "Depreciation And Amortization In Income Statement": NaN,
        "Selling General And Administration": NaN,
        "Gross Profit": NaN,
        "Cost Of Revenue": NaN,
        "Total Revenue": NaN,
        "Operating Revenue": NaN
    },
    "2022-06-30": {
        "Tax Effect Of Unusual Items": -16126363.0,
        "Tax Rate For Calcs": 0.199,
        "Normalized EBITDA": 183390000.0,
        "Total Unusual Items": -81037000.0,
        "Total Unusual Items Excluding Goodwill": -81037000.0,
        "Net Income From Continuing Operation Net Minority Interest": 15748000.0,
        "Reconciled Depreciation": 33097000.0,
        "Reconciled Cost Of Revenue": 149670000.0,
        "EBITDA": 102353000.0,
        "EBIT": 69256000.0,
        "Net Interest Income": -28748000.0,
        "Interest Expense": 28748000.0,
        "Normalized Income": 80658637.0,
        "Net Income From Continuing And Discontinued Operation": 15748000.0,
        "Total Expenses": 272960000.0,
        "Total Operating Income As Reported": 68244000.0,
        "Diluted Average Shares": 61568000.0,
        "Basic Average Shares": 59514000.0,
        "Diluted EPS": 0.26,
        "Basic EPS": 0.26,
        "Diluted NI Availto Com Stockholders": 16012000.0,
        "Average Dilution Earnings": 264000.0,
        "Net Income Common Stockholders": 15748000.0,
        "Net Income": 15748000.0,
        "Minority Interests": -16690000.0,
        "Net Income Including Noncontrolling Interests": 32438000.0,
        "Net Income Continuous Operations": 32438000.0,
        "Tax Provision": 8070000.0,
        "Pretax Income": 40508000.0,
        "Other Income Expense": -80025000.0,
        "Special Income Charges": -81037000.0,
        "Write Off": 81037000.0,
        "Earnings From Equity Interest": 1012000.0,
        "Net Non Operating Interest Income Expense": -28748000.0,
        "Interest Expense Non Operating": 28748000.0,
        "Operating Income": 149281000.0,
        "Operating Expense": 123290000.0,
        "Depreciation Amortization Depletion Income Statement": 33097000.0,
        "Depreciation And Amortization In Income Statement": 33097000.0,
        "Selling General And Administration": 90193000.0,
        "Gross Profit": 272571000.0,
        "Cost Of Revenue": 149670000.0,
        "Total Revenue": 422241000.0,
        "Operating Revenue": 398919000.0
    },
    "2022-03-31": {
        "Diluted EPS": 0.77,
        "Total Revenue": 402,
        "Gross Profit": 261,
        "Operating Income": 131,
        "EBIT": 164,
        "Net Income": 48
    },
    "2021-12-31": {
        "Diluted EPS": 1.71,
        "Total Revenue": 422,
        "Gross Profit": 275,
        "Operating Income": 171,
        "EBIT": 205,
        "Net Income": 149
    },
    "2021-09-30": {
        "Diluted EPS": 0.93,
        "Total Revenue": 415,
        "Gross Profit": 270,
        "Operating Income": 143,
        "EBIT": 177,
        "Net Income": 71
    },
    "2021-06-30": {
        "Diluted EPS": 1.12,
        "Total Revenue": 428,
        "Gross Profit": 288,
        "Operating Income": 167,
        "EBIT": 203,
        "Net Income": 87
    },
    "2021-03-31": {
        "Diluted EPS": -0.92,
        "Total Revenue": 353,
        "Gross Profit": 232,
        "Operating Income": 99,
        "EBIT": 153,
        "Net Income": -65
    },
    "2020-12-31": {
        "Diluted EPS": 0.5,
        "Total Revenue": 343,
        "Gross Profit": 226,
        "Operating Income": 79,
        "EBIT": 136,
        "Net Income": 7
    },
    "2020-09-30": {
        "Diluted EPS": 0.56,
        "Total Revenue": 353,
        "Gross Profit": 239,
        "Operating Income": 101,
        "EBIT": 158,
        "Net Income": 66
    },
    "2020-06-30": {
        "Diluted EPS": -1.01,
        "Total Revenue": 108,
        "Gross Profit": 45,
        "Operating Income": -94,
        "EBIT": -36,
        "Net Income": -72
    },
    "2020-03-31": {
        "Diluted EPS": -2.18,
        "Total Revenue": 377,
        "Gross Profit": 171,
        "Operating Income": 3,
        "EBIT": 61,
        "Net Income": -152
    },
    "2019-12-31": {
        "Diluted EPS": 0.07,
        "Total Revenue": 461,
        "Gross Profit": 232,
        "Operating Income": 60,
        "EBIT": 118,
        "Net Income": 5
    },
    "2019-09-30": {
        "Diluted EPS": -0.22,
        "Total Revenue": 466,
        "Gross Profit": 214,
        "Operating Income": 14,
        "EBIT": 72,
        "Net Income": -16
    },
    "2019-06-30": {
        "Diluted EPS": -0.06,
        "Total Revenue": 483,
        "Gross Profit": 221,
        "Operating Income": 45,
        "EBIT": 101,
        "Net Income": -4
    },
    "2019-03-31": {
        "Diluted EPS": 0.16,
        "Total Revenue": 447,
        "Gross Profit": 240,
        "Operating Income": 66,
        "EBIT": 117,
        "Net Income": 11
    },
    "2018-12-31": {
        "Diluted EPS": 0.1,
        "Total Revenue": 431,
        "Gross Profit": 225,
        "Operating Income": 72,
        "EBIT": 119,
        "Net Income": -15
    },
    "2018-09-30": {
        "Diluted EPS": 0.2,
        "Total Revenue": 412,
        "Gross Profit": 210,
        "Operating Income": 55,
        "EBIT": 99,
        "Net Income": 15
    },
    "2018-06-30": {
        "Diluted EPS": 0.82,
        "Total Revenue": 416,
        "Gross Profit": 219,
        "Operating Income": 138,
        "EBIT": 184,
        "Net Income": 83
    },
    "2018-03-31": {
        "Diluted EPS": 0.65,
        "Total Revenue": 421,
        "Gross Profit": 233,
        "Operating Income": 108,
        "EBIT": 151,
        "Net Income": 75
    },
    "2017-12-31": {
        "Diluted EPS": 0.34,
        "Total Revenue": 400,
        "Gross Profit": 213,
        "Operating Income": 213,
        "EBIT": 256,
        "Net Income": 41
    },
    "2017-09-30": {
        "Diluted EPS": 0.16,
        "Total Revenue": 406,
        "Gross Profit": 217,
        "Operating Income": 58,
        "EBIT": 101,
        "Net Income": NaN
    },
    "2017-06-30": {
        "Diluted EPS": -0.38,
        "Total Revenue": 410,
        "Gross Profit": 219,
        "Operating Income": -31,
        "EBIT": 16,
        "Net Income": -26
    },
    "2017-03-31": {
        "Diluted EPS": 0.3,
        "Total Revenue": 426,
        "Gross Profit": 234,
        "Operating Income": 93,
        "EBIT": 138,
        "Net Income": 20
    },
    "2016-12-31": {
        "Diluted EPS": 0.18,
        "Total Revenue": 395,
        "Gross Profit": 212,
        "Operating Income": 72,
        "EBIT": 115,
        "Net Income": 20
    },
    "2016-09-30": {
        "Diluted EPS": 0.2,
        "Total Revenue": 347,
        "Gross Profit": 194,
        "Operating Income": 73,
        "EBIT": 110,
        "Net Income": 8
    },
    "2016-06-30": {
        "Diluted EPS": 0.01,
        "Total Revenue": 351,
        "Gross Profit": 200,
        "Operating Income": 70,
        "EBIT": 108,
        "Net Income": 0
    },
    "2016-03-31": {
        "Diluted EPS": 0.64,
        "Total Revenue": 359,
        "Gross Profit": 211,
        "Operating Income": 94,
        "EBIT": 133,
        "Net Income": 6
    },
    "2015-12-31": {
        "Diluted EPS": 1.03,
        "Total Revenue": 348,
        "Gross Profit": 198,
        "Operating Income": 88,
        "EBIT": 122,
        "Net Income": 72
    },
    "2015-09-30": {
        "Diluted EPS": 0.21,
        "Total Revenue": 324,
        "Gross Profit": 181,
        "Operating Income": 57,
        "EBIT": 90,
        "Net Income": 19
    },
    "2015-06-30": {
        "Diluted EPS": 0.29,
        "Total Revenue": 338,
        "Gross Profit": 192,
        "Operating Income": 66,
        "EBIT": 102,
        "Net Income": 3
    },
    "2015-03-31": {
        "Diluted EPS": 0.0,
        "Total Revenue": 343,
        "Gross Profit": 198,
        "Operating Income": 82,
        "EBIT": 117,
        "Net Income": 44
    },
    "2014-12-31": {
        "Diluted EPS": 0.0,
        "Total Revenue": NaN,
        "Gross Profit": NaN,
        "Operating Income": NaN,
        "EBIT": NaN,
        "Net Income": NaN
    },
    "2013-12-31": {
        "Diluted EPS": 0.0,
        "Total Revenue": NaN,
        "Gross Profit": NaN,
        "Operating Income": NaN,
        "EBIT": NaN,
        "Net Income": NaN
    },
    "2023-06-30": {
        "Tax Effect Of Unusual Items": NaN,
        "Tax Rate For Calcs": NaN,
        "Normalized EBITDA": NaN,
        "Total Unusual Items": NaN,
        "Total Unusual Items Excluding Goodwill": NaN,
        "Net Income From Continuing Operation Net Minority Interest": NaN,
        "Reconciled Depreciation": NaN,
        "Reconciled Cost Of Revenue": NaN,
        "EBITDA": NaN,
        "EBIT": NaN,
        "Net Interest Income": NaN,
        "Interest Expense": NaN,
        "Normalized Income": NaN,
        "Net Income From Continuing And Discontinued Operation": NaN,
        "Total Expenses": NaN,
        "Total Operating Income As Reported": NaN,
        "Diluted Average Shares": NaN,
        "Basic Average Shares": NaN,
        "Diluted EPS": NaN,
        "Basic EPS": NaN,
        "Diluted NI Availto Com Stockholders": NaN,
        "Average Dilution Earnings": NaN,
        "Net Income Common Stockholders": NaN,
        "Net Income": NaN,
        "Minority Interests": NaN,
        "Net Income Including Noncontrolling Interests": NaN,
        "Net Income Continuous Operations": NaN,
        "Tax Provision": NaN,
        "Pretax Income": NaN,
        "Other Income Expense": NaN,
        "Special Income Charges": NaN,
        "Other Special Charges": NaN,
        "Write Off": 10066000.0,
        "Impairment Of Capital Assets": 0.0,
        "Earnings From Equity Interest": NaN,
        "Gain On Sale Of Security": NaN,
        "Net Non Operating Interest Income Expense": NaN,
        "Interest Expense Non Operating": NaN,
        "Operating Income": NaN,
        "Operating Expense": NaN,
        "Depreciation Amortization Depletion Income Statement": NaN,
        "Depreciation And Amortization In Income Statement": NaN,
        "Selling General And Administration": NaN,
        "Gross Profit": NaN,
        "Cost Of Revenue": NaN,
        "Total Revenue": NaN,
        "Operating Revenue": NaN
    },
    "2023-09-30": {
        "Tax Effect Of Unusual Items": NaN,
        "Tax Rate For Calcs": NaN,
        "Normalized EBITDA": NaN,
        "Total Unusual Items": NaN,
        "Total Unusual Items Excluding Goodwill": NaN,
        "Net Income From Continuing Operation Net Minority Interest": NaN,
        "Reconciled Depreciation": NaN,
        "Reconciled Cost Of Revenue": NaN,
        "EBITDA": NaN,
        "EBIT": NaN,
        "Net Interest Income": NaN,
        "Interest Expense": NaN,
        "Normalized Income": NaN,
        "Net Income From Continuing And Discontinued Operation": NaN,
        "Total Expenses": NaN,
        "Total Operating Income As Reported": NaN,
        "Diluted Average Shares": NaN,
        "Basic Average Shares": NaN,
        "Diluted EPS": NaN,
        "Basic EPS": NaN,
        "Diluted NI Availto Com Stockholders": NaN,
        "Average Dilution Earnings": NaN,
        "Net Income Common Stockholders": NaN,
        "Net Income": NaN,
        "Minority Interests": NaN,
        "Net Income Including Noncontrolling Interests": NaN,
        "Net Income Continuous Operations": NaN,
        "Tax Provision": NaN,
        "Pretax Income": NaN,
        "Other Income Expense": NaN,
        "Special Income Charges": NaN,
        "Other Special Charges": NaN,
        "Write Off": 15083000.0,
        "Impairment Of Capital Assets": 0.0,
        "Earnings From Equity Interest": NaN,
        "Gain On Sale Of Security": NaN,
        "Net Non Operating Interest Income Expense": NaN,
        "Interest Expense Non Operating": NaN,
        "Operating Income": NaN,
        "Operating Expense": NaN,
        "Depreciation Amortization Depletion Income Statement": NaN,
        "Depreciation And Amortization In Income Statement": NaN,
        "Selling General And Administration": NaN,
        "Gross Profit": NaN,
        "Cost Of Revenue": NaN,
        "Total Revenue": NaN,
        "Operating Revenue": NaN
    },
    "2023-12-31": {
        "Tax Effect Of Unusual Items": NaN,
        "Tax Rate For Calcs": NaN,
        "Normalized EBITDA": NaN,
        "Total Unusual Items": NaN,
        "Total Unusual Items Excluding Goodwill": NaN,
        "Net Income From Continuing Operation Net Minority Interest": NaN,
        "Reconciled Depreciation": NaN,
        "Reconciled Cost Of Revenue": NaN,
        "EBITDA": NaN,
        "EBIT": NaN,
        "Net Interest Income": NaN,
        "Interest Expense": NaN,
        "Normalized Income": NaN,
        "Net Income From Continuing And Discontinued Operation": NaN,
        "Total Expenses": NaN,
        "Total Operating Income As Reported": NaN,
        "Diluted Average Shares": NaN,
        "Basic Average Shares": NaN,
        "Diluted EPS": NaN,
        "Basic EPS": NaN,
        "Diluted NI Availto Com Stockholders": NaN,
        "Average Dilution Earnings": NaN,
        "Net Income Common Stockholders": NaN,
        "Net Income": NaN,
        "Minority Interests": NaN,
        "Net Income Including Noncontrolling Interests": NaN,
        "Net Income Continuous Operations": NaN,
        "Tax Provision": NaN,
        "Pretax Income": NaN,
        "Other Income Expense": NaN,
        "Other Non Operating Income Expenses": NaN,
        "Special Income Charges": NaN,
        "Other Special Charges": NaN,
        "Write Off": NaN,
        "Impairment Of Capital Assets": 0.0,
        "Earnings From Equity Interest": NaN,
        "Gain On Sale Of Security": NaN,
        "Net Non Operating Interest Income Expense": NaN,
        "Interest Expense Non Operating": NaN,
        "Operating Income": NaN,
        "Operating Expense": NaN,
        "Depreciation Amortization Depletion Income Statement": NaN,
        "Depreciation And Amortization In Income Statement": NaN,
        "Selling General And Administration": NaN,
        "Gross Profit": NaN,
        "Cost Of Revenue": NaN,
        "Total Revenue": NaN,
        "Operating Revenue": NaN
    },
    "2024-03-31": {
        "Tax Effect Of Unusual Items": NaN,
        "Tax Rate For Calcs": NaN,
        "Normalized EBITDA": NaN,
        "Total Unusual Items": NaN,
        "Total Unusual Items Excluding Goodwill": NaN,
        "Net Income From Continuing Operation Net Minority Interest": NaN,
        "Reconciled Depreciation": NaN,
        "Reconciled Cost Of Revenue": NaN,
        "EBITDA": NaN,
        "EBIT": NaN,
        "Net Interest Income": NaN,
        "Interest Expense": NaN,
        "Normalized Income": NaN,
        "Net Income From Continuing And Discontinued Operation": NaN,
        "Total Expenses": NaN,
        "Total Operating Income As Reported": NaN,
        "Diluted Average Shares": NaN,
        "Basic Average Shares": NaN,
        "Diluted EPS": NaN,
        "Basic EPS": NaN,
        "Diluted NI Availto Com Stockholders": NaN,
        "Average Dilution Earnings": 28074000.0,
        "Net Income Common Stockholders": NaN,
        "Net Income": NaN,
        "Minority Interests": NaN,
        "Net Income Including Noncontrolling Interests": NaN,
        "Net Income Continuous Operations": NaN,
        "Tax Provision": NaN,
        "Pretax Income": NaN,
        "Other Income Expense": NaN,
        "Other Non Operating Income Expenses": NaN,
        "Special Income Charges": NaN,
        "Other Special Charges": 14402000.0,
        "Write Off": NaN,
        "Earnings From Equity Interest": NaN,
        "Gain On Sale Of Security": NaN,
        "Net Non Operating Interest Income Expense": NaN,
        "Interest Expense Non Operating": NaN,
        "Operating Income": NaN,
        "Operating Expense": NaN,
        "Depreciation Amortization Depletion Income Statement": NaN,
        "Depreciation And Amortization In Income Statement": NaN,
        "Selling General And Administration": NaN,
        "Gross Profit": NaN,
        "Cost Of Revenue": NaN,
        "Total Revenue": NaN,
        "Operating Revenue": NaN
    },
    "2024-06-30": {
        "Tax Effect Of Unusual Items": NaN,
        "Tax Rate For Calcs": NaN,
        "Normalized EBITDA": NaN,
        "Total Unusual Items": NaN,
        "Total Unusual Items Excluding Goodwill": NaN,
        "Net Income From Continuing Operation Net Minority Interest": NaN,
        "Reconciled Depreciation": NaN,
        "Reconciled Cost Of Revenue": NaN,
        "EBITDA": NaN,
        "EBIT": NaN,
        "Net Interest Income": NaN,
        "Interest Expense": NaN,
        "Normalized Income": NaN,
        "Net Income From Continuing And Discontinued Operation": NaN,
        "Total Expenses": NaN,
        "Total Operating Income As Reported": NaN,
        "Diluted Average Shares": NaN,
        "Basic Average Shares": NaN,
        "Diluted EPS": NaN,
        "Basic EPS": NaN,
        "Diluted NI Availto Com Stockholders": NaN,
        "Average Dilution Earnings": 437000.0,
        "Net Income Common Stockholders": NaN,
        "Net Income": NaN,
        "Minority Interests": NaN,
        "Net Income Including Noncontrolling Interests": NaN,
        "Net Income Continuous Operations": NaN,
        "Tax Provision": NaN,
        "Pretax Income": NaN,
        "Other Income Expense": NaN,
        "Other Non Operating Income Expenses": NaN,
        "Special Income Charges": NaN,
        "Other Special Charges": NaN,
        "Write Off": 2193000.0,
        "Earnings From Equity Interest": NaN,
        "Gain On Sale Of Security": NaN,
        "Net Non Operating Interest Income Expense": NaN,
        "Interest Expense Non Operating": NaN,
        "Operating Income": NaN,
        "Operating Expense": NaN,
        "Depreciation Amortization Depletion Income Statement": NaN,
        "Depreciation And Amortization In Income Statement": NaN,
        "Selling General And Administration": NaN,
        "Gross Profit": NaN,
        "Cost Of Revenue": NaN,
        "Total Revenue": NaN,
        "Operating Revenue": NaN
    },
    "2024-09-30": {
        "Tax Effect Of Unusual Items": -909701.0,
        "Tax Rate For Calcs": 0.127,
        "Normalized EBITDA": 175979000.0,
        "Total Unusual Items": -7163000.0,
        "Total Unusual Items Excluding Goodwill": -7163000.0,
        "Net Income From Continuing Operation Net Minority Interest": 28952000.0,
        "Reconciled Depreciation": 47372000.0,
        "Reconciled Cost Of Revenue": 183545000.0,
        "EBITDA": 168816000.0,
        "EBIT": 121444000.0,
        "Net Interest Income": -57998000.0,
        "Interest Expense": 57998000.0,
        "Normalized Income": 35205299.0,
        "Net Income From Continuing And Discontinued Operation": 28952000.0,
        "Total Expenses": 339958000.0,
        "Total Operating Income As Reported": 130643000.0,
        "Diluted Average Shares": 103686000.0,
        "Basic Average Shares": 59092000.0,
        "Diluted EPS": 0.48,
        "Basic EPS": 0.49,
        "Diluted NI Availto Com Stockholders": 49837000.0,
        "Average Dilution Earnings": 20885000.0,
        "Net Income Common Stockholders": 28952000.0,
        "Net Income": 28952000.0,
        "Minority Interests": -26437000.0,
        "Net Income Including Noncontrolling Interests": 55389000.0,
        "Net Income Continuous Operations": 55389000.0,
        "Tax Provision": 8057000.0,
        "Pretax Income": 63446000.0,
        "Other Income Expense": -6614000.0,
        "Other Non Operating Income Expenses": NaN,
        "Special Income Charges": 2585000.0,
        "Other Special Charges": NaN,
        "Write Off": -2585000.0,
        "Earnings From Equity Interest": 549000.0,
        "Gain On Sale Of Security": -9748000.0,
        "Net Non Operating Interest Income Expense": -57998000.0,
        "Interest Expense Non Operating": 57998000.0,
        "Operating Income": 128058000.0,
        "Operating Expense": 156413000.0,
        "Depreciation Amortization Depletion Income Statement": 47372000.0,
        "Depreciation And Amortization In Income Statement": 47372000.0,
        "Selling General And Administration": 109041000.0,
        "Gross Profit": 284471000.0,
        "Cost Of Revenue": 183545000.0,
        "Total Revenue": 468016000.0,
        "Operating Revenue": 442717000.0
    },
    "2024-12-31": {
        "Tax Effect Of Unusual Items": 843139.568404,
        "Tax Rate For Calcs": 0.109584,
        "Normalized EBITDA": 195159000.0,
        "Total Unusual Items": 7694000.0,
        "Total Unusual Items Excluding Goodwill": 7694000.0,
        "Net Income From Continuing Operation Net Minority Interest": 46588000.0,
        "Reconciled Depreciation": 48164000.0,
        "Reconciled Cost Of Revenue": 193173000.0,
        "EBITDA": 202853000.0,
        "EBIT": 154689000.0,
        "Net Interest Income": -56171000.0,
        "Interest Expense": 56171000.0,
        "Normalized Income": 39737139.568404,
        "Net Income From Continuing And Discontinued Operation": 46588000.0,
        "Total Expenses": 348449000.0,
        "Total Operating Income As Reported": 142290000.0,
        "Diluted Average Shares": 103536000.0,
        "Basic Average Shares": 59136000.0,
        "Diluted EPS": 0.76,
        "Basic EPS": 0.79,
        "Diluted NI Availto Com Stockholders": 79083000.0,
        "Average Dilution Earnings": 32495000.0,
        "Net Income Common Stockholders": 46588000.0,
        "Net Income": 46588000.0,
        "Minority Interests": -41134000.0,
        "Net Income Including Noncontrolling Interests": 87722000.0,
        "Net Income Continuous Operations": 87722000.0,
        "Tax Provision": 10796000.0,
        "Pretax Income": 98518000.0,
        "Other Income Expense": 7443000.0,
        "Other Non Operating Income Expenses": NaN,
        "Special Income Charges": -4251000.0,
        "Other Special Charges": 4800000.0,
        "Write Off": NaN,
        "Earnings From Equity Interest": 454000.0,
        "Gain On Sale Of Security": 11945000.0,
        "Net Non Operating Interest Income Expense": -56171000.0,
        "Interest Expense Non Operating": 56171000.0,
        "Operating Income": 147246000.0,
        "Operating Expense": 155276000.0,
        "Depreciation Amortization Depletion Income Statement": 48164000.0,
        "Depreciation And Amortization In Income Statement": 48164000.0,
        "Selling General And Administration": 107112000.0,
        "Gross Profit": 302522000.0,
        "Cost Of Revenue": 193173000.0,
        "Total Revenue": 495695000.0,
        "Operating Revenue": 470928000.0
    },
    "2025-03-31": {
        "Tax Effect Of Unusual Items": -1203020.0,
        "Tax Rate For Calcs": 0.13,
        "Normalized EBITDA": 207456000.0,
        "Total Unusual Items": -9254000.0,
        "Total Unusual Items Excluding Goodwill": -9254000.0,
        "Net Income From Continuing Operation Net Minority Interest": 44749000.0,
        "Reconciled Depreciation": 48331000.0,
        "Reconciled Cost Of Revenue": 186406000.0,
        "EBITDA": 198202000.0,
        "EBIT": 149871000.0,
        "Net Interest Income": -51110000.0,
        "Interest Expense": 51110000.0,
        "Normalized Income": 52799980.0,
        "Net Income From Continuing And Discontinued Operation": 44749000.0,
        "Total Expenses": 339448000.0,
        "Total Operating Income As Reported": 154353000.0,
        "Diluted Average Shares": 103393000.0,
        "Basic Average Shares": 59203000.0,
        "Diluted EPS": 0.75,
        "Basic EPS": 0.76,
        "Diluted NI Availto Com Stockholders": 77298000.0,
        "Average Dilution Earnings": 32549000.0,
        "Net Income Common Stockholders": 44749000.0,
        "Net Income": 44749000.0,
        "Minority Interests": -41201000.0,
        "Net Income Including Noncontrolling Interests": 85950000.0,
        "Net Income Continuous Operations": 85950000.0,
        "Tax Provision": 12811000.0,
        "Pretax Income": 98761000.0,
        "Other Income Expense": -8542000.0,
        "Other Non Operating Income Expenses": NaN,
        "Special Income Charges": -4060000.0,
        "Other Special Charges": NaN,
        "Write Off": 4060000.0,
        "Earnings From Equity Interest": 712000.0,
        "Gain On Sale Of Security": -5194000.0,
        "Net Non Operating Interest Income Expense": -51110000.0,
        "Interest Expense Non Operating": 51110000.0,
        "Operating Income": 158413000.0,
        "Operating Expense": 153042000.0,
        "Depreciation Amortization Depletion Income Statement": 48331000.0,
        "Depreciation And Amortization In Income Statement": 48331000.0,
        "Selling General And Administration": 104711000.0,
        "Gross Profit": 311455000.0,
        "Cost Of Revenue": 186406000.0,
        "Total Revenue": 497861000.0,
        "Operating Revenue": 472687000.0
    },
    "2025-06-30": {
        "Tax Effect Of Unusual Items": -808320.0,
        "Tax Rate For Calcs": 0.128,
        "Normalized EBITDA": 229112000.0,
        "Total Unusual Items": -6315000.0,
        "Total Unusual Items Excluding Goodwill": -6315000.0,
        "Net Income From Continuing Operation Net Minority Interest": 56404000.0,
        "Reconciled Depreciation": 47988000.0,
        "Reconciled Cost Of Revenue": 194216000.0,
        "EBITDA": 222797000.0,
        "EBIT": 174809000.0,
        "Net Interest Income": -50632000.0,
        "Interest Expense": 50632000.0,
        "Normalized Income": 61910680.0,
        "Net Income From Continuing And Discontinued Operation": 56404000.0,
        "Total Expenses": 354235000.0,
        "Total Operating Income As Reported": 168028000.0,
        "Diluted Average Shares": 102730000.0,
        "Basic Average Shares": 58960000.0,
        "Diluted EPS": 0.95,
        "Basic EPS": 0.96,
        "Diluted NI Availto Com Stockholders": 56404000.0,
        "Average Dilution Earnings": NaN,
        "Net Income Common Stockholders": 56404000.0,
        "Net Income": 56404000.0,
        "Minority Interests": -51849000.0,
        "Net Income Including Noncontrolling Interests": 108253000.0,
        "Net Income Continuous Operations": 108253000.0,
        "Tax Provision": 15924000.0,
        "Pretax Income": 124177000.0,
        "Other Income Expense": 2771000.0,
        "Other Non Operating Income Expenses": 8476000.0,
        "Special Income Charges": -4010000.0,
        "Other Special Charges": NaN,
        "Write Off": 4010000.0,
        "Earnings From Equity Interest": 610000.0,
        "Gain On Sale Of Security": -2305000.0,
        "Net Non Operating Interest Income Expense": -50632000.0,
        "Interest Expense Non Operating": 50632000.0,
        "Operating Income": 172038000.0,
        "Operating Expense": 160019000.0,
        "Depreciation Amortization Depletion Income Statement": 47988000.0,
        "Depreciation And Amortization In Income Statement": 47988000.0,
        "Selling General And Administration": 112031000.0,
        "Gross Profit": 332057000.0,
        "Cost Of Revenue": 194216000.0,
        "Total Revenue": 526273000.0,
        "Operating Revenue": 500365000.0
    },
    "2025-09-30": {
        "Tax Effect Of Unusual Items": -46610.0,
        "Tax Rate For Calcs": 0.079,
        "Normalized EBITDA": 183551000.0,
        "Total Unusual Items": -590000.0,
        "Total Unusual Items Excluding Goodwill": -590000.0,
        "Net Income From Continuing Operation Net Minority Interest": 42254000.0,
        "Reconciled Depreciation": 48976000.0,
        "Reconciled Cost Of Revenue": 179823000.0,
        "EBITDA": 182961000.0,
        "EBIT": 133985000.0,
        "Net Interest Income": -50486000.0,
        "Interest Expense": 50486000.0,
        "Normalized Income": 42797390.0,
        "Net Income From Continuing And Discontinued Operation": 42254000.0,
        "Total Expenses": 341652000.0,
        "Total Operating Income As Reported": 131484000.0,
        "Diluted Average Shares": 102663000.0,
        "Basic Average Shares": 59019000.0,
        "Diluted EPS": 0.68,
        "Basic EPS": 0.72,
        "Diluted NI Availto Com Stockholders": 42254000.0,
        "Average Dilution Earnings": NaN,
        "Net Income Common Stockholders": 42254000.0,
        "Net Income": 42254000.0,
        "Minority Interests": -34626000.0,
        "Net Income Including Noncontrolling Interests": 76880000.0,
        "Net Income Continuous Operations": 76880000.0,
        "Tax Provision": 6619000.0,
        "Pretax Income": 83499000.0,
        "Other Income Expense": 65000.0,
        "Other Non Operating Income Expenses": NaN,
        "Special Income Charges": -2436000.0,
        "Other Special Charges": NaN,
        "Write Off": 2436000.0,
        "Earnings From Equity Interest": 655000.0,
        "Gain On Sale Of Security": 1846000.0,
        "Net Non Operating Interest Income Expense": -50486000.0,
        "Interest Expense Non Operating": 50486000.0,
        "Operating Income": 133920000.0,
        "Operating Expense": 161829000.0,
        "Depreciation Amortization Depletion Income Statement": 48976000.0,
        "Depreciation And Amortization In Income Statement": 48976000.0,
        "Selling General And Administration": 112853000.0,
        "Gross Profit": 295749000.0,
        "Cost Of Revenue": 179823000.0,
        "Total Revenue": 475572000.0,
        "Operating Revenue": 450475000.0
    }
}