{
    "2023-06-30": {
        "Tax Effect Of Unusual Items": 0.0,
        "Tax Rate For Calcs": 0.244,
        "Normalized EBITDA": 581400000.0,
        "Net Income From Continuing Operation Net Minority Interest": 385100000.0,
        "Reconciled Depreciation": 60800000.0,
        "Reconciled Cost Of Revenue": 2657600000.0,
        "EBITDA": 581400000.0,
        "EBIT": 520600000.0,
        "Net Interest Income": -9700000.0,
        "Interest Expense": 9700000.0,
        "Normalized Income": 385100000.0,
        "Net Income From Continuing And Discontinued Operation": 385100000.0,
        "Total Expenses": 3369000000.0,
        "Total Operating Income As Reported": 511300000.0,
        "Diluted Average Shares": 59346000.0,
        "Basic Average Shares": 58688000.0,
        "Diluted EPS": 6.49,
        "Basic EPS": 6.56,
        "Diluted NI Availto Com Stockholders": 385100000.0,
        "Net Income Common Stockholders": 385100000.0,
        "Net Income": 385100000.0,
        "Minority Interests": -1200000.0,
        "Net Income Including Noncontrolling Interests": 386300000.0,
        "Net Income Continuous Operations": 386300000.0,
        "Tax Provision": 124600000.0,
        "Pretax Income": 510900000.0,
        "Other Income Expense": 9300000.0,
        "Other Non Operating Income Expenses": 9300000.0,
        "Net Non Operating Interest Income Expense": -9700000.0,
        "Interest Expense Non Operating": 9700000.0,
        "Operating Income": 511300000.0,
        "Operating Expense": 711400000.0,
        "Depreciation Amortization Depletion Income Statement": 60800000.0,
        "Depreciation And Amortization In Income Statement": 60800000.0,
        "Selling General And Administration": 650600000.0,
        "Gross Profit": 1222700000.0,
        "Cost Of Revenue": 2657600000.0,
        "Total Revenue": 3880300000.0,
        "Operating Revenue": 3880300000.0
    },
    "2023-03-31": {
        "Tax Effect Of Unusual Items": 0.0,
        "Tax Rate For Calcs": 0.244,
        "Normalized EBITDA": 580500000.0,
        "Net Income From Continuing Operation Net Minority Interest": 383100000.0,
        "Reconciled Depreciation": 61100000.0,
        "Reconciled Cost Of Revenue": 2739300000.0,
        "EBITDA": 580500000.0,
        "EBIT": 519400000.0,
        "Net Interest Income": -10900000.0,
        "Interest Expense": 10900000.0,
        "Normalized Income": 383100000.0,
        "Net Income From Continuing And Discontinued Operation": 383100000.0,
        "Total Expenses": 3451700000.0,
        "Total Operating Income As Reported": 513600000.0,
        "Diluted Average Shares": 59534000.0,
        "Basic Average Shares": 58832000.0,
        "Diluted EPS": 6.43,
        "Basic EPS": 6.51,
        "Diluted NI Availto Com Stockholders": 383100000.0,
        "Net Income Common Stockholders": 383100000.0,
        "Net Income": 383100000.0,
        "Minority Interests": -1300000.0,
        "Net Income Including Noncontrolling Interests": 384400000.0,
        "Net Income Continuous Operations": 384400000.0,
        "Tax Provision": 124100000.0,
        "Pretax Income": 508500000.0,
        "Other Income Expense": 5800000.0,
        "Other Non Operating Income Expenses": 5800000.0,
        "Net Non Operating Interest Income Expense": -10900000.0,
        "Interest Expense Non Operating": 10900000.0,
        "Operating Income": 513600000.0,
        "Operating Expense": 712400000.0,
        "Depreciation Amortization Depletion Income Statement": 61100000.0,
        "Depreciation And Amortization In Income Statement": 61100000.0,
        "Selling General And Administration": 651300000.0,
        "Gross Profit": 1226000000.0,
        "Cost Of Revenue": 2739300000.0,
        "Total Revenue": 3965300000.0,
        "Operating Revenue": 3965300000.0
    },
    "2022-12-31": {
        "Tax Effect Of Unusual Items": 0.0,
        "Tax Rate For Calcs": 0.21339,
        "Normalized EBITDA": 615100000.0,
        "Net Income From Continuing Operation Net Minority Interest": 350500000.0,
        "Reconciled Depreciation": 61400000.0,
        "Reconciled Cost Of Revenue": 2481000000.0,
        "EBITDA": 615100000.0,
        "EBIT": 553700000.0,
        "Net Interest Income": -97800000.0,
        "Interest Expense": 107100000.0,
        "Normalized Income": 350500000.0,
        "Net Income From Continuing And Discontinued Operation": 350500000.0,
        "Total Expenses": 3171700000.0,
        "Total Operating Income As Reported": 454800000.0,
        "Diluted Average Shares": 59657000.0,
        "Basic Average Shares": 58732000.0,
        "Diluted EPS": 5.88,
        "Basic EPS": 5.97,
        "Diluted NI Availto Com Stockholders": 350500000.0,
        "Net Income Common Stockholders": 350500000.0,
        "Net Income": 350500000.0,
        "Minority Interests": -800000.0,
        "Net Income Including Noncontrolling Interests": 351300000.0,
        "Net Income Continuous Operations": 351300000.0,
        "Tax Provision": 95300000.0,
        "Pretax Income": 446600000.0,
        "Other Income Expense": 105300000.0,
        "Other Non Operating Income Expenses": 26300000.0,
        "Net Non Operating Interest Income Expense": -97800000.0,
        "Interest Expense Non Operating": 107100000.0,
        "Operating Income": 439100000.0,
        "Operating Expense": 690700000.0,
        "Depreciation Amortization Depletion Income Statement": 61400000.0,
        "Depreciation And Amortization In Income Statement": 61400000.0,
        "Selling General And Administration": 629300000.0,
        "Gross Profit": 1129800000.0,
        "Cost Of Revenue": 2481000000.0,
        "Total Revenue": 3610800000.0,
        "Operating Revenue": 3610800000.0
    },
    "2022-09-30": {
        "Tax Effect Of Unusual Items": 0.0,
        "Tax Rate For Calcs": 0.247328,
        "Normalized EBITDA": 600000000.0,
        "Total Unusual Items": NaN,
        "Total Unusual Items Excluding Goodwill": NaN,
        "Net Income From Continuing Operation Net Minority Interest": 393500000.0,
        "Reconciled Depreciation": 60400000.0,
        "Reconciled Cost Of Revenue": 3008200000.0,
        "EBITDA": 600000000.0,
        "EBIT": 539600000.0,
        "Net Interest Income": -15600000.0,
        "Interest Expense": 15600000.0,
        "Normalized Income": 393500000.0,
        "Net Income From Continuing And Discontinued Operation": 393500000.0,
        "Total Expenses": 3698700000.0,
        "Total Operating Income As Reported": 548500000.0,
        "Diluted Average Shares": 60984000.0,
        "Basic Average Shares": 60055000.0,
        "Diluted EPS": 6.45,
        "Basic EPS": 6.55,
        "Diluted NI Availto Com Stockholders": 393500000.0,
        "Net Income Common Stockholders": 393500000.0,
        "Net Income": 393500000.0,
        "Minority Interests": -900000.0,
        "Net Income Including Noncontrolling Interests": 394400000.0,
        "Net Income Continuous Operations": 394400000.0,
        "Tax Provision": 129600000.0,
        "Pretax Income": 524000000.0,
        "Other Income Expense": -8900000.0,
        "Other Non Operating Income Expenses": -8900000.0,
        "Special Income Charges": NaN,
        "Impairment Of Capital Assets": NaN,
        "Net Non Operating Interest Income Expense": -15600000.0,
        "Interest Expense Non Operating": 15600000.0,
        "Operating Income": 548500000.0,
        "Operating Expense": 690500000.0,
        "Depreciation Amortization Depletion Income Statement": 60400000.0,
        "Depreciation And Amortization In Income Statement": 60400000.0,
        "Selling General And Administration": 630100000.0,
        "Gross Profit": 1239000000.0,
        "Cost Of Revenue": 3008200000.0,
        "Total Revenue": 4247200000.0,
        "Operating Revenue": 4247200000.0
    },
    "2022-06-30": {
        "Tax Effect Of Unusual Items": 0.0,
        "Tax Rate For Calcs": 0.247443,
        "Normalized EBITDA": 837500000.0,
        "Total Unusual Items": NaN,
        "Total Unusual Items Excluding Goodwill": NaN,
        "Net Income From Continuing Operation Net Minority Interest": 572800000.0,
        "Reconciled Depreciation": 59300000.0,
        "Reconciled Cost Of Revenue": 3185800000.0,
        "EBITDA": 837500000.0,
        "EBIT": 778200000.0,
        "Net Interest Income": -15600000.0,
        "Interest Expense": 15600000.0,
        "Normalized Income": 572800000.0,
        "Net Income From Continuing And Discontinued Operation": 572800000.0,
        "Total Expenses": 3893700000.0,
        "Total Operating Income As Reported": 787500000.0,
        "Diluted Average Shares": 62594000.0,
        "Basic Average Shares": 61657000.0,
        "Diluted EPS": 9.15,
        "Basic EPS": 9.29,
        "Diluted NI Availto Com Stockholders": 572800000.0,
        "Net Income Common Stockholders": 572800000.0,
        "Net Income": 572800000.0,
        "Minority Interests": -1100000.0,
        "Net Income Including Noncontrolling Interests": 573900000.0,
        "Net Income Continuous Operations": 573900000.0,
        "Tax Provision": 188700000.0,
        "Pretax Income": 762600000.0,
        "Other Income Expense": -9300000.0,
        "Other Non Operating Income Expenses": -9300000.0,
        "Special Income Charges": NaN,
        "Impairment Of Capital Assets": NaN,
        "Net Non Operating Interest Income Expense": -15600000.0,
        "Interest Expense Non Operating": 15600000.0,
        "Operating Income": 787500000.0,
        "Operating Expense": 707900000.0,
        "Depreciation Amortization Depletion Income Statement": 59300000.0,
        "Depreciation And Amortization In Income Statement": 59300000.0,
        "Selling General And Administration": 648600000.0,
        "Gross Profit": 1495400000.0,
        "Cost Of Revenue": 3185800000.0,
        "Total Revenue": 4681200000.0,
        "Operating Revenue": 4681200000.0
    },
    "2023-09-30": {
        "Tax Effect Of Unusual Items": NaN,
        "Tax Rate For Calcs": NaN,
        "Normalized EBITDA": NaN,
        "Net Income From Continuing Operation Net Minority Interest": NaN,
        "Reconciled Depreciation": NaN,
        "Reconciled Cost Of Revenue": NaN,
        "EBITDA": NaN,
        "EBIT": NaN,
        "Net Interest Income": NaN,
        "Interest Expense": NaN,
        "Normalized Income": NaN,
        "Net Income From Continuing And Discontinued Operation": NaN,
        "Total Expenses": NaN,
        "Total Operating Income As Reported": NaN,
        "Diluted Average Shares": 59124000.0,
        "Basic Average Shares": 58427000.0,
        "Diluted EPS": 4.99,
        "Basic EPS": 5.05,
        "Diluted NI Availto Com Stockholders": NaN,
        "Net Income Common Stockholders": NaN,
        "Net Income": NaN,
        "Minority Interests": NaN,
        "Net Income Including Noncontrolling Interests": NaN,
        "Net Income Continuous Operations": NaN,
        "Tax Provision": NaN,
        "Pretax Income": NaN,
        "Other Income Expense": NaN,
        "Other Non Operating Income Expenses": NaN,
        "Net Non Operating Interest Income Expense": NaN,
        "Interest Expense Non Operating": NaN,
        "Operating Income": NaN,
        "Operating Expense": NaN,
        "Depreciation Amortization Depletion Income Statement": NaN,
        "Depreciation And Amortization In Income Statement": NaN,
        "Selling General And Administration": NaN,
        "Gross Profit": NaN,
        "Cost Of Revenue": NaN,
        "Total Revenue": NaN,
        "Operating Revenue": NaN
    },
    "2023-12-31": {
        "Tax Effect Of Unusual Items": 0.0,
        "Tax Rate For Calcs": 0.179718,
        "Normalized EBITDA": 504400000.0,
        "Net Income From Continuing Operation Net Minority Interest": 272700000.0,
        "Reconciled Depreciation": 62900000.0,
        "Reconciled Cost Of Revenue": 2315700000.0,
        "EBITDA": 504400000.0,
        "EBIT": 441500000.0,
        "Net Interest Income": -73000000.0,
        "Interest Expense": 108200000.0,
        "Normalized Income": 272700000.0,
        "Net Income From Continuing And Discontinued Operation": 272700000.0,
        "Total Expenses": 3029100000.0,
        "Total Operating Income As Reported": 325100000.0,
        "Diluted Average Shares": 58071000.0,
        "Basic Average Shares": 57381000.0,
        "Diluted EPS": 4.7,
        "Basic EPS": 4.75,
        "Diluted NI Availto Com Stockholders": 272700000.0,
        "Net Income Common Stockholders": 272700000.0,
        "Net Income": 272700000.0,
        "Minority Interests": -700000.0,
        "Net Income Including Noncontrolling Interests": 273400000.0,
        "Net Income Continuous Operations": 273400000.0,
        "Tax Provision": 59900000.0,
        "Pretax Income": 333300000.0,
        "Other Income Expense": 98100000.0,
        "Other Non Operating Income Expenses": 1900000.0,
        "Net Non Operating Interest Income Expense": -73000000.0,
        "Interest Expense Non Operating": 108200000.0,
        "Operating Income": 308200000.0,
        "Operating Expense": 713400000.0,
        "Depreciation Amortization Depletion Income Statement": 62900000.0,
        "Depreciation And Amortization In Income Statement": 62900000.0,
        "Selling General And Administration": 650500000.0,
        "Gross Profit": 1021600000.0,
        "Cost Of Revenue": 2315700000.0,
        "Total Revenue": 3337300000.0,
        "Operating Revenue": 3337300000.0
    },
    "2024-03-31": {
        "Tax Effect Of Unusual Items": 0.0,
        "Tax Rate For Calcs": 0.233,
        "Normalized EBITDA": 469500000.0,
        "Net Income From Continuing Operation Net Minority Interest": 302900000.0,
        "Reconciled Depreciation": 63600000.0,
        "Reconciled Cost Of Revenue": 2516600000.0,
        "EBITDA": 469500000.0,
        "EBIT": 405900000.0,
        "Net Interest Income": -9700000.0,
        "Interest Expense": 9700000.0,
        "Normalized Income": 302900000.0,
        "Net Income From Continuing And Discontinued Operation": 302900000.0,
        "Total Expenses": 3251700000.0,
        "Total Operating Income As Reported": 393100000.0,
        "Diluted Average Shares": 57882000.0,
        "Basic Average Shares": 57340000.0,
        "Diluted EPS": 5.23,
        "Basic EPS": 5.28,
        "Diluted NI Availto Com Stockholders": 302900000.0,
        "Net Income Common Stockholders": 302900000.0,
        "Net Income": 302900000.0,
        "Minority Interests": -900000.0,
        "Net Income Including Noncontrolling Interests": 303800000.0,
        "Net Income Continuous Operations": 303800000.0,
        "Tax Provision": 92400000.0,
        "Pretax Income": 396200000.0,
        "Other Income Expense": 12800000.0,
        "Other Non Operating Income Expenses": 12800000.0,
        "Net Non Operating Interest Income Expense": -9700000.0,
        "Interest Expense Non Operating": 9700000.0,
        "Operating Income": 393100000.0,
        "Operating Expense": 735100000.0,
        "Depreciation Amortization Depletion Income Statement": 63600000.0,
        "Depreciation And Amortization In Income Statement": 63600000.0,
        "Selling General And Administration": 671500000.0,
        "Gross Profit": 1128200000.0,
        "Cost Of Revenue": 2516600000.0,
        "Total Revenue": 3644800000.0,
        "Operating Revenue": 3644800000.0
    },
    "2024-06-30": {
        "Tax Effect Of Unusual Items": 0.0,
        "Tax Rate For Calcs": 0.233,
        "Normalized EBITDA": 426000000.0,
        "Net Income From Continuing Operation Net Minority Interest": 267800000.0,
        "Reconciled Depreciation": 66600000.0,
        "Reconciled Cost Of Revenue": 2557300000.0,
        "EBITDA": 426000000.0,
        "EBIT": 359400000.0,
        "Net Interest Income": -9700000.0,
        "Interest Expense": 9700000.0,
        "Normalized Income": 267800000.0,
        "Net Income From Continuing And Discontinued Operation": 267800000.0,
        "Total Expenses": 3291600000.0,
        "Total Operating Income As Reported": 351700000.0,
        "Diluted Average Shares": 57394000.0,
        "Basic Average Shares": 56878000.0,
        "Diluted EPS": 4.67,
        "Basic EPS": 4.71,
        "Diluted NI Availto Com Stockholders": 267800000.0,
        "Net Income Common Stockholders": 267800000.0,
        "Net Income": 267800000.0,
        "Minority Interests": -500000.0,
        "Net Income Including Noncontrolling Interests": 268300000.0,
        "Net Income Continuous Operations": 268300000.0,
        "Tax Provision": 81400000.0,
        "Pretax Income": 349700000.0,
        "Other Income Expense": 7700000.0,
        "Other Non Operating Income Expenses": 7700000.0,
        "Net Non Operating Interest Income Expense": -9700000.0,
        "Interest Expense Non Operating": 9700000.0,
        "Operating Income": 351700000.0,
        "Operating Expense": 734300000.0,
        "Depreciation Amortization Depletion Income Statement": 66600000.0,
        "Depreciation And Amortization In Income Statement": 66600000.0,
        "Selling General And Administration": 667700000.0,
        "Gross Profit": 1086000000.0,
        "Cost Of Revenue": 2557300000.0,
        "Total Revenue": 3643300000.0,
        "Operating Revenue": 3643300000.0
    },
    "2024-09-30": {
        "Tax Effect Of Unusual Items": 0.0,
        "Tax Rate For Calcs": 0.233,
        "Normalized EBITDA": 339300000.0,
        "Net Income From Continuing Operation Net Minority Interest": 199200000.0,
        "Reconciled Depreciation": 67900000.0,
        "Reconciled Cost Of Revenue": 2414000000.0,
        "EBITDA": 339300000.0,
        "EBIT": 271400000.0,
        "Net Interest Income": -10900000.0,
        "Interest Expense": 10900000.0,
        "Normalized Income": 199200000.0,
        "Net Income From Continuing And Discontinued Operation": 199200000.0,
        "Total Expenses": 3146900000.0,
        "Total Operating Income As Reported": 273400000.0,
        "Diluted Average Shares": 55182000.0,
        "Basic Average Shares": 54691000.0,
        "Diluted EPS": 3.61,
        "Basic EPS": 3.64,
        "Diluted NI Availto Com Stockholders": 199200000.0,
        "Net Income Common Stockholders": 199200000.0,
        "Net Income": 199200000.0,
        "Minority Interests": -700000.0,
        "Net Income Including Noncontrolling Interests": 199900000.0,
        "Net Income Continuous Operations": 199900000.0,
        "Tax Provision": 60600000.0,
        "Pretax Income": 260500000.0,
        "Other Income Expense": -2000000.0,
        "Other Non Operating Income Expenses": -2000000.0,
        "Net Non Operating Interest Income Expense": -10900000.0,
        "Interest Expense Non Operating": 10900000.0,
        "Operating Income": 273400000.0,
        "Operating Expense": 732900000.0,
        "Depreciation Amortization Depletion Income Statement": 67900000.0,
        "Depreciation And Amortization In Income Statement": 67900000.0,
        "Selling General And Administration": 665000000.0,
        "Gross Profit": 1006300000.0,
        "Cost Of Revenue": 2414000000.0,
        "Total Revenue": 3420300000.0,
        "Operating Revenue": 3420300000.0
    },
    "2024-12-31": {
        "Tax Effect Of Unusual Items": 0.0,
        "Tax Rate For Calcs": 0.205993,
        "Normalized EBITDA": 317600000.0,
        "Net Income From Continuing Operation Net Minority Interest": 105300000.0,
        "Reconciled Depreciation": 70600000.0,
        "Reconciled Cost Of Revenue": 2240500000.0,
        "EBITDA": 317600000.0,
        "EBIT": 247000000.0,
        "Net Interest Income": -92800000.0,
        "Interest Expense": 113500000.0,
        "Normalized Income": 105300000.0,
        "Net Income From Continuing And Discontinued Operation": 105300000.0,
        "Total Expenses": 2990700000.0,
        "Total Operating Income As Reported": 141800000.0,
        "Diluted Average Shares": NaN,
        "Basic Average Shares": NaN,
        "Diluted EPS": NaN,
        "Basic EPS": NaN,
        "Diluted NI Availto Com Stockholders": 105300000.0,
        "Net Income Common Stockholders": 105300000.0,
        "Net Income": 105300000.0,
        "Minority Interests": -700000.0,
        "Net Income Including Noncontrolling Interests": 106000000.0,
        "Net Income Continuous Operations": 106000000.0,
        "Tax Provision": 27500000.0,
        "Pretax Income": 133500000.0,
        "Other Income Expense": 90400000.0,
        "Other Non Operating Income Expenses": -1200000.0,
        "Net Non Operating Interest Income Expense": -92800000.0,
        "Interest Expense Non Operating": 113500000.0,
        "Operating Income": 135900000.0,
        "Operating Expense": 750200000.0,
        "Depreciation Amortization Depletion Income Statement": 70600000.0,
        "Depreciation And Amortization In Income Statement": 70600000.0,
        "Selling General And Administration": 679600000.0,
        "Gross Profit": 886100000.0,
        "Cost Of Revenue": 2240500000.0,
        "Total Revenue": 3126600000.0,
        "Operating Revenue": 3126600000.0
    }
}