{
    "2023-03-31": {
        "Tax Effect Of Unusual Items": NaN,
        "Tax Rate For Calcs": NaN,
        "Normalized EBITDA": NaN,
        "Net Income From Continuing Operation Net Minority Interest": NaN,
        "Reconciled Depreciation": NaN,
        "Reconciled Cost Of Revenue": NaN,
        "EBITDA": NaN,
        "EBIT": NaN,
        "Net Interest Income": NaN,
        "Interest Income": 380000.0,
        "Normalized Income": NaN,
        "Net Income From Continuing And Discontinued Operation": NaN,
        "Total Expenses": NaN,
        "Total Operating Income As Reported": NaN,
        "Diluted Average Shares": NaN,
        "Basic Average Shares": NaN,
        "Diluted EPS": NaN,
        "Basic EPS": NaN,
        "Diluted NI Availto Com Stockholders": NaN,
        "Net Income Common Stockholders": NaN,
        "Net Income": NaN,
        "Minority Interests": NaN,
        "Net Income Including Noncontrolling Interests": NaN,
        "Net Income Continuous Operations": NaN,
        "Tax Provision": NaN,
        "Pretax Income": NaN,
        "Net Non Operating Interest Income Expense": NaN,
        "Total Other Finance Cost": -380000.0,
        "Interest Income Non Operating": 380000.0,
        "Operating Income": NaN,
        "Operating Expense": NaN,
        "Depreciation Amortization Depletion Income Statement": NaN,
        "Depreciation And Amortization In Income Statement": NaN,
        "Selling General And Administration": NaN,
        "Selling And Marketing Expense": NaN,
        "General And Administrative Expense": NaN,
        "Other Gand A": NaN,
        "Gross Profit": NaN,
        "Cost Of Revenue": NaN,
        "Total Revenue": NaN,
        "Operating Revenue": NaN
    },
    "2022-12-31": {
        "Tax Effect Of Unusual Items": NaN,
        "Tax Rate For Calcs": NaN,
        "Normalized EBITDA": NaN,
        "Total Unusual Items": 0.0,
        "Total Unusual Items Excluding Goodwill": 0.0,
        "Net Income From Continuing Operation Net Minority Interest": NaN,
        "Reconciled Depreciation": NaN,
        "Reconciled Cost Of Revenue": NaN,
        "EBITDA": NaN,
        "EBIT": NaN,
        "Net Interest Income": NaN,
        "Interest Expense": -91000.0,
        "Interest Income": NaN,
        "Normalized Income": NaN,
        "Net Income From Continuing And Discontinued Operation": NaN,
        "Total Expenses": NaN,
        "Total Operating Income As Reported": NaN,
        "Diluted Average Shares": NaN,
        "Basic Average Shares": NaN,
        "Diluted EPS": NaN,
        "Basic EPS": NaN,
        "Diluted NI Availto Com Stockholders": NaN,
        "Net Income Common Stockholders": NaN,
        "Net Income": NaN,
        "Minority Interests": NaN,
        "Net Income Including Noncontrolling Interests": NaN,
        "Net Income Continuous Operations": NaN,
        "Tax Provision": NaN,
        "Pretax Income": NaN,
        "Special Income Charges": 0.0,
        "Restructuring And Mergern Acquisition": 0.0,
        "Net Non Operating Interest Income Expense": NaN,
        "Total Other Finance Cost": NaN,
        "Interest Expense Non Operating": -91000.0,
        "Interest Income Non Operating": NaN,
        "Operating Income": NaN,
        "Operating Expense": NaN,
        "Depreciation Amortization Depletion Income Statement": NaN,
        "Depreciation And Amortization In Income Statement": NaN,
        "Selling General And Administration": NaN,
        "Selling And Marketing Expense": NaN,
        "General And Administrative Expense": NaN,
        "Other Gand A": NaN,
        "Gross Profit": NaN,
        "Cost Of Revenue": NaN,
        "Total Revenue": NaN,
        "Operating Revenue": NaN
    },
    "2022-09-30": {
        "Tax Effect Of Unusual Items": NaN,
        "Tax Rate For Calcs": NaN,
        "Normalized EBITDA": NaN,
        "Total Unusual Items": 0.0,
        "Total Unusual Items Excluding Goodwill": 0.0,
        "Net Income From Continuing Operation Net Minority Interest": NaN,
        "Reconciled Depreciation": NaN,
        "Reconciled Cost Of Revenue": NaN,
        "EBITDA": NaN,
        "EBIT": NaN,
        "Net Interest Income": NaN,
        "Interest Expense": 219000.0,
        "Interest Income": NaN,
        "Normalized Income": NaN,
        "Net Income From Continuing And Discontinued Operation": NaN,
        "Total Expenses": NaN,
        "Total Operating Income As Reported": NaN,
        "Diluted Average Shares": NaN,
        "Basic Average Shares": NaN,
        "Diluted EPS": NaN,
        "Basic EPS": NaN,
        "Diluted NI Availto Com Stockholders": NaN,
        "Net Income Common Stockholders": NaN,
        "Net Income": NaN,
        "Minority Interests": NaN,
        "Net Income Including Noncontrolling Interests": NaN,
        "Net Income Continuous Operations": NaN,
        "Tax Provision": NaN,
        "Pretax Income": NaN,
        "Special Income Charges": 0.0,
        "Restructuring And Mergern Acquisition": 0.0,
        "Net Non Operating Interest Income Expense": NaN,
        "Total Other Finance Cost": 219000.0,
        "Interest Expense Non Operating": 219000.0,
        "Interest Income Non Operating": NaN,
        "Operating Income": NaN,
        "Operating Expense": NaN,
        "Depreciation Amortization Depletion Income Statement": NaN,
        "Depreciation And Amortization In Income Statement": NaN,
        "Selling General And Administration": NaN,
        "Selling And Marketing Expense": NaN,
        "General And Administrative Expense": NaN,
        "Other Gand A": NaN,
        "Gross Profit": NaN,
        "Cost Of Revenue": NaN,
        "Total Revenue": NaN,
        "Operating Revenue": NaN
    },
    "2022-06-30": {
        "Tax Effect Of Unusual Items": 0.0,
        "Tax Rate For Calcs": 0.4,
        "Normalized EBITDA": -22498000.0,
        "Total Unusual Items": 0.0,
        "Total Unusual Items Excluding Goodwill": 0.0,
        "Net Income From Continuing Operation Net Minority Interest": -8332000.0,
        "Reconciled Depreciation": 3290000.0,
        "Reconciled Cost Of Revenue": 104882000.0,
        "EBITDA": -22498000.0,
        "EBIT": -25788000.0,
        "Net Interest Income": -223000.0,
        "Interest Expense": 223000.0,
        "Interest Income": NaN,
        "Normalized Income": -8332000.0,
        "Net Income From Continuing And Discontinued Operation": -8332000.0,
        "Total Expenses": 169524000.0,
        "Total Operating Income As Reported": -25788000.0,
        "Diluted Average Shares": 63976146.0,
        "Basic Average Shares": 63976146.0,
        "Diluted EPS": -0.13,
        "Basic EPS": -0.13,
        "Diluted NI Availto Com Stockholders": -8332000.0,
        "Net Income Common Stockholders": -8332000.0,
        "Net Income": -8332000.0,
        "Minority Interests": 20014000.0,
        "Net Income Including Noncontrolling Interests": -28346000.0,
        "Net Income Continuous Operations": -28346000.0,
        "Tax Provision": 2335000.0,
        "Pretax Income": -26011000.0,
        "Special Income Charges": 0.0,
        "Restructuring And Mergern Acquisition": 0.0,
        "Net Non Operating Interest Income Expense": -223000.0,
        "Total Other Finance Cost": NaN,
        "Interest Expense Non Operating": 223000.0,
        "Interest Income Non Operating": NaN,
        "Operating Income": -25788000.0,
        "Operating Expense": 64642000.0,
        "Depreciation Amortization Depletion Income Statement": 3290000.0,
        "Depreciation And Amortization In Income Statement": 3290000.0,
        "Selling General And Administration": 61352000.0,
        "Selling And Marketing Expense": 44742000.0,
        "General And Administrative Expense": 16610000.0,
        "Other Gand A": 16610000.0,
        "Gross Profit": 38854000.0,
        "Cost Of Revenue": 104882000.0,
        "Total Revenue": 143736000.0,
        "Operating Revenue": 143736000.0
    },
    "2022-03-31": {
        "Diluted EPS": -0.24,
        "Total Revenue": 135,
        "Gross Profit": 35,
        "Operating Income": -50,
        "EBIT": -47,
        "Net Income": -15
    },
    "2021-12-31": {
        "Diluted EPS": -0.18,
        "Total Revenue": 131,
        "Gross Profit": 44,
        "Operating Income": -37,
        "EBIT": -35,
        "Net Income": -10
    },
    "2021-09-30": {
        "Diluted EPS": -0.09,
        "Total Revenue": 123,
        "Gross Profit": 42,
        "Operating Income": -18,
        "EBIT": -17,
        "Net Income": -5
    },
    "2021-06-30": {
        "Diluted EPS": -0.06,
        "Total Revenue": 123,
        "Gross Profit": 38,
        "Operating Income": -12,
        "EBIT": -11,
        "Net Income": -4
    },
    "2021-03-31": {
        "Diluted EPS": -0.18,
        "Total Revenue": 112,
        "Gross Profit": 32,
        "Operating Income": -27,
        "EBIT": -27,
        "Net Income": 0
    },
    "2020-12-31": {
        "Diluted EPS": -0.01,
        "Total Revenue": 100,
        "Gross Profit": 28,
        "Operating Income": -43,
        "EBIT": -43,
        "Net Income": -1
    },
    "2020-09-30": {
        "Diluted EPS": 0.0,
        "Total Revenue": 78,
        "Gross Profit": 31,
        "Operating Income": -26,
        "EBIT": -26,
        "Net Income": -26
    },
    "2020-06-30": {
        "Diluted EPS": 0.0,
        "Total Revenue": 65,
        "Gross Profit": 16,
        "Operating Income": -51,
        "EBIT": -50,
        "Net Income": -51
    },
    "2020-03-31": {
        "Diluted EPS": 0.0,
        "Total Revenue": 35,
        "Gross Profit": 13,
        "Operating Income": -13,
        "EBIT": -12,
        "Net Income": -13
    },
    "2019-12-31": {
        "Diluted EPS": 0.0,
        "Total Revenue": NaN,
        "Gross Profit": NaN,
        "Operating Income": NaN,
        "EBIT": NaN,
        "Net Income": NaN
    },
    "2023-06-30": {
        "Tax Effect Of Unusual Items": NaN,
        "Tax Rate For Calcs": NaN,
        "Normalized EBITDA": NaN,
        "Net Income From Continuing Operation Net Minority Interest": NaN,
        "Reconciled Depreciation": NaN,
        "Reconciled Cost Of Revenue": NaN,
        "EBITDA": NaN,
        "EBIT": NaN,
        "Net Interest Income": NaN,
        "Interest Income": NaN,
        "Normalized Income": NaN,
        "Net Income From Continuing And Discontinued Operation": NaN,
        "Total Expenses": NaN,
        "Total Operating Income As Reported": NaN,
        "Diluted Average Shares": NaN,
        "Basic Average Shares": NaN,
        "Diluted EPS": NaN,
        "Basic EPS": NaN,
        "Diluted NI Availto Com Stockholders": NaN,
        "Net Income Common Stockholders": NaN,
        "Net Income": NaN,
        "Minority Interests": NaN,
        "Net Income Including Noncontrolling Interests": NaN,
        "Net Income Continuous Operations": NaN,
        "Tax Provision": NaN,
        "Pretax Income": NaN,
        "Net Non Operating Interest Income Expense": NaN,
        "Total Other Finance Cost": -288000.0,
        "Interest Income Non Operating": NaN,
        "Operating Income": NaN,
        "Operating Expense": NaN,
        "Depreciation Amortization Depletion Income Statement": NaN,
        "Depreciation And Amortization In Income Statement": NaN,
        "Selling General And Administration": NaN,
        "Selling And Marketing Expense": NaN,
        "General And Administrative Expense": NaN,
        "Other Gand A": NaN,
        "Gross Profit": NaN,
        "Cost Of Revenue": NaN,
        "Total Revenue": NaN,
        "Operating Revenue": NaN
    },
    "2023-09-30": {
        "Tax Effect Of Unusual Items": NaN,
        "Tax Rate For Calcs": NaN,
        "Normalized EBITDA": NaN,
        "Net Income From Continuing Operation Net Minority Interest": NaN,
        "Reconciled Depreciation": NaN,
        "Reconciled Cost Of Revenue": NaN,
        "EBITDA": NaN,
        "EBIT": NaN,
        "Net Interest Income": NaN,
        "Interest Income": 762000.0,
        "Normalized Income": NaN,
        "Net Income From Continuing And Discontinued Operation": NaN,
        "Total Expenses": NaN,
        "Total Operating Income As Reported": NaN,
        "Diluted Average Shares": NaN,
        "Basic Average Shares": NaN,
        "Diluted EPS": NaN,
        "Basic EPS": NaN,
        "Diluted NI Availto Com Stockholders": NaN,
        "Average Dilution Earnings": NaN,
        "Net Income Common Stockholders": NaN,
        "Net Income": NaN,
        "Minority Interests": NaN,
        "Net Income Including Noncontrolling Interests": NaN,
        "Net Income Continuous Operations": NaN,
        "Tax Provision": NaN,
        "Pretax Income": NaN,
        "Net Non Operating Interest Income Expense": NaN,
        "Total Other Finance Cost": -762000.0,
        "Interest Income Non Operating": 762000.0,
        "Operating Income": NaN,
        "Operating Expense": NaN,
        "Depreciation Amortization Depletion Income Statement": NaN,
        "Depreciation And Amortization In Income Statement": NaN,
        "Selling General And Administration": NaN,
        "Selling And Marketing Expense": NaN,
        "General And Administrative Expense": NaN,
        "Other Gand A": NaN,
        "Gross Profit": NaN,
        "Cost Of Revenue": NaN,
        "Total Revenue": NaN,
        "Operating Revenue": NaN
    },
    "2023-12-31": {
        "Tax Effect Of Unusual Items": NaN,
        "Tax Rate For Calcs": NaN,
        "Normalized EBITDA": NaN,
        "Net Income From Continuing Operation Net Minority Interest": NaN,
        "Reconciled Depreciation": NaN,
        "Reconciled Cost Of Revenue": NaN,
        "EBITDA": NaN,
        "EBIT": NaN,
        "Net Interest Income": NaN,
        "Interest Income": NaN,
        "Normalized Income": NaN,
        "Net Income From Continuing And Discontinued Operation": NaN,
        "Total Expenses": NaN,
        "Total Operating Income As Reported": NaN,
        "Diluted Average Shares": NaN,
        "Basic Average Shares": NaN,
        "Diluted EPS": NaN,
        "Basic EPS": NaN,
        "Diluted NI Availto Com Stockholders": NaN,
        "Average Dilution Earnings": NaN,
        "Net Income Common Stockholders": NaN,
        "Net Income": NaN,
        "Minority Interests": NaN,
        "Net Income Including Noncontrolling Interests": NaN,
        "Net Income Continuous Operations": NaN,
        "Tax Provision": NaN,
        "Pretax Income": NaN,
        "Net Non Operating Interest Income Expense": NaN,
        "Total Other Finance Cost": -1335000.0,
        "Interest Income Non Operating": NaN,
        "Operating Income": NaN,
        "Operating Expense": NaN,
        "Depreciation Amortization Depletion Income Statement": NaN,
        "Depreciation And Amortization In Income Statement": NaN,
        "Selling General And Administration": NaN,
        "Selling And Marketing Expense": NaN,
        "General And Administrative Expense": NaN,
        "Other Gand A": NaN,
        "Gross Profit": NaN,
        "Cost Of Revenue": NaN,
        "Total Revenue": NaN,
        "Operating Revenue": NaN
    },
    "2024-03-31": {
        "Tax Effect Of Unusual Items": 0.0,
        "Tax Rate For Calcs": 0.21,
        "Normalized EBITDA": 8633000.0,
        "Net Income From Continuing Operation Net Minority Interest": -727000.0,
        "Reconciled Depreciation": 7101000.0,
        "Reconciled Cost Of Revenue": 144523000.0,
        "EBITDA": 8633000.0,
        "EBIT": 1532000.0,
        "Net Interest Income": 1559000.0,
        "Interest Income": 1559000.0,
        "Normalized Income": -727000.0,
        "Net Income From Continuing And Discontinued Operation": -727000.0,
        "Total Expenses": 215896000.0,
        "Total Operating Income As Reported": 1532000.0,
        "Diluted Average Shares": 76027427.0,
        "Basic Average Shares": 76027427.0,
        "Diluted EPS": -0.01,
        "Basic EPS": -0.01,
        "Diluted NI Availto Com Stockholders": -727000.0,
        "Average Dilution Earnings": NaN,
        "Net Income Common Stockholders": -727000.0,
        "Net Income": -727000.0,
        "Minority Interests": 1482000.0,
        "Net Income Including Noncontrolling Interests": -2209000.0,
        "Net Income Continuous Operations": -2209000.0,
        "Tax Provision": 5300000.0,
        "Pretax Income": 3091000.0,
        "Net Non Operating Interest Income Expense": 1559000.0,
        "Total Other Finance Cost": NaN,
        "Interest Income Non Operating": 1559000.0,
        "Operating Income": 1532000.0,
        "Operating Expense": 71373000.0,
        "Depreciation Amortization Depletion Income Statement": 7101000.0,
        "Depreciation And Amortization In Income Statement": 7101000.0,
        "Selling General And Administration": 64272000.0,
        "Selling And Marketing Expense": 38404000.0,
        "General And Administrative Expense": 25868000.0,
        "Other Gand A": 25868000.0,
        "Gross Profit": 72905000.0,
        "Cost Of Revenue": 144523000.0,
        "Total Revenue": 217428000.0,
        "Operating Revenue": 217428000.0
    },
    "2024-06-30": {
        "Tax Effect Of Unusual Items": 0.0,
        "Tax Rate For Calcs": 0.21,
        "Normalized EBITDA": 11752000.0,
        "Net Income From Continuing Operation Net Minority Interest": -100000.0,
        "Reconciled Depreciation": 7555000.0,
        "Reconciled Cost Of Revenue": 144477000.0,
        "EBITDA": 11752000.0,
        "EBIT": 4197000.0,
        "Net Interest Income": 1917000.0,
        "Interest Income": NaN,
        "Normalized Income": -100000.0,
        "Net Income From Continuing And Discontinued Operation": -100000.0,
        "Total Expenses": 216182000.0,
        "Total Operating Income As Reported": 4197000.0,
        "Diluted Average Shares": 80049123.0,
        "Basic Average Shares": 80049123.0,
        "Diluted EPS": -0.001249,
        "Basic EPS": -0.001249,
        "Diluted NI Availto Com Stockholders": -100000.0,
        "Average Dilution Earnings": NaN,
        "Net Income Common Stockholders": -100000.0,
        "Net Income": -100000.0,
        "Minority Interests": 182000.0,
        "Net Income Including Noncontrolling Interests": -282000.0,
        "Net Income Continuous Operations": -282000.0,
        "Tax Provision": 6396000.0,
        "Pretax Income": 6114000.0,
        "Net Non Operating Interest Income Expense": 1917000.0,
        "Total Other Finance Cost": -1917000.0,
        "Interest Income Non Operating": NaN,
        "Operating Income": 4197000.0,
        "Operating Expense": 71705000.0,
        "Depreciation Amortization Depletion Income Statement": 7555000.0,
        "Depreciation And Amortization In Income Statement": 7555000.0,
        "Selling General And Administration": 64150000.0,
        "Selling And Marketing Expense": 36944000.0,
        "General And Administrative Expense": 27206000.0,
        "Other Gand A": 27206000.0,
        "Gross Profit": 75902000.0,
        "Cost Of Revenue": 144477000.0,
        "Total Revenue": 220379000.0,
        "Operating Revenue": 220379000.0
    },
    "2024-09-30": {
        "Tax Effect Of Unusual Items": 0.0,
        "Tax Rate For Calcs": 0.21,
        "Normalized EBITDA": 14935000.0,
        "Net Income From Continuing Operation Net Minority Interest": 1190000.0,
        "Reconciled Depreciation": 8471000.0,
        "Reconciled Cost Of Revenue": 151414000.0,
        "EBITDA": 14935000.0,
        "EBIT": 6464000.0,
        "Net Interest Income": 2049000.0,
        "Interest Income": 2049000.0,
        "Normalized Income": 1190000.0,
        "Net Income From Continuing And Discontinued Operation": 1190000.0,
        "Total Expenses": 225645000.0,
        "Total Operating Income As Reported": 6464000.0,
        "Diluted Average Shares": 233118670.0,
        "Basic Average Shares": 82847325.0,
        "Diluted EPS": 0.01,
        "Basic EPS": 0.01,
        "Diluted NI Availto Com Stockholders": 1190000.0,
        "Average Dilution Earnings": NaN,
        "Net Income Common Stockholders": 1190000.0,
        "Net Income": 1190000.0,
        "Minority Interests": -2049000.0,
        "Net Income Including Noncontrolling Interests": 3239000.0,
        "Net Income Continuous Operations": 3239000.0,
        "Tax Provision": 5274000.0,
        "Pretax Income": 8513000.0,
        "Net Non Operating Interest Income Expense": 2049000.0,
        "Total Other Finance Cost": NaN,
        "Interest Income Non Operating": 2049000.0,
        "Operating Income": 6464000.0,
        "Operating Expense": 74231000.0,
        "Depreciation Amortization Depletion Income Statement": 8471000.0,
        "Depreciation And Amortization In Income Statement": 8471000.0,
        "Selling General And Administration": 65760000.0,
        "Selling And Marketing Expense": 39252000.0,
        "General And Administrative Expense": 26508000.0,
        "Other Gand A": 26508000.0,
        "Gross Profit": 80695000.0,
        "Cost Of Revenue": 151414000.0,
        "Total Revenue": 232109000.0,
        "Operating Revenue": 232109000.0
    },
    "2024-12-31": {
        "Tax Effect Of Unusual Items": 0.0,
        "Tax Rate For Calcs": 0.21,
        "Normalized EBITDA": 21192000.0,
        "Net Income From Continuing Operation Net Minority Interest": 2025000.0,
        "Reconciled Depreciation": 9076000.0,
        "Reconciled Cost Of Revenue": 161622000.0,
        "EBITDA": 21192000.0,
        "EBIT": 12116000.0,
        "Net Interest Income": 1968000.0,
        "Interest Income": NaN,
        "Normalized Income": 2025000.0,
        "Net Income From Continuing And Discontinued Operation": 2025000.0,
        "Total Expenses": 242051000.0,
        "Total Operating Income As Reported": 12116000.0,
        "Diluted Average Shares": 96881224.0,
        "Basic Average Shares": 88134342.0,
        "Diluted EPS": 0.02,
        "Basic EPS": 0.02,
        "Diluted NI Availto Com Stockholders": 2025000.0,
        "Average Dilution Earnings": NaN,
        "Net Income Common Stockholders": 2025000.0,
        "Net Income": 2025000.0,
        "Minority Interests": -4463000.0,
        "Net Income Including Noncontrolling Interests": 6488000.0,
        "Net Income Continuous Operations": 6488000.0,
        "Tax Provision": 7596000.0,
        "Pretax Income": 14084000.0,
        "Net Non Operating Interest Income Expense": 1968000.0,
        "Total Other Finance Cost": NaN,
        "Interest Income Non Operating": NaN,
        "Operating Income": 12116000.0,
        "Operating Expense": 80429000.0,
        "Depreciation Amortization Depletion Income Statement": 9076000.0,
        "Depreciation And Amortization In Income Statement": 9076000.0,
        "Selling General And Administration": 71353000.0,
        "Selling And Marketing Expense": 43990000.0,
        "General And Administrative Expense": 27363000.0,
        "Other Gand A": 27363000.0,
        "Gross Profit": 92545000.0,
        "Cost Of Revenue": 161622000.0,
        "Total Revenue": 254167000.0,
        "Operating Revenue": 254167000.0
    },
    "2025-03-31": {
        "Tax Effect Of Unusual Items": 0.0,
        "Tax Rate For Calcs": 0.311194,
        "Normalized EBITDA": 24068000.0,
        "Net Income From Continuing Operation Net Minority Interest": 5319000.0,
        "Reconciled Depreciation": 9491000.0,
        "Reconciled Cost Of Revenue": 170883000.0,
        "EBITDA": 24068000.0,
        "EBIT": 14577000.0,
        "Net Interest Income": 1699000.0,
        "Interest Income": 1699000.0,
        "Normalized Income": 5319000.0,
        "Net Income From Continuing And Discontinued Operation": 5319000.0,
        "Total Expenses": 247830000.0,
        "Total Operating Income As Reported": 14577000.0,
        "Diluted Average Shares": 234292159.0,
        "Basic Average Shares": 93850707.0,
        "Diluted EPS": 0.05,
        "Basic EPS": 0.06,
        "Diluted NI Availto Com Stockholders": 11211000.0,
        "Average Dilution Earnings": 5892000.0,
        "Net Income Common Stockholders": 5319000.0,
        "Net Income": 5319000.0,
        "Minority Interests": -5892000.0,
        "Net Income Including Noncontrolling Interests": 11211000.0,
        "Net Income Continuous Operations": 11211000.0,
        "Tax Provision": 5065000.0,
        "Pretax Income": 16276000.0,
        "Net Non Operating Interest Income Expense": 1699000.0,
        "Total Other Finance Cost": NaN,
        "Interest Income Non Operating": 1699000.0,
        "Operating Income": 14577000.0,
        "Operating Expense": 76947000.0,
        "Depreciation Amortization Depletion Income Statement": 9491000.0,
        "Depreciation And Amortization In Income Statement": 9491000.0,
        "Selling General And Administration": 67456000.0,
        "Selling And Marketing Expense": 42139000.0,
        "General And Administrative Expense": 25317000.0,
        "Other Gand A": 25317000.0,
        "Gross Profit": 91524000.0,
        "Cost Of Revenue": 170883000.0,
        "Total Revenue": 262407000.0,
        "Operating Revenue": 262407000.0
    }
}