{
    "2023-03-31": {
        "Tax Effect Of Unusual Items": NaN,
        "Tax Rate For Calcs": NaN,
        "Normalized EBITDA": NaN,
        "Net Income From Continuing Operation Net Minority Interest": NaN,
        "Reconciled Depreciation": NaN,
        "Reconciled Cost Of Revenue": NaN,
        "EBITDA": NaN,
        "EBIT": NaN,
        "Net Interest Income": NaN,
        "Interest Income": 5447000.0,
        "Normalized Income": NaN,
        "Net Income From Continuing And Discontinued Operation": NaN,
        "Total Expenses": NaN,
        "Total Operating Income As Reported": NaN,
        "Diluted Average Shares": NaN,
        "Basic Average Shares": NaN,
        "Diluted EPS": NaN,
        "Basic EPS": NaN,
        "Diluted NI Availto Com Stockholders": NaN,
        "Net Income Common Stockholders": NaN,
        "Net Income": NaN,
        "Net Income Including Noncontrolling Interests": NaN,
        "Net Income Continuous Operations": NaN,
        "Tax Provision": NaN,
        "Pretax Income": NaN,
        "Other Income Expense": NaN,
        "Other Non Operating Income Expenses": NaN,
        "Net Non Operating Interest Income Expense": NaN,
        "Total Other Finance Cost": -5447000.0,
        "Interest Income Non Operating": 5447000.0,
        "Operating Income": NaN,
        "Operating Expense": NaN,
        "Research And Development": NaN,
        "Selling General And Administration": NaN,
        "Selling And Marketing Expense": NaN,
        "General And Administrative Expense": NaN,
        "Other Gand A": NaN,
        "Gross Profit": NaN,
        "Cost Of Revenue": NaN,
        "Total Revenue": NaN,
        "Operating Revenue": NaN
    },
    "2022-12-31": {
        "Tax Effect Of Unusual Items": NaN,
        "Tax Rate For Calcs": NaN,
        "Normalized EBITDA": NaN,
        "Net Income From Continuing Operation Net Minority Interest": NaN,
        "Reconciled Depreciation": NaN,
        "Reconciled Cost Of Revenue": NaN,
        "EBITDA": NaN,
        "EBIT": NaN,
        "Net Interest Income": NaN,
        "Interest Income": NaN,
        "Normalized Income": NaN,
        "Net Income From Continuing And Discontinued Operation": NaN,
        "Total Expenses": NaN,
        "Total Operating Income As Reported": NaN,
        "Diluted Average Shares": NaN,
        "Basic Average Shares": NaN,
        "Diluted EPS": NaN,
        "Basic EPS": NaN,
        "Diluted NI Availto Com Stockholders": NaN,
        "Net Income Common Stockholders": NaN,
        "Net Income": NaN,
        "Net Income Including Noncontrolling Interests": NaN,
        "Net Income Continuous Operations": NaN,
        "Tax Provision": NaN,
        "Pretax Income": NaN,
        "Other Income Expense": NaN,
        "Other Non Operating Income Expenses": NaN,
        "Net Non Operating Interest Income Expense": NaN,
        "Total Other Finance Cost": -5064000.0,
        "Interest Income Non Operating": NaN,
        "Operating Income": NaN,
        "Operating Expense": NaN,
        "Research And Development": NaN,
        "Selling General And Administration": NaN,
        "Selling And Marketing Expense": NaN,
        "General And Administrative Expense": NaN,
        "Other Gand A": NaN,
        "Gross Profit": NaN,
        "Cost Of Revenue": NaN,
        "Total Revenue": NaN,
        "Operating Revenue": NaN
    },
    "2022-09-30": {
        "Tax Effect Of Unusual Items": NaN,
        "Tax Rate For Calcs": NaN,
        "Normalized EBITDA": NaN,
        "Net Income From Continuing Operation Net Minority Interest": NaN,
        "Reconciled Depreciation": NaN,
        "Reconciled Cost Of Revenue": NaN,
        "EBITDA": NaN,
        "EBIT": NaN,
        "Net Interest Income": NaN,
        "Interest Income": 3123000.0,
        "Normalized Income": NaN,
        "Net Income From Continuing And Discontinued Operation": NaN,
        "Total Expenses": NaN,
        "Total Operating Income As Reported": NaN,
        "Diluted Average Shares": NaN,
        "Basic Average Shares": NaN,
        "Diluted EPS": NaN,
        "Basic EPS": NaN,
        "Diluted NI Availto Com Stockholders": NaN,
        "Net Income Common Stockholders": NaN,
        "Net Income": NaN,
        "Net Income Including Noncontrolling Interests": NaN,
        "Net Income Continuous Operations": NaN,
        "Tax Provision": NaN,
        "Pretax Income": NaN,
        "Other Income Expense": NaN,
        "Other Non Operating Income Expenses": NaN,
        "Net Non Operating Interest Income Expense": NaN,
        "Total Other Finance Cost": -3123000.0,
        "Interest Income Non Operating": 3123000.0,
        "Operating Income": NaN,
        "Operating Expense": NaN,
        "Research And Development": NaN,
        "Selling General And Administration": NaN,
        "Selling And Marketing Expense": NaN,
        "General And Administrative Expense": NaN,
        "Other Gand A": NaN,
        "Gross Profit": NaN,
        "Cost Of Revenue": NaN,
        "Total Revenue": NaN,
        "Operating Revenue": NaN
    },
    "2022-06-30": {
        "Tax Effect Of Unusual Items": 0.0,
        "Tax Rate For Calcs": 0.4,
        "Normalized EBITDA": -31838000.0,
        "Net Income From Continuing Operation Net Minority Interest": -33028000.0,
        "Reconciled Depreciation": 949000.0,
        "Reconciled Cost Of Revenue": 29326000.0,
        "EBITDA": -31838000.0,
        "EBIT": -32787000.0,
        "Net Interest Income": 1319000.0,
        "Interest Income": NaN,
        "Normalized Income": -33028000.0,
        "Net Income From Continuing And Discontinued Operation": -33028000.0,
        "Total Expenses": 92719000.0,
        "Total Operating Income As Reported": -32787000.0,
        "Diluted Average Shares": 166365844.0,
        "Basic Average Shares": 166365844.0,
        "Diluted EPS": -0.2,
        "Basic EPS": -0.2,
        "Diluted NI Availto Com Stockholders": -33028000.0,
        "Net Income Common Stockholders": -33028000.0,
        "Net Income": -33028000.0,
        "Net Income Including Noncontrolling Interests": -33028000.0,
        "Net Income Continuous Operations": -33028000.0,
        "Tax Provision": 1516000.0,
        "Pretax Income": -31512000.0,
        "Other Income Expense": -44000.0,
        "Other Non Operating Income Expenses": -44000.0,
        "Net Non Operating Interest Income Expense": 1319000.0,
        "Total Other Finance Cost": -1319000.0,
        "Interest Income Non Operating": NaN,
        "Operating Income": -32787000.0,
        "Operating Expense": 63393000.0,
        "Research And Development": 17947000.0,
        "Selling General And Administration": 45446000.0,
        "Selling And Marketing Expense": 22892000.0,
        "General And Administrative Expense": 22554000.0,
        "Other Gand A": 22554000.0,
        "Gross Profit": 30606000.0,
        "Cost Of Revenue": 29326000.0,
        "Total Revenue": 59932000.0,
        "Operating Revenue": 59932000.0
    },
    "2022-03-31": {
        "Diluted EPS": -0.2,
        "Total Revenue": 59,
        "Gross Profit": 30,
        "Operating Income": -33,
        "EBIT": -30,
        "Net Income": NaN
    },
    "2021-12-31": {
        "Diluted EPS": 2.91,
        "Total Revenue": 70,
        "Gross Profit": 37,
        "Operating Income": -23,
        "EBIT": -21,
        "Net Income": -23
    },
    "2021-09-30": {
        "Diluted EPS": -0.82,
        "Total Revenue": 53,
        "Gross Profit": 24,
        "Operating Income": -28,
        "EBIT": -26,
        "Net Income": -92
    },
    "2021-06-30": {
        "Diluted EPS": -1.41,
        "Total Revenue": 56,
        "Gross Profit": 33,
        "Operating Income": -2,
        "EBIT": 0,
        "Net Income": -20
    },
    "2021-03-31": {
        "Diluted EPS": -3.02,
        "Total Revenue": 51,
        "Gross Profit": 29,
        "Operating Income": -3,
        "EBIT": -2,
        "Net Income": -44
    },
    "2020-12-31": {
        "Diluted EPS": 0.47,
        "Total Revenue": 57,
        "Gross Profit": 33,
        "Operating Income": 7,
        "EBIT": 9,
        "Net Income": 7
    },
    "2020-09-30": {
        "Diluted EPS": -0.76,
        "Total Revenue": 42,
        "Gross Profit": 22,
        "Operating Income": -3,
        "EBIT": -2,
        "Net Income": -11
    },
    "2020-06-30": {
        "Diluted EPS": -0.52,
        "Total Revenue": 38,
        "Gross Profit": 20,
        "Operating Income": -8,
        "EBIT": -7,
        "Net Income": -7
    },
    "2020-03-31": {
        "Diluted EPS": 0.0,
        "Total Revenue": 33,
        "Gross Profit": 17,
        "Operating Income": -4,
        "EBIT": -3,
        "Net Income": NaN
    },
    "2019-12-31": {
        "Diluted EPS": 0.0,
        "Total Revenue": NaN,
        "Gross Profit": NaN,
        "Operating Income": NaN,
        "EBIT": NaN,
        "Net Income": NaN
    },
    "2023-06-30": {
        "Tax Effect Of Unusual Items": NaN,
        "Tax Rate For Calcs": NaN,
        "Normalized EBITDA": NaN,
        "Net Income From Continuing Operation Net Minority Interest": NaN,
        "Reconciled Depreciation": NaN,
        "Reconciled Cost Of Revenue": NaN,
        "EBITDA": NaN,
        "EBIT": NaN,
        "Net Interest Income": NaN,
        "Interest Income": NaN,
        "Normalized Income": NaN,
        "Net Income From Continuing And Discontinued Operation": NaN,
        "Total Expenses": NaN,
        "Total Operating Income As Reported": NaN,
        "Diluted Average Shares": 175618208.0,
        "Basic Average Shares": 175618208.0,
        "Diluted EPS": -0.1,
        "Basic EPS": -0.1,
        "Diluted NI Availto Com Stockholders": NaN,
        "Net Income Common Stockholders": NaN,
        "Net Income": NaN,
        "Net Income Including Noncontrolling Interests": NaN,
        "Net Income Continuous Operations": NaN,
        "Tax Provision": NaN,
        "Pretax Income": NaN,
        "Other Income Expense": NaN,
        "Other Non Operating Income Expenses": NaN,
        "Net Non Operating Interest Income Expense": NaN,
        "Total Other Finance Cost": -5617000.0,
        "Interest Income Non Operating": NaN,
        "Operating Income": NaN,
        "Operating Expense": NaN,
        "Research And Development": NaN,
        "Selling General And Administration": NaN,
        "Selling And Marketing Expense": NaN,
        "General And Administrative Expense": NaN,
        "Other Gand A": NaN,
        "Gross Profit": NaN,
        "Cost Of Revenue": NaN,
        "Total Revenue": NaN,
        "Operating Revenue": NaN
    },
    "2023-09-30": {
        "Tax Effect Of Unusual Items": NaN,
        "Tax Rate For Calcs": NaN,
        "Normalized EBITDA": NaN,
        "Net Income From Continuing Operation Net Minority Interest": NaN,
        "Reconciled Depreciation": NaN,
        "Reconciled Cost Of Revenue": NaN,
        "EBITDA": NaN,
        "EBIT": NaN,
        "Net Interest Income": NaN,
        "Interest Income": 5717000.0,
        "Normalized Income": NaN,
        "Net Income From Continuing And Discontinued Operation": NaN,
        "Total Expenses": NaN,
        "Total Operating Income As Reported": NaN,
        "Diluted Average Shares": NaN,
        "Basic Average Shares": NaN,
        "Diluted EPS": NaN,
        "Basic EPS": NaN,
        "Diluted NI Availto Com Stockholders": NaN,
        "Net Income Common Stockholders": NaN,
        "Net Income": NaN,
        "Net Income Including Noncontrolling Interests": NaN,
        "Net Income Continuous Operations": NaN,
        "Tax Provision": NaN,
        "Pretax Income": NaN,
        "Other Income Expense": NaN,
        "Other Non Operating Income Expenses": NaN,
        "Net Non Operating Interest Income Expense": NaN,
        "Total Other Finance Cost": NaN,
        "Interest Income Non Operating": 5717000.0,
        "Operating Income": NaN,
        "Operating Expense": NaN,
        "Research And Development": NaN,
        "Selling General And Administration": NaN,
        "Selling And Marketing Expense": NaN,
        "General And Administrative Expense": NaN,
        "Other Gand A": NaN,
        "Gross Profit": NaN,
        "Cost Of Revenue": NaN,
        "Total Revenue": NaN,
        "Operating Revenue": NaN
    },
    "2023-12-31": {
        "Tax Effect Of Unusual Items": 0.0,
        "Tax Rate For Calcs": 0.21,
        "Normalized EBITDA": -5285000.0,
        "Net Income From Continuing Operation Net Minority Interest": -3265000.0,
        "Reconciled Depreciation": 1279000.0,
        "Reconciled Cost Of Revenue": 35550000.0,
        "EBITDA": -5285000.0,
        "EBIT": -6564000.0,
        "Net Interest Income": 5994000.0,
        "Interest Income": NaN,
        "Normalized Income": -3265000.0,
        "Net Income From Continuing And Discontinued Operation": -3265000.0,
        "Total Expenses": 90629000.0,
        "Total Operating Income As Reported": -6564000.0,
        "Diluted Average Shares": NaN,
        "Basic Average Shares": NaN,
        "Diluted EPS": NaN,
        "Basic EPS": NaN,
        "Diluted NI Availto Com Stockholders": -3265000.0,
        "Net Income Common Stockholders": -3265000.0,
        "Net Income": -3265000.0,
        "Net Income Including Noncontrolling Interests": -3265000.0,
        "Net Income Continuous Operations": -3265000.0,
        "Tax Provision": 2477000.0,
        "Pretax Income": -788000.0,
        "Other Income Expense": -218000.0,
        "Other Non Operating Income Expenses": -218000.0,
        "Net Non Operating Interest Income Expense": 5994000.0,
        "Total Other Finance Cost": NaN,
        "Interest Income Non Operating": NaN,
        "Operating Income": -6564000.0,
        "Operating Expense": 55079000.0,
        "Research And Development": 17122000.0,
        "Selling General And Administration": 37957000.0,
        "Selling And Marketing Expense": 21344000.0,
        "General And Administrative Expense": 16613000.0,
        "Other Gand A": 16613000.0,
        "Gross Profit": 48515000.0,
        "Cost Of Revenue": 35550000.0,
        "Total Revenue": 84065000.0,
        "Operating Revenue": 84065000.0
    },
    "2024-03-31": {
        "Tax Effect Of Unusual Items": NaN,
        "Tax Rate For Calcs": NaN,
        "Normalized EBITDA": NaN,
        "Net Income From Continuing Operation Net Minority Interest": NaN,
        "Reconciled Depreciation": NaN,
        "Reconciled Cost Of Revenue": NaN,
        "EBITDA": NaN,
        "EBIT": NaN,
        "Net Interest Income": NaN,
        "Interest Income": NaN,
        "Normalized Income": NaN,
        "Net Income From Continuing And Discontinued Operation": NaN,
        "Total Expenses": NaN,
        "Total Operating Income As Reported": NaN,
        "Diluted Average Shares": NaN,
        "Basic Average Shares": NaN,
        "Diluted EPS": NaN,
        "Basic EPS": NaN,
        "Diluted NI Availto Com Stockholders": NaN,
        "Net Income Common Stockholders": NaN,
        "Net Income": NaN,
        "Net Income Including Noncontrolling Interests": NaN,
        "Net Income Continuous Operations": NaN,
        "Tax Provision": NaN,
        "Pretax Income": NaN,
        "Other Income Expense": NaN,
        "Other Non Operating Income Expenses": NaN,
        "Net Non Operating Interest Income Expense": NaN,
        "Total Other Finance Cost": -5741000.0,
        "Interest Income Non Operating": NaN,
        "Operating Income": NaN,
        "Operating Expense": NaN,
        "Research And Development": NaN,
        "Selling General And Administration": NaN,
        "Selling And Marketing Expense": NaN,
        "General And Administrative Expense": NaN,
        "Other Gand A": NaN,
        "Gross Profit": NaN,
        "Cost Of Revenue": NaN,
        "Total Revenue": NaN,
        "Operating Revenue": NaN
    },
    "2024-06-30": {
        "Tax Effect Of Unusual Items": NaN,
        "Tax Rate For Calcs": NaN,
        "Normalized EBITDA": NaN,
        "Net Income From Continuing Operation Net Minority Interest": NaN,
        "Reconciled Depreciation": NaN,
        "Reconciled Cost Of Revenue": NaN,
        "EBITDA": NaN,
        "EBIT": NaN,
        "Net Interest Income": NaN,
        "Interest Income": NaN,
        "Normalized Income": NaN,
        "Net Income From Continuing And Discontinued Operation": NaN,
        "Total Expenses": NaN,
        "Total Operating Income As Reported": NaN,
        "Diluted Average Shares": NaN,
        "Basic Average Shares": NaN,
        "Diluted EPS": NaN,
        "Basic EPS": NaN,
        "Diluted NI Availto Com Stockholders": NaN,
        "Net Income Common Stockholders": NaN,
        "Net Income": NaN,
        "Net Income Including Noncontrolling Interests": NaN,
        "Net Income Continuous Operations": NaN,
        "Tax Provision": NaN,
        "Pretax Income": NaN,
        "Other Income Expense": NaN,
        "Other Non Operating Income Expenses": NaN,
        "Net Non Operating Interest Income Expense": NaN,
        "Total Other Finance Cost": -5398000.0,
        "Interest Income Non Operating": NaN,
        "Operating Income": NaN,
        "Operating Expense": NaN,
        "Research And Development": NaN,
        "Selling General And Administration": NaN,
        "Selling And Marketing Expense": NaN,
        "General And Administrative Expense": NaN,
        "Other Gand A": NaN,
        "Gross Profit": NaN,
        "Cost Of Revenue": NaN,
        "Total Revenue": NaN,
        "Operating Revenue": NaN
    },
    "2024-09-30": {
        "Tax Effect Of Unusual Items": 0.0,
        "Tax Rate For Calcs": 0.21,
        "Normalized EBITDA": -13141000.0,
        "Net Income From Continuing Operation Net Minority Interest": -9699000.0,
        "Reconciled Depreciation": 1189000.0,
        "Reconciled Cost Of Revenue": 39893000.0,
        "EBITDA": -13141000.0,
        "EBIT": -14330000.0,
        "Net Interest Income": 5050000.0,
        "Interest Income": 5050000.0,
        "Normalized Income": -9699000.0,
        "Net Income From Continuing And Discontinued Operation": -9699000.0,
        "Total Expenses": 93179000.0,
        "Total Operating Income As Reported": -14330000.0,
        "Diluted Average Shares": 168649496.0,
        "Basic Average Shares": 168649496.0,
        "Diluted EPS": -0.06,
        "Basic EPS": -0.06,
        "Diluted NI Availto Com Stockholders": -9699000.0,
        "Net Income Common Stockholders": -9699000.0,
        "Net Income": -9699000.0,
        "Net Income Including Noncontrolling Interests": -9699000.0,
        "Net Income Continuous Operations": -9699000.0,
        "Tax Provision": 639000.0,
        "Pretax Income": -9060000.0,
        "Other Income Expense": 220000.0,
        "Other Non Operating Income Expenses": 220000.0,
        "Net Non Operating Interest Income Expense": 5050000.0,
        "Total Other Finance Cost": NaN,
        "Interest Income Non Operating": 5050000.0,
        "Operating Income": -14330000.0,
        "Operating Expense": 53286000.0,
        "Research And Development": 16671000.0,
        "Selling General And Administration": 36615000.0,
        "Selling And Marketing Expense": 20999000.0,
        "General And Administrative Expense": 15616000.0,
        "Other Gand A": 15616000.0,
        "Gross Profit": 38956000.0,
        "Cost Of Revenue": 39893000.0,
        "Total Revenue": 78849000.0,
        "Operating Revenue": 78849000.0
    },
    "2024-12-31": {
        "Tax Effect Of Unusual Items": 0.0,
        "Tax Rate For Calcs": 0.21,
        "Normalized EBITDA": -2242000.0,
        "Net Income From Continuing Operation Net Minority Interest": -4084000.0,
        "Reconciled Depreciation": 1172000.0,
        "Reconciled Cost Of Revenue": 44668000.0,
        "EBITDA": -2242000.0,
        "EBIT": -3414000.0,
        "Net Interest Income": 3978000.0,
        "Interest Income": NaN,
        "Normalized Income": -4084000.0,
        "Net Income From Continuing And Discontinued Operation": -4084000.0,
        "Total Expenses": 96943000.0,
        "Total Operating Income As Reported": -3414000.0,
        "Diluted Average Shares": 164123620.0,
        "Basic Average Shares": 164123620.0,
        "Diluted EPS": -0.02,
        "Basic EPS": -0.02,
        "Diluted NI Availto Com Stockholders": -4084000.0,
        "Net Income Common Stockholders": -4084000.0,
        "Net Income": -4084000.0,
        "Net Income Including Noncontrolling Interests": -4084000.0,
        "Net Income Continuous Operations": -4084000.0,
        "Tax Provision": 3433000.0,
        "Pretax Income": -651000.0,
        "Other Income Expense": -1215000.0,
        "Other Non Operating Income Expenses": -1215000.0,
        "Net Non Operating Interest Income Expense": 3978000.0,
        "Total Other Finance Cost": NaN,
        "Interest Income Non Operating": NaN,
        "Operating Income": -3414000.0,
        "Operating Expense": 52275000.0,
        "Research And Development": 16543000.0,
        "Selling General And Administration": 35732000.0,
        "Selling And Marketing Expense": 19708000.0,
        "General And Administrative Expense": 16024000.0,
        "Other Gand A": 16024000.0,
        "Gross Profit": 48861000.0,
        "Cost Of Revenue": 44668000.0,
        "Total Revenue": 93529000.0,
        "Operating Revenue": 93529000.0
    },
    "2025-03-31": {
        "Tax Effect Of Unusual Items": 0.0,
        "Tax Rate For Calcs": 0.21,
        "Normalized EBITDA": -16102000.0,
        "Net Income From Continuing Operation Net Minority Interest": -13886000.0,
        "Reconciled Depreciation": 956000.0,
        "Reconciled Cost Of Revenue": 41933000.0,
        "EBITDA": -16102000.0,
        "EBIT": -17058000.0,
        "Net Interest Income": 3725000.0,
        "Interest Income": NaN,
        "Normalized Income": -13886000.0,
        "Net Income From Continuing And Discontinued Operation": -13886000.0,
        "Total Expenses": 99445000.0,
        "Total Operating Income As Reported": -17058000.0,
        "Diluted Average Shares": 161601389.0,
        "Basic Average Shares": 161601389.0,
        "Diluted EPS": -0.09,
        "Basic EPS": -0.09,
        "Diluted NI Availto Com Stockholders": -13886000.0,
        "Net Income Common Stockholders": -13886000.0,
        "Net Income": -13886000.0,
        "Net Income Including Noncontrolling Interests": -13886000.0,
        "Net Income Continuous Operations": -13886000.0,
        "Tax Provision": 1397000.0,
        "Pretax Income": -12489000.0,
        "Other Income Expense": 844000.0,
        "Other Non Operating Income Expenses": 844000.0,
        "Net Non Operating Interest Income Expense": 3725000.0,
        "Total Other Finance Cost": -3725000.0,
        "Interest Income Non Operating": NaN,
        "Operating Income": -17058000.0,
        "Operating Expense": 57512000.0,
        "Research And Development": 18077000.0,
        "Selling General And Administration": 39435000.0,
        "Selling And Marketing Expense": 22782000.0,
        "General And Administrative Expense": 16653000.0,
        "Other Gand A": 16653000.0,
        "Gross Profit": 40454000.0,
        "Cost Of Revenue": 41933000.0,
        "Total Revenue": 82387000.0,
        "Operating Revenue": 82387000.0
    },
    "2025-06-30": {
        "Tax Effect Of Unusual Items": 0.0,
        "Tax Rate For Calcs": 0.21,
        "Normalized EBITDA": -12131000.0,
        "Net Income From Continuing Operation Net Minority Interest": -11633000.0,
        "Reconciled Depreciation": 875000.0,
        "Reconciled Cost Of Revenue": 41310000.0,
        "EBITDA": -12131000.0,
        "EBIT": -13006000.0,
        "Net Interest Income": 3569000.0,
        "Interest Income": NaN,
        "Normalized Income": -11633000.0,
        "Net Income From Continuing And Discontinued Operation": -11633000.0,
        "Total Expenses": 94066000.0,
        "Total Operating Income As Reported": -13006000.0,
        "Diluted Average Shares": 159112218.0,
        "Basic Average Shares": 159112218.0,
        "Diluted EPS": -0.07,
        "Basic EPS": -0.07,
        "Diluted NI Availto Com Stockholders": -11633000.0,
        "Net Income Common Stockholders": -11633000.0,
        "Net Income": -11633000.0,
        "Net Income Including Noncontrolling Interests": -11633000.0,
        "Net Income Continuous Operations": -11633000.0,
        "Tax Provision": 1725000.0,
        "Pretax Income": -9908000.0,
        "Other Income Expense": -471000.0,
        "Other Non Operating Income Expenses": -471000.0,
        "Net Non Operating Interest Income Expense": 3569000.0,
        "Total Other Finance Cost": -3569000.0,
        "Interest Income Non Operating": NaN,
        "Operating Income": -13006000.0,
        "Operating Expense": 52756000.0,
        "Research And Development": 17167000.0,
        "Selling General And Administration": 35589000.0,
        "Selling And Marketing Expense": 21452000.0,
        "General And Administrative Expense": 14137000.0,
        "Other Gand A": 14137000.0,
        "Gross Profit": 39750000.0,
        "Cost Of Revenue": 41310000.0,
        "Total Revenue": 81060000.0,
        "Operating Revenue": 81060000.0
    },
    "2025-09-30": {
        "Tax Effect Of Unusual Items": 0.0,
        "Tax Rate For Calcs": 0.21,
        "Normalized EBITDA": -8089000.0,
        "Net Income From Continuing Operation Net Minority Interest": -7806000.0,
        "Reconciled Depreciation": 862000.0,
        "Reconciled Cost Of Revenue": 40799000.0,
        "EBITDA": -8089000.0,
        "EBIT": -8951000.0,
        "Net Interest Income": 3274000.0,
        "Interest Income": 3274000.0,
        "Normalized Income": -7806000.0,
        "Net Income From Continuing And Discontinued Operation": -7806000.0,
        "Total Expenses": 90813000.0,
        "Total Operating Income As Reported": -8951000.0,
        "Diluted Average Shares": 156793171.0,
        "Basic Average Shares": 156793171.0,
        "Diluted EPS": -0.05,
        "Basic EPS": -0.05,
        "Diluted NI Availto Com Stockholders": -7806000.0,
        "Net Income Common Stockholders": -7806000.0,
        "Net Income": -7806000.0,
        "Net Income Including Noncontrolling Interests": -7806000.0,
        "Net Income Continuous Operations": -7806000.0,
        "Tax Provision": 1801000.0,
        "Pretax Income": -6005000.0,
        "Other Income Expense": -328000.0,
        "Other Non Operating Income Expenses": -328000.0,
        "Net Non Operating Interest Income Expense": 3274000.0,
        "Total Other Finance Cost": NaN,
        "Interest Income Non Operating": 3274000.0,
        "Operating Income": -8951000.0,
        "Operating Expense": 50014000.0,
        "Research And Development": 17006000.0,
        "Selling General And Administration": 33008000.0,
        "Selling And Marketing Expense": 18565000.0,
        "General And Administrative Expense": 14443000.0,
        "Other Gand A": 14443000.0,
        "Gross Profit": 41063000.0,
        "Cost Of Revenue": 40799000.0,
        "Total Revenue": 81862000.0,
        "Operating Revenue": 81862000.0
    }
}