{
    "2023-03-31": {
        "Tax Effect Of Unusual Items": NaN,
        "Tax Rate For Calcs": NaN,
        "Normalized EBITDA": NaN,
        "Total Unusual Items": NaN,
        "Total Unusual Items Excluding Goodwill": NaN,
        "Net Income From Continuing Operation Net Minority Interest": NaN,
        "Reconciled Depreciation": NaN,
        "Reconciled Cost Of Revenue": NaN,
        "EBITDA": NaN,
        "EBIT": NaN,
        "Net Interest Income": NaN,
        "Interest Expense": NaN,
        "Normalized Income": NaN,
        "Net Income From Continuing And Discontinued Operation": NaN,
        "Total Expenses": NaN,
        "Total Operating Income As Reported": NaN,
        "Diluted Average Shares": NaN,
        "Basic Average Shares": NaN,
        "Diluted EPS": NaN,
        "Basic EPS": NaN,
        "Diluted NI Availto Com Stockholders": NaN,
        "Net Income Common Stockholders": NaN,
        "Otherunder Preferred Stock Dividend": 0.0,
        "Net Income": NaN,
        "Minority Interests": NaN,
        "Net Income Including Noncontrolling Interests": NaN,
        "Net Income Continuous Operations": NaN,
        "Tax Provision": NaN,
        "Pretax Income": NaN,
        "Other Income Expense": NaN,
        "Other Non Operating Income Expenses": NaN,
        "Special Income Charges": 0.0,
        "Other Special Charges": 0.0,
        "Write Off": NaN,
        "Gain On Sale Of Security": NaN,
        "Net Non Operating Interest Income Expense": NaN,
        "Interest Expense Non Operating": NaN,
        "Operating Income": NaN,
        "Operating Expense": NaN,
        "Depreciation Amortization Depletion Income Statement": NaN,
        "Depreciation And Amortization In Income Statement": NaN,
        "Selling General And Administration": NaN,
        "General And Administrative Expense": NaN,
        "Other Gand A": NaN,
        "Gross Profit": NaN,
        "Cost Of Revenue": NaN,
        "Total Revenue": NaN,
        "Operating Revenue": NaN
    },
    "2022-12-31": {
        "Tax Effect Of Unusual Items": NaN,
        "Tax Rate For Calcs": NaN,
        "Normalized EBITDA": NaN,
        "Total Unusual Items": NaN,
        "Total Unusual Items Excluding Goodwill": NaN,
        "Net Income From Continuing Operation Net Minority Interest": NaN,
        "Reconciled Depreciation": NaN,
        "Reconciled Cost Of Revenue": NaN,
        "EBITDA": NaN,
        "EBIT": NaN,
        "Net Interest Income": NaN,
        "Interest Expense": NaN,
        "Interest Income": 43.0,
        "Normalized Income": NaN,
        "Net Income From Continuing And Discontinued Operation": NaN,
        "Total Expenses": NaN,
        "Total Operating Income As Reported": NaN,
        "Diluted Average Shares": NaN,
        "Basic Average Shares": NaN,
        "Diluted EPS": NaN,
        "Basic EPS": NaN,
        "Diluted NI Availto Com Stockholders": NaN,
        "Average Dilution Earnings": 0.0,
        "Net Income Common Stockholders": NaN,
        "Otherunder Preferred Stock Dividend": 0.0,
        "Net Income": NaN,
        "Minority Interests": NaN,
        "Net Income Including Noncontrolling Interests": NaN,
        "Net Income Continuous Operations": NaN,
        "Tax Provision": NaN,
        "Pretax Income": NaN,
        "Other Income Expense": NaN,
        "Other Non Operating Income Expenses": NaN,
        "Special Income Charges": -914040.0,
        "Other Special Charges": 914040.0,
        "Write Off": NaN,
        "Gain On Sale Of Security": NaN,
        "Net Non Operating Interest Income Expense": NaN,
        "Interest Expense Non Operating": NaN,
        "Interest Income Non Operating": 43.0,
        "Operating Income": NaN,
        "Operating Expense": NaN,
        "Depreciation Amortization Depletion Income Statement": NaN,
        "Depreciation And Amortization In Income Statement": NaN,
        "Selling General And Administration": NaN,
        "General And Administrative Expense": NaN,
        "Other Gand A": NaN,
        "Gross Profit": NaN,
        "Cost Of Revenue": NaN,
        "Total Revenue": NaN,
        "Operating Revenue": NaN
    },
    "2022-09-30": {
        "Tax Effect Of Unusual Items": NaN,
        "Tax Rate For Calcs": NaN,
        "Normalized EBITDA": NaN,
        "Total Unusual Items": NaN,
        "Total Unusual Items Excluding Goodwill": NaN,
        "Net Income From Continuing Operation Net Minority Interest": NaN,
        "Reconciled Depreciation": NaN,
        "Reconciled Cost Of Revenue": NaN,
        "EBITDA": NaN,
        "EBIT": NaN,
        "Net Interest Income": NaN,
        "Interest Expense": NaN,
        "Interest Income": 34.0,
        "Normalized Income": NaN,
        "Net Income From Continuing And Discontinued Operation": NaN,
        "Total Expenses": NaN,
        "Total Operating Income As Reported": NaN,
        "Diluted Average Shares": NaN,
        "Basic Average Shares": NaN,
        "Diluted EPS": NaN,
        "Basic EPS": NaN,
        "Diluted NI Availto Com Stockholders": NaN,
        "Average Dilution Earnings": 0.0,
        "Net Income Common Stockholders": NaN,
        "Otherunder Preferred Stock Dividend": 0.0,
        "Net Income": NaN,
        "Minority Interests": NaN,
        "Net Income Including Noncontrolling Interests": NaN,
        "Net Income Continuous Operations": NaN,
        "Tax Provision": NaN,
        "Pretax Income": NaN,
        "Other Income Expense": NaN,
        "Other Non Operating Income Expenses": NaN,
        "Special Income Charges": NaN,
        "Other Special Charges": NaN,
        "Write Off": NaN,
        "Gain On Sale Of Security": NaN,
        "Net Non Operating Interest Income Expense": NaN,
        "Interest Expense Non Operating": NaN,
        "Interest Income Non Operating": 34.0,
        "Operating Income": NaN,
        "Operating Expense": NaN,
        "Depreciation Amortization Depletion Income Statement": NaN,
        "Depreciation And Amortization In Income Statement": NaN,
        "Selling General And Administration": NaN,
        "General And Administrative Expense": NaN,
        "Other Gand A": NaN,
        "Gross Profit": NaN,
        "Cost Of Revenue": NaN,
        "Total Revenue": NaN,
        "Operating Revenue": NaN
    },
    "2022-06-30": {
        "Tax Effect Of Unusual Items": 404320.88,
        "Tax Rate For Calcs": 0.241,
        "Normalized EBITDA": 6682042.0,
        "Total Unusual Items": 1677680.0,
        "Total Unusual Items Excluding Goodwill": 1677680.0,
        "Net Income From Continuing Operation Net Minority Interest": 76039.0,
        "Reconciled Depreciation": 5361503.0,
        "Reconciled Cost Of Revenue": 9975131.0,
        "EBITDA": 8359722.0,
        "EBIT": 2998219.0,
        "Net Interest Income": -2976047.0,
        "Interest Expense": 2976060.0,
        "Interest Income": 13.0,
        "Normalized Income": -1197320.12,
        "Net Income From Continuing And Discontinued Operation": 76039.0,
        "Total Expenses": 22958244.0,
        "Total Operating Income As Reported": 1320526.0,
        "Diluted Average Shares": 64781739.0,
        "Basic Average Shares": 64223531.0,
        "Diluted EPS": 0.001174,
        "Basic EPS": 0.001184,
        "Diluted NI Availto Com Stockholders": 76039.0,
        "Average Dilution Earnings": NaN,
        "Net Income Common Stockholders": 76039.0,
        "Otherunder Preferred Stock Dividend": NaN,
        "Net Income": 76039.0,
        "Minority Interests": 59218.0,
        "Net Income Including Noncontrolling Interests": 16821.0,
        "Net Income Continuous Operations": 16821.0,
        "Tax Provision": 5338.0,
        "Pretax Income": 22159.0,
        "Other Income Expense": 1677680.0,
        "Other Non Operating Income Expenses": NaN,
        "Special Income Charges": NaN,
        "Other Special Charges": NaN,
        "Gain On Sale Of Security": 1677680.0,
        "Net Non Operating Interest Income Expense": -2976047.0,
        "Interest Expense Non Operating": 2976060.0,
        "Interest Income Non Operating": 13.0,
        "Operating Income": 1320526.0,
        "Operating Expense": 12983113.0,
        "Depreciation Amortization Depletion Income Statement": 5361503.0,
        "Depreciation And Amortization In Income Statement": 5361503.0,
        "Amortization": 5315265.0,
        "Amortization Of Intangibles Income Statement": 5315265.0,
        "Depreciation Income Statement": 46238.0,
        "Selling General And Administration": 7621610.0,
        "General And Administrative Expense": 7621610.0,
        "Other Gand A": 7621610.0,
        "Gross Profit": 14303639.0,
        "Cost Of Revenue": 9975131.0,
        "Total Revenue": 24278770.0,
        "Operating Revenue": 24017418.0
    },
    "2023-06-30": {
        "Tax Effect Of Unusual Items": 499249.025,
        "Tax Rate For Calcs": 0.275,
        "Normalized EBITDA": 9200551.0,
        "Total Unusual Items": 1815451.0,
        "Total Unusual Items Excluding Goodwill": 1815451.0,
        "Net Income From Continuing Operation Net Minority Interest": 277333.0,
        "Reconciled Depreciation": 6055568.0,
        "Reconciled Cost Of Revenue": 13471597.0,
        "EBITDA": 11016002.0,
        "EBIT": 4960434.0,
        "Net Interest Income": -4733533.0,
        "Interest Expense": 4733533.0,
        "Normalized Income": -1038868.975,
        "Net Income From Continuing And Discontinued Operation": 277333.0,
        "Total Expenses": 28691665.0,
        "Total Operating Income As Reported": 3144921.0,
        "Diluted Average Shares": 64998544.0,
        "Basic Average Shares": 64572432.0,
        "Diluted EPS": 0.004267,
        "Basic EPS": 0.004295,
        "Diluted NI Availto Com Stockholders": 277333.0,
        "Net Income Common Stockholders": 277333.0,
        "Otherunder Preferred Stock Dividend": NaN,
        "Net Income": 277333.0,
        "Minority Interests": 112780.0,
        "Net Income Including Noncontrolling Interests": 164553.0,
        "Net Income Continuous Operations": 164553.0,
        "Tax Provision": 62348.0,
        "Pretax Income": 226901.0,
        "Other Income Expense": 1815513.0,
        "Other Non Operating Income Expenses": 62.0,
        "Special Income Charges": NaN,
        "Other Special Charges": NaN,
        "Write Off": NaN,
        "Gain On Sale Of Security": 1815451.0,
        "Net Non Operating Interest Income Expense": -4733533.0,
        "Interest Expense Non Operating": 4733533.0,
        "Operating Income": 3144921.0,
        "Operating Expense": 15220068.0,
        "Depreciation Amortization Depletion Income Statement": 6055568.0,
        "Depreciation And Amortization In Income Statement": 6055568.0,
        "Selling General And Administration": 9164500.0,
        "General And Administrative Expense": 9164500.0,
        "Other Gand A": 9164500.0,
        "Gross Profit": 18364989.0,
        "Cost Of Revenue": 13471597.0,
        "Total Revenue": 31836586.0,
        "Operating Revenue": 31175952.0
    },
    "2022-03-31": {
        "Diluted EPS": 0.17,
        "Total Revenue": 35,
        "Gross Profit": 22,
        "Operating Income": 9,
        "EBIT": 14,
        "Net Income": 9
    },
    "2021-12-31": {
        "Diluted EPS": 0.02,
        "Total Revenue": 26,
        "Gross Profit": 14,
        "Operating Income": 3,
        "EBIT": 8,
        "Net Income": 1
    },
    "2021-09-30": {
        "Diluted EPS": 0.08,
        "Total Revenue": 30,
        "Gross Profit": 18,
        "Operating Income": 8,
        "EBIT": 13,
        "Net Income": 4
    },
    "2021-06-30": {
        "Diluted EPS": -0.05,
        "Total Revenue": 17,
        "Gross Profit": 9,
        "Operating Income": 0,
        "EBIT": 4,
        "Net Income": -1
    },
    "2021-03-31": {
        "Diluted EPS": -0.07,
        "Total Revenue": NaN,
        "Gross Profit": NaN,
        "Operating Income": 0,
        "EBIT": 3,
        "Net Income": 0
    },
    "2020-12-31": {
        "Diluted EPS": 0.05,
        "Total Revenue": 22,
        "Gross Profit": 12,
        "Operating Income": 5,
        "EBIT": 8,
        "Net Income": 1
    },
    "2020-09-30": {
        "Diluted EPS": 0.06,
        "Total Revenue": 21,
        "Gross Profit": 13,
        "Operating Income": 5,
        "EBIT": 5,
        "Net Income": 3
    },
    "2020-06-30": {
        "Diluted EPS": 0.0,
        "Total Revenue": NaN,
        "Gross Profit": NaN,
        "Operating Income": NaN,
        "EBIT": NaN,
        "Net Income": NaN
    },
    "2020-03-31": {
        "Diluted EPS": 0.0,
        "Total Revenue": NaN,
        "Gross Profit": NaN,
        "Operating Income": 0,
        "EBIT": NaN,
        "Net Income": 0
    },
    "2019-12-31": {
        "Diluted EPS": 0.0,
        "Total Revenue": NaN,
        "Gross Profit": NaN,
        "Operating Income": NaN,
        "EBIT": NaN,
        "Net Income": NaN
    },
    "2023-09-30": {
        "Tax Effect Of Unusual Items": 176042.52549,
        "Tax Rate For Calcs": 0.299425,
        "Normalized EBITDA": 12360104.0,
        "Total Unusual Items": 587935.0,
        "Total Unusual Items Excluding Goodwill": 587935.0,
        "Net Income From Continuing Operation Net Minority Interest": 535390.0,
        "Reconciled Depreciation": 6214540.0,
        "Reconciled Cost Of Revenue": 14442000.0,
        "EBITDA": 12948039.0,
        "EBIT": 6733499.0,
        "Net Interest Income": -5759506.0,
        "Interest Expense": 5759506.0,
        "Normalized Income": 123497.52549,
        "Net Income From Continuing And Discontinued Operation": 535390.0,
        "Total Expenses": 32251544.0,
        "Total Operating Income As Reported": 6145090.0,
        "Diluted Average Shares": 65085654.0,
        "Basic Average Shares": 64783974.0,
        "Diluted EPS": 0.01,
        "Basic EPS": 0.01,
        "Diluted NI Availto Com Stockholders": 535390.0,
        "Net Income Common Stockholders": 535390.0,
        "Net Income": 535390.0,
        "Minority Interests": -146965.0,
        "Net Income Including Noncontrolling Interests": 682355.0,
        "Net Income Continuous Operations": 682355.0,
        "Tax Provision": 291638.0,
        "Pretax Income": 973993.0,
        "Other Income Expense": 588409.0,
        "Other Non Operating Income Expenses": 474.0,
        "Special Income Charges": NaN,
        "Write Off": NaN,
        "Gain On Sale Of Security": 587935.0,
        "Net Non Operating Interest Income Expense": -5759506.0,
        "Interest Expense Non Operating": 5759506.0,
        "Operating Income": 6145756.0,
        "Operating Expense": 17809544.0,
        "Depreciation Amortization Depletion Income Statement": 6214540.0,
        "Depreciation And Amortization In Income Statement": 6214540.0,
        "Selling General And Administration": 11595004.0,
        "General And Administrative Expense": 11595004.0,
        "Other Gand A": 11595004.0,
        "Gross Profit": 23955300.0,
        "Cost Of Revenue": 14442000.0,
        "Total Revenue": 38397300.0,
        "Operating Revenue": 36735541.0
    },
    "2023-12-31": {
        "Tax Effect Of Unusual Items": NaN,
        "Tax Rate For Calcs": NaN,
        "Normalized EBITDA": NaN,
        "Total Unusual Items": NaN,
        "Total Unusual Items Excluding Goodwill": NaN,
        "Net Income From Continuing Operation Net Minority Interest": NaN,
        "Reconciled Depreciation": NaN,
        "Reconciled Cost Of Revenue": NaN,
        "EBITDA": NaN,
        "EBIT": NaN,
        "Net Interest Income": NaN,
        "Interest Expense": NaN,
        "Normalized Income": NaN,
        "Net Income From Continuing And Discontinued Operation": NaN,
        "Total Expenses": NaN,
        "Total Operating Income As Reported": NaN,
        "Diluted Average Shares": NaN,
        "Basic Average Shares": NaN,
        "Diluted EPS": NaN,
        "Basic EPS": NaN,
        "Diluted NI Availto Com Stockholders": NaN,
        "Net Income Common Stockholders": NaN,
        "Net Income": NaN,
        "Minority Interests": NaN,
        "Net Income Including Noncontrolling Interests": NaN,
        "Net Income Continuous Operations": NaN,
        "Tax Provision": NaN,
        "Pretax Income": NaN,
        "Other Income Expense": NaN,
        "Other Non Operating Income Expenses": NaN,
        "Special Income Charges": -991000.0,
        "Write Off": 991000.0,
        "Restructuring And Mergern Acquisition": NaN,
        "Gain On Sale Of Security": NaN,
        "Net Non Operating Interest Income Expense": NaN,
        "Interest Expense Non Operating": NaN,
        "Operating Income": NaN,
        "Operating Expense": NaN,
        "Depreciation Amortization Depletion Income Statement": NaN,
        "Depreciation And Amortization In Income Statement": NaN,
        "Selling General And Administration": NaN,
        "General And Administrative Expense": NaN,
        "Other Gand A": NaN,
        "Gross Profit": NaN,
        "Cost Of Revenue": NaN,
        "Total Revenue": NaN,
        "Operating Revenue": NaN
    },
    "2024-03-31": {
        "Tax Effect Of Unusual Items": NaN,
        "Tax Rate For Calcs": NaN,
        "Normalized EBITDA": NaN,
        "Total Unusual Items": NaN,
        "Total Unusual Items Excluding Goodwill": NaN,
        "Net Income From Continuing Operation Net Minority Interest": NaN,
        "Reconciled Depreciation": NaN,
        "Reconciled Cost Of Revenue": NaN,
        "EBITDA": NaN,
        "EBIT": NaN,
        "Net Interest Income": NaN,
        "Interest Expense": NaN,
        "Normalized Income": NaN,
        "Net Income From Continuing And Discontinued Operation": NaN,
        "Total Expenses": NaN,
        "Total Operating Income As Reported": NaN,
        "Diluted Average Shares": NaN,
        "Basic Average Shares": NaN,
        "Diluted EPS": NaN,
        "Basic EPS": NaN,
        "Diluted NI Availto Com Stockholders": NaN,
        "Net Income Common Stockholders": NaN,
        "Net Income": NaN,
        "Minority Interests": NaN,
        "Net Income Including Noncontrolling Interests": NaN,
        "Net Income Continuous Operations": NaN,
        "Tax Provision": NaN,
        "Pretax Income": NaN,
        "Other Income Expense": NaN,
        "Other Non Operating Income Expenses": NaN,
        "Special Income Charges": 991000.0,
        "Restructuring And Mergern Acquisition": NaN,
        "Gain On Sale Of Security": NaN,
        "Net Non Operating Interest Income Expense": NaN,
        "Interest Expense Non Operating": NaN,
        "Operating Income": NaN,
        "Operating Expense": NaN,
        "Depreciation Amortization Depletion Income Statement": NaN,
        "Depreciation And Amortization In Income Statement": NaN,
        "Selling General And Administration": NaN,
        "General And Administrative Expense": NaN,
        "Other Gand A": NaN,
        "Gross Profit": NaN,
        "Cost Of Revenue": NaN,
        "Total Revenue": NaN,
        "Operating Revenue": NaN
    },
    "2024-06-30": {
        "Tax Effect Of Unusual Items": -216305.081,
        "Tax Rate For Calcs": 0.393455,
        "Normalized EBITDA": 11246768.0,
        "Total Unusual Items": -549758.0,
        "Total Unusual Items Excluding Goodwill": -549758.0,
        "Net Income From Continuing Operation Net Minority Interest": -346655.0,
        "Reconciled Depreciation": 6384757.0,
        "Reconciled Cost Of Revenue": 13281000.0,
        "EBITDA": 10697010.0,
        "EBIT": 4312253.0,
        "Net Interest Income": -5059398.0,
        "Interest Expense": 5059398.0,
        "Normalized Income": -13202.081,
        "Net Income From Continuing And Discontinued Operation": -346655.0,
        "Total Expenses": 29355194.0,
        "Total Operating Income As Reported": 4961533.0,
        "Diluted Average Shares": 64970693.0,
        "Basic Average Shares": 64970693.0,
        "Diluted EPS": -0.01,
        "Basic EPS": -0.01,
        "Diluted NI Availto Com Stockholders": -346655.0,
        "Net Income Common Stockholders": -346655.0,
        "Net Income": -346655.0,
        "Minority Interests": 106522.0,
        "Net Income Including Noncontrolling Interests": -453177.0,
        "Net Income Continuous Operations": -453177.0,
        "Tax Provision": -293968.0,
        "Pretax Income": -747145.0,
        "Other Income Expense": -649280.0,
        "Other Non Operating Income Expenses": -99522.0,
        "Special Income Charges": NaN,
        "Restructuring And Mergern Acquisition": NaN,
        "Gain On Sale Of Security": -549758.0,
        "Net Non Operating Interest Income Expense": -5059398.0,
        "Interest Expense Non Operating": 5059398.0,
        "Operating Income": 4961649.0,
        "Operating Expense": 16074194.0,
        "Depreciation Amortization Depletion Income Statement": 6384757.0,
        "Depreciation And Amortization In Income Statement": 6384757.0,
        "Selling General And Administration": 9689437.0,
        "General And Administrative Expense": 9689437.0,
        "Other Gand A": 9689437.0,
        "Gross Profit": 21035843.0,
        "Cost Of Revenue": 13281000.0,
        "Total Revenue": 34316843.0,
        "Operating Revenue": 33630797.0
    },
    "2024-09-30": {
        "Tax Effect Of Unusual Items": -1084283.55,
        "Tax Rate For Calcs": 0.21,
        "Normalized EBITDA": 16553078.0,
        "Total Unusual Items": -5163255.0,
        "Total Unusual Items Excluding Goodwill": -5163255.0,
        "Net Income From Continuing Operation Net Minority Interest": 185015.0,
        "Reconciled Depreciation": 6430019.0,
        "Reconciled Cost Of Revenue": 14831000.0,
        "EBITDA": 11389823.0,
        "EBIT": 4959804.0,
        "Net Interest Income": -4960408.0,
        "Interest Expense": 4960408.0,
        "Normalized Income": 4263986.45,
        "Net Income From Continuing And Discontinued Operation": 185015.0,
        "Total Expenses": 30544996.0,
        "Total Operating Income As Reported": 10122026.0,
        "Diluted Average Shares": 65837273.0,
        "Basic Average Shares": 65186357.0,
        "Diluted EPS": 0.0,
        "Basic EPS": 0.0,
        "Diluted NI Availto Com Stockholders": 185015.0,
        "Net Income Common Stockholders": 185015.0,
        "Net Income": 185015.0,
        "Minority Interests": 33026.0,
        "Net Income Including Noncontrolling Interests": 151989.0,
        "Net Income Continuous Operations": 151989.0,
        "Tax Provision": -152593.0,
        "Pretax Income": -604.0,
        "Other Income Expense": -5162222.0,
        "Other Non Operating Income Expenses": 1033.0,
        "Special Income Charges": NaN,
        "Restructuring And Mergern Acquisition": NaN,
        "Gain On Sale Of Security": -5163255.0,
        "Net Non Operating Interest Income Expense": -4960408.0,
        "Interest Expense Non Operating": 4960408.0,
        "Operating Income": 10122397.0,
        "Operating Expense": 15713996.0,
        "Depreciation Amortization Depletion Income Statement": 6430019.0,
        "Depreciation And Amortization In Income Statement": 6430019.0,
        "Selling General And Administration": 9283977.0,
        "General And Administrative Expense": 9283977.0,
        "Other Gand A": 9283977.0,
        "Gross Profit": 25836393.0,
        "Cost Of Revenue": 14831000.0,
        "Total Revenue": 40667393.0,
        "Operating Revenue": 39288422.0
    },
    "2024-12-31": {
        "Tax Effect Of Unusual Items": 956713.76,
        "Tax Rate For Calcs": 0.272,
        "Normalized EBITDA": 16271841.0,
        "Total Unusual Items": 3517330.0,
        "Total Unusual Items Excluding Goodwill": 3517330.0,
        "Net Income From Continuing Operation Net Minority Interest": 5244091.0,
        "Reconciled Depreciation": 6713621.0,
        "Reconciled Cost Of Revenue": 15068000.0,
        "EBITDA": 19789171.0,
        "EBIT": 13075550.0,
        "Net Interest Income": -5776861.0,
        "Interest Expense": 5776861.0,
        "Normalized Income": 2683474.76,
        "Net Income From Continuing And Discontinued Operation": 5244091.0,
        "Total Expenses": 32745717.0,
        "Total Operating Income As Reported": 9557957.0,
        "Diluted Average Shares": 66106474.0,
        "Basic Average Shares": 65240858.0,
        "Diluted EPS": 0.08,
        "Basic EPS": 0.08,
        "Diluted NI Availto Com Stockholders": 5244091.0,
        "Net Income Common Stockholders": 5244091.0,
        "Net Income": 5244091.0,
        "Minority Interests": -67448.0,
        "Net Income Including Noncontrolling Interests": 5311539.0,
        "Net Income Continuous Operations": 5311539.0,
        "Tax Provision": 1987150.0,
        "Pretax Income": 7298689.0,
        "Other Income Expense": 3517593.0,
        "Other Non Operating Income Expenses": 263.0,
        "Special Income Charges": 405000.0,
        "Restructuring And Mergern Acquisition": -405000.0,
        "Gain On Sale Of Security": 3112330.0,
        "Net Non Operating Interest Income Expense": -5776861.0,
        "Interest Expense Non Operating": 5776861.0,
        "Operating Income": 9557999.0,
        "Operating Expense": 17677717.0,
        "Depreciation Amortization Depletion Income Statement": 6713621.0,
        "Depreciation And Amortization In Income Statement": 6713621.0,
        "Selling General And Administration": 10964096.0,
        "General And Administrative Expense": 10964096.0,
        "Other Gand A": 10964096.0,
        "Gross Profit": 27235716.0,
        "Cost Of Revenue": 15068000.0,
        "Total Revenue": 42303716.0,
        "Operating Revenue": 38857438.0
    },
    "2025-03-31": {
        "Tax Effect Of Unusual Items": -168210.244932,
        "Tax Rate For Calcs": 0.180699,
        "Normalized EBITDA": 17109556.0,
        "Total Unusual Items": -930885.0,
        "Total Unusual Items Excluding Goodwill": -930885.0,
        "Net Income From Continuing Operation Net Minority Interest": 2667462.0,
        "Reconciled Depreciation": 6770836.0,
        "Reconciled Cost Of Revenue": 14249005.0,
        "EBITDA": 16178671.0,
        "EBIT": 9407835.0,
        "Net Interest Income": -6086654.0,
        "Interest Expense": 6086654.0,
        "Normalized Income": 3430136.755068,
        "Net Income From Continuing And Discontinued Operation": 2667462.0,
        "Total Expenses": 30997795.0,
        "Total Operating Income As Reported": 10419518.0,
        "Diluted Average Shares": 66077568.0,
        "Basic Average Shares": 65248387.0,
        "Diluted EPS": 0.04,
        "Basic EPS": 0.04,
        "Diluted NI Availto Com Stockholders": 2667462.0,
        "Net Income Common Stockholders": 2667462.0,
        "Net Income": 2667462.0,
        "Minority Interests": -53584.0,
        "Net Income Including Noncontrolling Interests": 2721046.0,
        "Net Income Continuous Operations": 2721046.0,
        "Tax Provision": 600135.0,
        "Pretax Income": 3321181.0,
        "Other Income Expense": -1011683.0,
        "Other Non Operating Income Expenses": -80798.0,
        "Special Income Charges": NaN,
        "Restructuring And Mergern Acquisition": NaN,
        "Gain On Sale Of Security": -930885.0,
        "Net Non Operating Interest Income Expense": -6086654.0,
        "Interest Expense Non Operating": 6086654.0,
        "Operating Income": 10419989.0,
        "Operating Expense": 16748790.0,
        "Depreciation Amortization Depletion Income Statement": 6770836.0,
        "Depreciation And Amortization In Income Statement": 6770836.0,
        "Selling General And Administration": 9977954.0,
        "General And Administrative Expense": 9977954.0,
        "Other Gand A": 9977954.0,
        "Gross Profit": 27168779.0,
        "Cost Of Revenue": 14249005.0,
        "Total Revenue": 41417784.0,
        "Operating Revenue": 39885754.0
    },
    "2025-06-30": {
        "Tax Effect Of Unusual Items": 29112.620734,
        "Tax Rate For Calcs": 0.296315,
        "Normalized EBITDA": 12596655.0,
        "Total Unusual Items": 98249.0,
        "Total Unusual Items Excluding Goodwill": 98249.0,
        "Net Income From Continuing Operation Net Minority Interest": -555659.0,
        "Reconciled Depreciation": 7313737.0,
        "Reconciled Cost Of Revenue": 13193000.0,
        "EBITDA": 12694904.0,
        "EBIT": 5381167.0,
        "Net Interest Income": -6295958.0,
        "Interest Expense": 6295958.0,
        "Normalized Income": -624795.379266,
        "Net Income From Continuing And Discontinued Operation": -555659.0,
        "Total Expenses": 31717884.0,
        "Total Operating Income As Reported": 5446694.0,
        "Diluted Average Shares": 65369891.0,
        "Basic Average Shares": 65369891.0,
        "Diluted EPS": -0.01,
        "Basic EPS": -0.01,
        "Diluted NI Availto Com Stockholders": -555659.0,
        "Net Income Common Stockholders": -555659.0,
        "Net Income": -555659.0,
        "Minority Interests": 88066.0,
        "Net Income Including Noncontrolling Interests": -643725.0,
        "Net Income Continuous Operations": -643725.0,
        "Tax Provision": -271066.0,
        "Pretax Income": -914791.0,
        "Other Income Expense": -65527.0,
        "Other Non Operating Income Expenses": -163776.0,
        "Special Income Charges": NaN,
        "Restructuring And Mergern Acquisition": NaN,
        "Gain On Sale Of Security": 98249.0,
        "Net Non Operating Interest Income Expense": -6295958.0,
        "Interest Expense Non Operating": 6295958.0,
        "Operating Income": 5446409.0,
        "Operating Expense": 18524884.0,
        "Depreciation Amortization Depletion Income Statement": 7313737.0,
        "Depreciation And Amortization In Income Statement": 7313737.0,
        "Selling General And Administration": 11211147.0,
        "General And Administrative Expense": 11211147.0,
        "Other Gand A": 11211147.0,
        "Gross Profit": 23971293.0,
        "Cost Of Revenue": 13193000.0,
        "Total Revenue": 37164293.0,
        "Operating Revenue": 35377789.0
    },
    "2025-09-30": {
        "Tax Effect Of Unusual Items": -211340.178043,
        "Tax Rate For Calcs": 0.300623,
        "Normalized EBITDA": 18152697.0,
        "Total Unusual Items": -703008.0,
        "Total Unusual Items Excluding Goodwill": -703008.0,
        "Net Income From Continuing Operation Net Minority Interest": 2257841.0,
        "Reconciled Depreciation": 7556863.0,
        "Reconciled Cost Of Revenue": 16533000.0,
        "EBITDA": 17449689.0,
        "EBIT": 9892826.0,
        "Net Interest Income": -6741657.0,
        "Interest Expense": 6741657.0,
        "Normalized Income": 2749508.821957,
        "Net Income From Continuing And Discontinued Operation": 2257841.0,
        "Total Expenses": 34749305.0,
        "Total Operating Income As Reported": 10686541.0,
        "Diluted Average Shares": 66273757.0,
        "Basic Average Shares": 65566514.0,
        "Diluted EPS": 0.03,
        "Basic EPS": 0.03,
        "Diluted NI Availto Com Stockholders": 2257841.0,
        "Net Income Common Stockholders": 2257841.0,
        "Net Income": 2257841.0,
        "Minority Interests": 53985.0,
        "Net Income Including Noncontrolling Interests": 2203856.0,
        "Net Income Continuous Operations": 2203856.0,
        "Tax Provision": 947313.0,
        "Pretax Income": 3151169.0,
        "Other Income Expense": -793715.0,
        "Other Non Operating Income Expenses": -90707.0,
        "Special Income Charges": NaN,
        "Restructuring And Mergern Acquisition": NaN,
        "Gain On Sale Of Security": -703008.0,
        "Net Non Operating Interest Income Expense": -6741657.0,
        "Interest Expense Non Operating": 6741657.0,
        "Operating Income": 10685746.0,
        "Operating Expense": 18216305.0,
        "Depreciation Amortization Depletion Income Statement": 7556863.0,
        "Depreciation And Amortization In Income Statement": 7556863.0,
        "Selling General And Administration": 10659442.0,
        "General And Administrative Expense": 10659442.0,
        "Other Gand A": 10659442.0,
        "Gross Profit": 28902051.0,
        "Cost Of Revenue": 16533000.0,
        "Total Revenue": 45435051.0,
        "Operating Revenue": 43857114.0
    }
}