{
    "2023-03-31": {
        "Tax Effect Of Unusual Items": NaN,
        "Tax Rate For Calcs": NaN,
        "Normalized EBITDA": NaN,
        "Total Unusual Items": NaN,
        "Total Unusual Items Excluding Goodwill": NaN,
        "Net Income From Continuing Operation Net Minority Interest": NaN,
        "Reconciled Depreciation": NaN,
        "Reconciled Cost Of Revenue": NaN,
        "EBITDA": NaN,
        "EBIT": NaN,
        "Net Interest Income": NaN,
        "Interest Expense": NaN,
        "Normalized Income": NaN,
        "Net Income From Continuing And Discontinued Operation": NaN,
        "Total Expenses": NaN,
        "Total Operating Income As Reported": NaN,
        "Diluted Average Shares": NaN,
        "Basic Average Shares": NaN,
        "Diluted EPS": NaN,
        "Basic EPS": NaN,
        "Diluted NI Availto Com Stockholders": NaN,
        "Net Income Common Stockholders": NaN,
        "Otherunder Preferred Stock Dividend": NaN,
        "Net Income": NaN,
        "Minority Interests": NaN,
        "Net Income Including Noncontrolling Interests": NaN,
        "Net Income Continuous Operations": NaN,
        "Tax Provision": NaN,
        "Pretax Income": NaN,
        "Other Income Expense": NaN,
        "Other Non Operating Income Expenses": NaN,
        "Special Income Charges": NaN,
        "Impairment Of Capital Assets": NaN,
        "Net Non Operating Interest Income Expense": NaN,
        "Interest Expense Non Operating": NaN,
        "Operating Income": NaN,
        "Operating Expense": NaN,
        "Depreciation Amortization Depletion Income Statement": 1341000.0,
        "Depreciation And Amortization In Income Statement": 1341000.0,
        "Amortization": 1341000.0,
        "Amortization Of Intangibles Income Statement": 1341000.0,
        "Research And Development": NaN,
        "Selling General And Administration": NaN,
        "Selling And Marketing Expense": NaN,
        "General And Administrative Expense": NaN,
        "Other Gand A": NaN,
        "Gross Profit": NaN,
        "Cost Of Revenue": NaN,
        "Total Revenue": NaN,
        "Operating Revenue": NaN
    },
    "2022-12-31": {
        "Tax Effect Of Unusual Items": NaN,
        "Tax Rate For Calcs": NaN,
        "Normalized EBITDA": NaN,
        "Total Unusual Items": NaN,
        "Total Unusual Items Excluding Goodwill": NaN,
        "Net Income From Continuing Operation Net Minority Interest": NaN,
        "Reconciled Depreciation": NaN,
        "Reconciled Cost Of Revenue": NaN,
        "EBITDA": NaN,
        "EBIT": NaN,
        "Net Interest Income": NaN,
        "Interest Expense": NaN,
        "Normalized Income": NaN,
        "Net Income From Continuing And Discontinued Operation": NaN,
        "Total Expenses": NaN,
        "Total Operating Income As Reported": NaN,
        "Diluted Average Shares": NaN,
        "Basic Average Shares": NaN,
        "Diluted EPS": NaN,
        "Basic EPS": NaN,
        "Diluted NI Availto Com Stockholders": NaN,
        "Net Income Common Stockholders": NaN,
        "Otherunder Preferred Stock Dividend": NaN,
        "Net Income": NaN,
        "Minority Interests": NaN,
        "Net Income Including Noncontrolling Interests": NaN,
        "Net Income Continuous Operations": NaN,
        "Tax Provision": NaN,
        "Pretax Income": NaN,
        "Other Income Expense": NaN,
        "Other Non Operating Income Expenses": NaN,
        "Special Income Charges": NaN,
        "Impairment Of Capital Assets": NaN,
        "Net Non Operating Interest Income Expense": NaN,
        "Interest Expense Non Operating": NaN,
        "Operating Income": NaN,
        "Operating Expense": NaN,
        "Depreciation Amortization Depletion Income Statement": 1341000.0,
        "Depreciation And Amortization In Income Statement": 1341000.0,
        "Amortization": 1341000.0,
        "Amortization Of Intangibles Income Statement": 1341000.0,
        "Research And Development": NaN,
        "Selling General And Administration": NaN,
        "Selling And Marketing Expense": NaN,
        "General And Administrative Expense": NaN,
        "Other Gand A": NaN,
        "Gross Profit": NaN,
        "Cost Of Revenue": NaN,
        "Total Revenue": NaN,
        "Operating Revenue": NaN
    },
    "2022-09-30": {
        "Tax Effect Of Unusual Items": NaN,
        "Tax Rate For Calcs": NaN,
        "Normalized EBITDA": NaN,
        "Total Unusual Items": 0.0,
        "Total Unusual Items Excluding Goodwill": 0.0,
        "Net Income From Continuing Operation Net Minority Interest": NaN,
        "Reconciled Depreciation": NaN,
        "Reconciled Cost Of Revenue": NaN,
        "EBITDA": NaN,
        "EBIT": NaN,
        "Net Interest Income": NaN,
        "Interest Expense": NaN,
        "Normalized Income": NaN,
        "Net Income From Continuing And Discontinued Operation": NaN,
        "Total Expenses": NaN,
        "Total Operating Income As Reported": NaN,
        "Diluted Average Shares": NaN,
        "Basic Average Shares": NaN,
        "Diluted EPS": NaN,
        "Basic EPS": NaN,
        "Diluted NI Availto Com Stockholders": NaN,
        "Net Income Common Stockholders": NaN,
        "Otherunder Preferred Stock Dividend": NaN,
        "Net Income": NaN,
        "Minority Interests": NaN,
        "Net Income Including Noncontrolling Interests": NaN,
        "Net Income Continuous Operations": NaN,
        "Tax Provision": NaN,
        "Pretax Income": NaN,
        "Other Income Expense": NaN,
        "Other Non Operating Income Expenses": NaN,
        "Special Income Charges": 0.0,
        "Impairment Of Capital Assets": 0.0,
        "Net Non Operating Interest Income Expense": NaN,
        "Interest Expense Non Operating": NaN,
        "Operating Income": NaN,
        "Operating Expense": NaN,
        "Depreciation Amortization Depletion Income Statement": 1341000.0,
        "Depreciation And Amortization In Income Statement": 1341000.0,
        "Amortization": 1341000.0,
        "Amortization Of Intangibles Income Statement": 1341000.0,
        "Research And Development": NaN,
        "Selling General And Administration": NaN,
        "Selling And Marketing Expense": NaN,
        "General And Administrative Expense": NaN,
        "Other Gand A": NaN,
        "Gross Profit": NaN,
        "Cost Of Revenue": NaN,
        "Total Revenue": NaN,
        "Operating Revenue": NaN
    },
    "2022-06-30": {
        "Tax Effect Of Unusual Items": 0.0,
        "Tax Rate For Calcs": 0.4,
        "Normalized EBITDA": 3692000.0,
        "Net Income From Continuing Operation Net Minority Interest": -12426000.0,
        "Reconciled Depreciation": 107126000.0,
        "Reconciled Cost Of Revenue": 389248000.0,
        "EBITDA": 3692000.0,
        "EBIT": -103434000.0,
        "Net Interest Income": -103045000.0,
        "Interest Expense": 103045000.0,
        "Normalized Income": -12426000.0,
        "Net Income From Continuing And Discontinued Operation": -12426000.0,
        "Total Expenses": 739887000.0,
        "Total Operating Income As Reported": -155307000.0,
        "Diluted Average Shares": 211128000.0,
        "Basic Average Shares": 211128000.0,
        "Diluted EPS": -0.06,
        "Basic EPS": -0.06,
        "Diluted NI Availto Com Stockholders": -12426000.0,
        "Net Income Common Stockholders": -12426000.0,
        "Otherunder Preferred Stock Dividend": NaN,
        "Net Income": -12426000.0,
        "Minority Interests": 197330000.0,
        "Net Income Including Noncontrolling Interests": -209756000.0,
        "Net Income Continuous Operations": -209756000.0,
        "Tax Provision": 3277000.0,
        "Pretax Income": -206479000.0,
        "Other Income Expense": 51873000.0,
        "Other Non Operating Income Expenses": 51873000.0,
        "Net Non Operating Interest Income Expense": -103045000.0,
        "Interest Expense Non Operating": 103045000.0,
        "Operating Income": -155307000.0,
        "Operating Expense": 244854000.0,
        "Depreciation Amortization Depletion Income Statement": 1341000.0,
        "Depreciation And Amortization In Income Statement": 1341000.0,
        "Amortization": 1341000.0,
        "Amortization Of Intangibles Income Statement": 1341000.0,
        "Research And Development": 6139000.0,
        "Selling General And Administration": 237374000.0,
        "Selling And Marketing Expense": 187428000.0,
        "General And Administrative Expense": 49946000.0,
        "Other Gand A": 49946000.0,
        "Gross Profit": 89547000.0,
        "Cost Of Revenue": 495033000.0,
        "Total Revenue": 584580000.0,
        "Operating Revenue": 584580000.0
    },
    "2023-06-30": {
        "Tax Effect Of Unusual Items": NaN,
        "Tax Rate For Calcs": NaN,
        "Normalized EBITDA": NaN,
        "Total Unusual Items": NaN,
        "Total Unusual Items Excluding Goodwill": NaN,
        "Net Income From Continuing Operation Net Minority Interest": NaN,
        "Reconciled Depreciation": NaN,
        "Reconciled Cost Of Revenue": NaN,
        "EBITDA": NaN,
        "EBIT": NaN,
        "Net Interest Income": NaN,
        "Interest Expense": NaN,
        "Normalized Income": NaN,
        "Net Income From Continuing And Discontinued Operation": NaN,
        "Total Expenses": NaN,
        "Total Operating Income As Reported": NaN,
        "Diluted Average Shares": NaN,
        "Basic Average Shares": NaN,
        "Diluted EPS": NaN,
        "Basic EPS": NaN,
        "Diluted NI Availto Com Stockholders": NaN,
        "Net Income Common Stockholders": NaN,
        "Otherunder Preferred Stock Dividend": -534000.0,
        "Net Income": NaN,
        "Minority Interests": NaN,
        "Net Income Including Noncontrolling Interests": NaN,
        "Net Income Continuous Operations": NaN,
        "Tax Provision": NaN,
        "Pretax Income": NaN,
        "Other Income Expense": NaN,
        "Other Non Operating Income Expenses": NaN,
        "Special Income Charges": NaN,
        "Impairment Of Capital Assets": NaN,
        "Net Non Operating Interest Income Expense": NaN,
        "Interest Expense Non Operating": NaN,
        "Operating Income": NaN,
        "Operating Expense": NaN,
        "Depreciation Amortization Depletion Income Statement": 1110000.0,
        "Depreciation And Amortization In Income Statement": 1110000.0,
        "Amortization": 1110000.0,
        "Amortization Of Intangibles Income Statement": 1110000.0,
        "Research And Development": NaN,
        "Selling General And Administration": NaN,
        "Selling And Marketing Expense": NaN,
        "General And Administrative Expense": NaN,
        "Other Gand A": NaN,
        "Gross Profit": NaN,
        "Cost Of Revenue": NaN,
        "Total Revenue": NaN,
        "Operating Revenue": NaN
    },
    "2022-03-31": {
        "Diluted EPS": -0.42,
        "Total Revenue": 496,
        "Gross Profit": 44,
        "Operating Income": -181,
        "EBIT": -75,
        "Net Income": -88
    },
    "2021-12-31": {
        "Diluted EPS": -0.18,
        "Total Revenue": 435,
        "Gross Profit": 40,
        "Operating Income": -208,
        "EBIT": -106,
        "Net Income": -39
    },
    "2021-09-30": {
        "Diluted EPS": 0.11,
        "Total Revenue": 439,
        "Gross Profit": 92,
        "Operating Income": -138,
        "EBIT": -39,
        "Net Income": 24
    },
    "2021-06-30": {
        "Diluted EPS": -0.2,
        "Total Revenue": 401,
        "Gross Profit": 72,
        "Operating Income": -142,
        "EBIT": -47,
        "Net Income": -41
    },
    "2021-03-31": {
        "Diluted EPS": -0.12,
        "Total Revenue": 335,
        "Gross Profit": 40,
        "Operating Income": -179,
        "EBIT": -87,
        "Net Income": -24
    },
    "2020-12-31": {
        "Diluted EPS": -1.18,
        "Total Revenue": 320,
        "Gross Profit": 47,
        "Operating Income": -256,
        "EBIT": -170,
        "Net Income": -169
    },
    "2020-09-30": {
        "Diluted EPS": 0.28,
        "Total Revenue": 210,
        "Gross Profit": 57,
        "Operating Income": -62,
        "EBIT": -9,
        "Net Income": 37
    },
    "2020-06-30": {
        "Diluted EPS": -0.11,
        "Total Revenue": 181,
        "Gross Profit": 34,
        "Operating Income": -83,
        "EBIT": -31,
        "Net Income": -14
    },
    "2020-03-31": {
        "Diluted EPS": -0.23,
        "Total Revenue": 211,
        "Gross Profit": 41,
        "Operating Income": -63,
        "EBIT": -12,
        "Net Income": -28
    },
    "2019-12-31": {
        "Diluted EPS": 0.11,
        "Total Revenue": 244,
        "Gross Profit": 62,
        "Operating Income": -48,
        "EBIT": 0,
        "Net Income": 13
    },
    "2019-09-30": {
        "Diluted EPS": 0.23,
        "Total Revenue": 216,
        "Gross Profit": 56,
        "Operating Income": -60,
        "EBIT": -11,
        "Net Income": 29
    },
    "2019-06-30": {
        "Diluted EPS": -0.01,
        "Total Revenue": 205,
        "Gross Profit": 48,
        "Operating Income": -63,
        "EBIT": -17,
        "Net Income": -1
    },
    "2019-03-31": {
        "Diluted EPS": -0.12,
        "Total Revenue": 195,
        "Gross Profit": 47,
        "Operating Income": -44,
        "EBIT": -1,
        "Net Income": -14
    },
    "2018-12-31": {
        "Diluted EPS": -0.06,
        "Total Revenue": 240,
        "Gross Profit": 86,
        "Operating Income": -7,
        "EBIT": 36,
        "Net Income": -6
    },
    "2018-09-30": {
        "Diluted EPS": -0.02,
        "Total Revenue": 205,
        "Gross Profit": 66,
        "Operating Income": -24,
        "EBIT": 16,
        "Net Income": -3
    },
    "2018-06-30": {
        "Diluted EPS": 0.06,
        "Total Revenue": 171,
        "Gross Profit": 49,
        "Operating Income": -35,
        "EBIT": 3,
        "Net Income": 7
    },
    "2018-03-31": {
        "Diluted EPS": 0.25,
        "Total Revenue": 144,
        "Gross Profit": 25,
        "Operating Income": -57,
        "EBIT": -21,
        "Net Income": 28
    },
    "2017-12-31": {
        "Diluted EPS": 0.64,
        "Total Revenue": 152,
        "Gross Profit": 27,
        "Operating Income": -47,
        "EBIT": -12,
        "Net Income": 69
    },
    "2017-09-30": {
        "Diluted EPS": 0.26,
        "Total Revenue": 145,
        "Gross Profit": 28,
        "Operating Income": -45,
        "EBIT": -13,
        "Net Income": 28
    },
    "2017-06-30": {
        "Diluted EPS": 0.17,
        "Total Revenue": 131,
        "Gross Profit": 24,
        "Operating Income": -41,
        "EBIT": -9,
        "Net Income": 18
    },
    "2017-03-31": {
        "Diluted EPS": 0.09,
        "Total Revenue": 105,
        "Gross Profit": 13,
        "Operating Income": -49,
        "EBIT": -19,
        "Net Income": 10
    },
    "2016-12-31": {
        "Diluted EPS": 0.12,
        "Total Revenue": 144,
        "Gross Profit": 44,
        "Operating Income": -26,
        "EBIT": -1,
        "Net Income": 12
    },
    "2016-09-30": {
        "Diluted EPS": 0.16,
        "Total Revenue": 112,
        "Gross Profit": 14,
        "Operating Income": -51,
        "EBIT": -24,
        "Net Income": 17
    },
    "2016-06-30": {
        "Diluted EPS": 0.31,
        "Total Revenue": 123,
        "Gross Profit": 22,
        "Operating Income": -48,
        "EBIT": -23,
        "Net Income": 33
    },
    "2016-03-31": {
        "Diluted EPS": 0.13,
        "Total Revenue": 99,
        "Gross Profit": 3,
        "Operating Income": -67,
        "EBIT": -45,
        "Net Income": 13
    },
    "2015-12-31": {
        "Diluted EPS": 0.19,
        "Total Revenue": 100,
        "Gross Profit": 3,
        "Operating Income": -65,
        "EBIT": -45,
        "Net Income": -7
    },
    "2015-09-30": {
        "Diluted EPS": -0.41,
        "Total Revenue": 83,
        "Gross Profit": 7,
        "Operating Income": -63,
        "EBIT": -44,
        "Net Income": -28
    },
    "2015-06-30": {
        "Diluted EPS": 0.0,
        "Total Revenue": 73,
        "Gross Profit": 11,
        "Operating Income": -46,
        "EBIT": -29,
        "Net Income": 0
    },
    "2015-03-31": {
        "Diluted EPS": -0.74,
        "Total Revenue": 50,
        "Gross Profit": 3,
        "Operating Income": -45,
        "EBIT": -30,
        "Net Income": -18
    },
    "2014-12-31": {
        "Diluted EPS": 0.0,
        "Total Revenue": NaN,
        "Gross Profit": NaN,
        "Operating Income": NaN,
        "EBIT": NaN,
        "Net Income": NaN
    },
    "2014-09-30": {
        "Diluted EPS": -0.64,
        "Total Revenue": 56,
        "Gross Profit": 7,
        "Operating Income": -37,
        "EBIT": -24,
        "Net Income": -15
    },
    "2014-06-30": {
        "Diluted EPS": -0.72,
        "Total Revenue": 52,
        "Gross Profit": 9,
        "Operating Income": -31,
        "EBIT": -31,
        "Net Income": -17
    },
    "2013-12-31": {
        "Diluted EPS": 0.0,
        "Total Revenue": NaN,
        "Gross Profit": NaN,
        "Operating Income": NaN,
        "EBIT": NaN,
        "Net Income": NaN
    },
    "2023-09-30": {
        "Tax Effect Of Unusual Items": NaN,
        "Tax Rate For Calcs": NaN,
        "Normalized EBITDA": NaN,
        "Total Unusual Items": -1158000000.0,
        "Total Unusual Items Excluding Goodwill": -1158000000.0,
        "Net Income From Continuing Operation Net Minority Interest": NaN,
        "Reconciled Depreciation": NaN,
        "Reconciled Cost Of Revenue": NaN,
        "EBITDA": NaN,
        "EBIT": NaN,
        "Net Interest Income": NaN,
        "Interest Expense": NaN,
        "Normalized Income": NaN,
        "Net Income From Continuing And Discontinued Operation": NaN,
        "Total Expenses": NaN,
        "Total Operating Income As Reported": NaN,
        "Diluted Average Shares": NaN,
        "Basic Average Shares": NaN,
        "Diluted EPS": NaN,
        "Basic EPS": NaN,
        "Diluted NI Availto Com Stockholders": NaN,
        "Net Income Common Stockholders": NaN,
        "Otherunder Preferred Stock Dividend": NaN,
        "Net Income": NaN,
        "Minority Interests": NaN,
        "Net Income Including Noncontrolling Interests": NaN,
        "Net Income Continuous Operations": NaN,
        "Tax Provision": NaN,
        "Pretax Income": NaN,
        "Other Income Expense": NaN,
        "Other Non Operating Income Expenses": NaN,
        "Special Income Charges": -1158000000.0,
        "Impairment Of Capital Assets": 1158000000.0,
        "Net Non Operating Interest Income Expense": NaN,
        "Interest Expense Non Operating": NaN,
        "Operating Income": NaN,
        "Operating Expense": NaN,
        "Depreciation Amortization Depletion Income Statement": 4802000.0,
        "Depreciation And Amortization In Income Statement": 4802000.0,
        "Amortization": 4802000.0,
        "Amortization Of Intangibles Income Statement": 4802000.0,
        "Research And Development": NaN,
        "Selling General And Administration": NaN,
        "Selling And Marketing Expense": NaN,
        "General And Administrative Expense": NaN,
        "Other Gand A": NaN,
        "Gross Profit": NaN,
        "Cost Of Revenue": NaN,
        "Total Revenue": NaN,
        "Operating Revenue": NaN
    },
    "2023-12-31": {
        "Tax Effect Of Unusual Items": NaN,
        "Tax Rate For Calcs": NaN,
        "Normalized EBITDA": NaN,
        "Total Unusual Items": 0.0,
        "Total Unusual Items Excluding Goodwill": 0.0,
        "Net Income From Continuing Operation Net Minority Interest": NaN,
        "Reconciled Depreciation": NaN,
        "Reconciled Cost Of Revenue": NaN,
        "EBITDA": NaN,
        "EBIT": NaN,
        "Net Interest Income": NaN,
        "Interest Expense": NaN,
        "Normalized Income": NaN,
        "Net Income From Continuing And Discontinued Operation": NaN,
        "Total Expenses": NaN,
        "Total Operating Income As Reported": NaN,
        "Diluted Average Shares": NaN,
        "Basic Average Shares": NaN,
        "Diluted EPS": NaN,
        "Basic EPS": NaN,
        "Diluted NI Availto Com Stockholders": NaN,
        "Net Income Common Stockholders": NaN,
        "Otherunder Preferred Stock Dividend": NaN,
        "Net Income": NaN,
        "Minority Interests": NaN,
        "Net Income Including Noncontrolling Interests": NaN,
        "Net Income Continuous Operations": NaN,
        "Tax Provision": NaN,
        "Pretax Income": NaN,
        "Other Income Expense": NaN,
        "Other Non Operating Income Expenses": NaN,
        "Special Income Charges": 0.0,
        "Impairment Of Capital Assets": 0.0,
        "Net Non Operating Interest Income Expense": NaN,
        "Interest Expense Non Operating": NaN,
        "Operating Income": NaN,
        "Operating Expense": NaN,
        "Research And Development": NaN,
        "Selling General And Administration": NaN,
        "Selling And Marketing Expense": NaN,
        "General And Administrative Expense": NaN,
        "Other Gand A": NaN,
        "Gross Profit": NaN,
        "Cost Of Revenue": NaN,
        "Total Revenue": NaN,
        "Operating Revenue": NaN
    },
    "2024-03-31": {
        "Tax Effect Of Unusual Items": 0.0,
        "Tax Rate For Calcs": 0.007713,
        "Normalized EBITDA": 57328000.0,
        "Total Unusual Items": NaN,
        "Total Unusual Items Excluding Goodwill": NaN,
        "Net Income From Continuing Operation Net Minority Interest": -87818000.0,
        "Reconciled Depreciation": 150520000.0,
        "Reconciled Cost Of Revenue": 425693000.0,
        "EBITDA": 57328000.0,
        "EBIT": -93192000.0,
        "Net Interest Income": -192159000.0,
        "Interest Expense": 192159000.0,
        "Normalized Income": -87818000.0,
        "Net Income From Continuing And Discontinued Operation": -87818000.0,
        "Total Expenses": 641310000.0,
        "Total Operating Income As Reported": -183122000.0,
        "Diluted Average Shares": 219882000.0,
        "Basic Average Shares": 219882000.0,
        "Diluted EPS": -0.4,
        "Basic EPS": -0.4,
        "Diluted NI Availto Com Stockholders": -87818000.0,
        "Net Income Common Stockholders": -87818000.0,
        "Otherunder Preferred Stock Dividend": NaN,
        "Net Income": -87818000.0,
        "Minority Interests": 195332000.0,
        "Net Income Including Noncontrolling Interests": -283150000.0,
        "Net Income Continuous Operations": -283150000.0,
        "Tax Provision": -2201000.0,
        "Pretax Income": -285351000.0,
        "Other Income Expense": 89930000.0,
        "Other Non Operating Income Expenses": 89930000.0,
        "Special Income Charges": NaN,
        "Impairment Of Capital Assets": NaN,
        "Net Non Operating Interest Income Expense": -192159000.0,
        "Interest Expense Non Operating": 192159000.0,
        "Operating Income": -183122000.0,
        "Operating Expense": 215617000.0,
        "Research And Development": 12087000.0,
        "Selling General And Administration": 203530000.0,
        "Selling And Marketing Expense": 152264000.0,
        "General And Administrative Expense": 51266000.0,
        "Other Gand A": 51266000.0,
        "Gross Profit": 32495000.0,
        "Cost Of Revenue": 425693000.0,
        "Total Revenue": 458188000.0,
        "Operating Revenue": 458188000.0
    },
    "2024-06-30": {
        "Tax Effect Of Unusual Items": NaN,
        "Tax Rate For Calcs": NaN,
        "Normalized EBITDA": NaN,
        "Total Unusual Items": NaN,
        "Total Unusual Items Excluding Goodwill": NaN,
        "Net Income From Continuing Operation Net Minority Interest": NaN,
        "Reconciled Depreciation": NaN,
        "Reconciled Cost Of Revenue": NaN,
        "EBITDA": NaN,
        "EBIT": NaN,
        "Net Interest Income": NaN,
        "Interest Expense": NaN,
        "Normalized Income": NaN,
        "Net Income From Continuing And Discontinued Operation": NaN,
        "Total Expenses": NaN,
        "Total Operating Income As Reported": NaN,
        "Diluted Average Shares": NaN,
        "Basic Average Shares": NaN,
        "Diluted EPS": NaN,
        "Basic EPS": NaN,
        "Diluted NI Availto Com Stockholders": NaN,
        "Net Income Common Stockholders": NaN,
        "Otherunder Preferred Stock Dividend": -883000.0,
        "Net Income": NaN,
        "Minority Interests": NaN,
        "Net Income Including Noncontrolling Interests": NaN,
        "Net Income Continuous Operations": NaN,
        "Tax Provision": NaN,
        "Pretax Income": NaN,
        "Other Income Expense": NaN,
        "Other Non Operating Income Expenses": NaN,
        "Special Income Charges": NaN,
        "Impairment Of Capital Assets": NaN,
        "Net Non Operating Interest Income Expense": NaN,
        "Interest Expense Non Operating": NaN,
        "Operating Income": NaN,
        "Operating Expense": NaN,
        "Research And Development": NaN,
        "Selling General And Administration": NaN,
        "Selling And Marketing Expense": NaN,
        "General And Administrative Expense": NaN,
        "Other Gand A": NaN,
        "Gross Profit": NaN,
        "Cost Of Revenue": NaN,
        "Total Revenue": NaN,
        "Operating Revenue": NaN
    },
    "2024-09-30": {
        "Tax Effect Of Unusual Items": 0.0,
        "Tax Rate For Calcs": 0.032402,
        "Normalized EBITDA": -54848000.0,
        "Total Unusual Items": 0.0,
        "Total Unusual Items Excluding Goodwill": 0.0,
        "Net Income From Continuing Operation Net Minority Interest": -83766000.0,
        "Reconciled Depreciation": 155528000.0,
        "Reconciled Cost Of Revenue": 433694000.0,
        "EBITDA": -54848000.0,
        "EBIT": -210376000.0,
        "Net Interest Income": -215615000.0,
        "Interest Expense": 215615000.0,
        "Normalized Income": -83766000.0,
        "Net Income From Continuing And Discontinued Operation": -83766000.0,
        "Total Expenses": 664951000.0,
        "Total Operating Income As Reported": -127778000.0,
        "Diluted Average Shares": 223695000.0,
        "Basic Average Shares": 223695000.0,
        "Diluted EPS": -0.37,
        "Basic EPS": -0.37,
        "Diluted NI Availto Com Stockholders": -83766000.0,
        "Net Income Common Stockholders": -83766000.0,
        "Otherunder Preferred Stock Dividend": NaN,
        "Net Income": -83766000.0,
        "Minority Interests": 328422000.0,
        "Net Income Including Noncontrolling Interests": -412188000.0,
        "Net Income Continuous Operations": -412188000.0,
        "Tax Provision": -13803000.0,
        "Pretax Income": -425991000.0,
        "Other Income Expense": -82598000.0,
        "Other Non Operating Income Expenses": -82598000.0,
        "Special Income Charges": 0.0,
        "Impairment Of Capital Assets": 0.0,
        "Net Non Operating Interest Income Expense": -215615000.0,
        "Interest Expense Non Operating": 215615000.0,
        "Operating Income": -127778000.0,
        "Operating Expense": 231257000.0,
        "Research And Development": 8180000.0,
        "Selling General And Administration": 223077000.0,
        "Selling And Marketing Expense": 162490000.0,
        "General And Administrative Expense": 60587000.0,
        "Other Gand A": 60587000.0,
        "Gross Profit": 103479000.0,
        "Cost Of Revenue": 433694000.0,
        "Total Revenue": 537173000.0,
        "Operating Revenue": 537173000.0
    },
    "2024-12-31": {
        "Tax Effect Of Unusual Items": -655655280.0,
        "Tax Rate For Calcs": 0.21,
        "Normalized EBITDA": 118081000.0,
        "Total Unusual Items": -3122168000.0,
        "Total Unusual Items Excluding Goodwill": -3122168000.0,
        "Net Income From Continuing Operation Net Minority Interest": -2813657000.0,
        "Reconciled Depreciation": 162343000.0,
        "Reconciled Cost Of Revenue": 420993000.0,
        "EBITDA": -3004087000.0,
        "EBIT": -3166430000.0,
        "Net Interest Income": -233385000.0,
        "Interest Expense": 233385000.0,
        "Normalized Income": -347144280.0,
        "Net Income From Continuing And Discontinued Operation": -2813657000.0,
        "Total Expenses": 652583000.0,
        "Total Operating Income As Reported": -3256259000.0,
        "Diluted Average Shares": 224896000.0,
        "Basic Average Shares": 224896000.0,
        "Diluted EPS": -12.51,
        "Basic EPS": -12.51,
        "Diluted NI Availto Com Stockholders": -2813657000.0,
        "Net Income Common Stockholders": -2813657000.0,
        "Otherunder Preferred Stock Dividend": NaN,
        "Net Income": -2813657000.0,
        "Minority Interests": 586294000.0,
        "Net Income Including Noncontrolling Interests": -3399951000.0,
        "Net Income Continuous Operations": -3399951000.0,
        "Tax Provision": 136000.0,
        "Pretax Income": -3399815000.0,
        "Other Income Expense": -3032339000.0,
        "Other Non Operating Income Expenses": 89829000.0,
        "Special Income Charges": -3122168000.0,
        "Impairment Of Capital Assets": 3122168000.0,
        "Net Non Operating Interest Income Expense": -233385000.0,
        "Interest Expense Non Operating": 233385000.0,
        "Operating Income": -134091000.0,
        "Operating Expense": 231590000.0,
        "Research And Development": 8794000.0,
        "Selling General And Administration": 222796000.0,
        "Selling And Marketing Expense": 150751000.0,
        "General And Administrative Expense": 72045000.0,
        "Other Gand A": 72045000.0,
        "Gross Profit": 97499000.0,
        "Cost Of Revenue": 420993000.0,
        "Total Revenue": 518492000.0,
        "Operating Revenue": 518492000.0
    },
    "2025-03-31": {
        "Tax Effect Of Unusual Items": 0.0,
        "Tax Rate For Calcs": 0.285,
        "Normalized EBITDA": 9603000.0,
        "Total Unusual Items": NaN,
        "Total Unusual Items Excluding Goodwill": NaN,
        "Net Income From Continuing Operation Net Minority Interest": 50011000.0,
        "Reconciled Depreciation": 169890000.0,
        "Reconciled Cost Of Revenue": 405427000.0,
        "EBITDA": 9603000.0,
        "EBIT": -160287000.0,
        "Net Interest Income": -227434000.0,
        "Interest Expense": 227434000.0,
        "Normalized Income": 50011000.0,
        "Net Income From Continuing And Discontinued Operation": 50011000.0,
        "Total Expenses": 619159000.0,
        "Total Operating Income As Reported": -114888000.0,
        "Diluted Average Shares": 257911000.0,
        "Basic Average Shares": 226406000.0,
        "Diluted EPS": 0.2,
        "Basic EPS": 0.22,
        "Diluted NI Availto Com Stockholders": 50011000.0,
        "Net Income Common Stockholders": 50011000.0,
        "Otherunder Preferred Stock Dividend": NaN,
        "Net Income": 50011000.0,
        "Minority Interests": 327182000.0,
        "Net Income Including Noncontrolling Interests": -277171000.0,
        "Net Income Continuous Operations": -277171000.0,
        "Tax Provision": -110550000.0,
        "Pretax Income": -387721000.0,
        "Other Income Expense": -45399000.0,
        "Other Non Operating Income Expenses": -45399000.0,
        "Special Income Charges": NaN,
        "Impairment Of Capital Assets": NaN,
        "Net Non Operating Interest Income Expense": -227434000.0,
        "Interest Expense Non Operating": 227434000.0,
        "Operating Income": -114888000.0,
        "Operating Expense": 213732000.0,
        "Research And Development": 9979000.0,
        "Selling General And Administration": 203753000.0,
        "Selling And Marketing Expense": 145990000.0,
        "General And Administrative Expense": 57763000.0,
        "Other Gand A": 57763000.0,
        "Gross Profit": 98844000.0,
        "Cost Of Revenue": 405427000.0,
        "Total Revenue": 504271000.0,
        "Operating Revenue": 504271000.0
    },
    "2025-06-30": {
        "Tax Effect Of Unusual Items": 0.0,
        "Tax Rate For Calcs": 0.254,
        "Normalized EBITDA": 62936000.0,
        "Total Unusual Items": NaN,
        "Total Unusual Items Excluding Goodwill": NaN,
        "Net Income From Continuing Operation Net Minority Interest": 279773000.0,
        "Reconciled Depreciation": 189713000.0,
        "Reconciled Cost Of Revenue": 449520000.0,
        "EBITDA": 62936000.0,
        "EBIT": -126777000.0,
        "Net Interest Income": -247137000.0,
        "Interest Expense": 247137000.0,
        "Normalized Income": 279773000.0,
        "Net Income From Continuing And Discontinued Operation": 279773000.0,
        "Total Expenses": 681585000.0,
        "Total Operating Income As Reported": -112249000.0,
        "Diluted Average Shares": 261152000.0,
        "Basic Average Shares": 229167000.0,
        "Diluted EPS": 1.07,
        "Basic EPS": 1.22,
        "Diluted NI Availto Com Stockholders": 279773000.0,
        "Net Income Common Stockholders": 279773000.0,
        "Otherunder Preferred Stock Dividend": NaN,
        "Net Income": 279773000.0,
        "Minority Interests": 558757000.0,
        "Net Income Including Noncontrolling Interests": -278984000.0,
        "Net Income Continuous Operations": -278984000.0,
        "Tax Provision": -94930000.0,
        "Pretax Income": -373914000.0,
        "Other Income Expense": -14528000.0,
        "Other Non Operating Income Expenses": -14528000.0,
        "Special Income Charges": NaN,
        "Impairment Of Capital Assets": NaN,
        "Net Non Operating Interest Income Expense": -247137000.0,
        "Interest Expense Non Operating": 247137000.0,
        "Operating Income": -112249000.0,
        "Operating Expense": 232065000.0,
        "Research And Development": 8063000.0,
        "Selling General And Administration": 224002000.0,
        "Selling And Marketing Expense": 152459000.0,
        "General And Administrative Expense": 71543000.0,
        "Other Gand A": 71543000.0,
        "Gross Profit": 119816000.0,
        "Cost Of Revenue": 449520000.0,
        "Total Revenue": 569336000.0,
        "Operating Revenue": 569336000.0
    },
    "2025-09-30": {
        "Tax Effect Of Unusual Items": 0.0,
        "Tax Rate For Calcs": 0.007757,
        "Normalized EBITDA": 167317000.0,
        "Total Unusual Items": NaN,
        "Total Unusual Items Excluding Goodwill": NaN,
        "Net Income From Continuing Operation Net Minority Interest": 16589000.0,
        "Reconciled Depreciation": 181546000.0,
        "Reconciled Cost Of Revenue": 481291000.0,
        "EBITDA": 167317000.0,
        "EBIT": -14229000.0,
        "Net Interest Income": -265788000.0,
        "Interest Expense": 265788000.0,
        "Normalized Income": 16589000.0,
        "Net Income From Continuing And Discontinued Operation": 16589000.0,
        "Total Expenses": 720906000.0,
        "Total Operating Income As Reported": 3651000.0,
        "Diluted Average Shares": 267473000.0,
        "Basic Average Shares": 230980000.0,
        "Diluted EPS": 0.06,
        "Basic EPS": 0.07,
        "Diluted NI Availto Com Stockholders": 16589000.0,
        "Net Income Common Stockholders": 16589000.0,
        "Otherunder Preferred Stock Dividend": NaN,
        "Net Income": 16589000.0,
        "Minority Interests": 294434000.0,
        "Net Income Including Noncontrolling Interests": -277845000.0,
        "Net Income Continuous Operations": -277845000.0,
        "Tax Provision": -2172000.0,
        "Pretax Income": -280017000.0,
        "Other Income Expense": -17880000.0,
        "Other Non Operating Income Expenses": -17880000.0,
        "Special Income Charges": NaN,
        "Impairment Of Capital Assets": NaN,
        "Net Non Operating Interest Income Expense": -265788000.0,
        "Interest Expense Non Operating": 265788000.0,
        "Operating Income": 3651000.0,
        "Operating Expense": 239615000.0,
        "Research And Development": 9267000.0,
        "Selling General And Administration": 230348000.0,
        "Selling And Marketing Expense": 164798000.0,
        "General And Administrative Expense": 65550000.0,
        "Other Gand A": 65550000.0,
        "Gross Profit": 243266000.0,
        "Cost Of Revenue": 481291000.0,
        "Total Revenue": 724557000.0,
        "Operating Revenue": 724557000.0
    }
}