{
    "2023-06-30": {
        "Tax Effect Of Unusual Items": NaN,
        "Tax Rate For Calcs": NaN,
        "Normalized EBITDA": NaN,
        "Total Unusual Items": NaN,
        "Total Unusual Items Excluding Goodwill": NaN,
        "Net Income From Continuing Operation Net Minority Interest": NaN,
        "Reconciled Depreciation": NaN,
        "Reconciled Cost Of Revenue": NaN,
        "EBITDA": NaN,
        "EBIT": NaN,
        "Net Interest Income": NaN,
        "Interest Expense": NaN,
        "Normalized Income": NaN,
        "Net Income From Continuing And Discontinued Operation": NaN,
        "Total Expenses": NaN,
        "Rent Expense Supplemental": NaN,
        "Total Operating Income As Reported": NaN,
        "Diluted Average Shares": NaN,
        "Basic Average Shares": NaN,
        "Diluted EPS": NaN,
        "Basic EPS": NaN,
        "Diluted NI Availto Com Stockholders": NaN,
        "Net Income Common Stockholders": NaN,
        "Net Income": NaN,
        "Minority Interests": NaN,
        "Net Income Including Noncontrolling Interests": NaN,
        "Net Income Continuous Operations": NaN,
        "Tax Provision": NaN,
        "Pretax Income": NaN,
        "Other Income Expense": NaN,
        "Other Non Operating Income Expenses": NaN,
        "Special Income Charges": NaN,
        "Gain On Sale Of Ppe": NaN,
        "Net Non Operating Interest Income Expense": NaN,
        "Total Other Finance Cost": 12238000.0,
        "Interest Expense Non Operating": NaN,
        "Operating Income": NaN,
        "Operating Expense": NaN,
        "Depreciation Amortization Depletion Income Statement": NaN,
        "Depreciation And Amortization In Income Statement": NaN,
        "Selling General And Administration": NaN,
        "Gross Profit": NaN,
        "Cost Of Revenue": NaN,
        "Total Revenue": NaN,
        "Operating Revenue": NaN
    },
    "2023-03-31": {
        "Tax Effect Of Unusual Items": 30702.0,
        "Tax Rate For Calcs": 0.238,
        "Normalized EBITDA": 183890000.0,
        "Total Unusual Items": 129000.0,
        "Total Unusual Items Excluding Goodwill": 129000.0,
        "Net Income From Continuing Operation Net Minority Interest": 90455000.0,
        "Reconciled Depreciation": 53896000.0,
        "Reconciled Cost Of Revenue": 1473416000.0,
        "EBITDA": 184019000.0,
        "EBIT": 130123000.0,
        "Net Interest Income": -10983000.0,
        "Interest Expense": 10983000.0,
        "Normalized Income": 90356702.0,
        "Net Income From Continuing And Discontinued Operation": 90455000.0,
        "Total Expenses": 1784120000.0,
        "Rent Expense Supplemental": 60478000.0,
        "Total Operating Income As Reported": 127776000.0,
        "Diluted Average Shares": 84846000.0,
        "Basic Average Shares": 82150000.0,
        "Diluted EPS": 1.07,
        "Basic EPS": 1.1,
        "Diluted NI Availto Com Stockholders": 90455000.0,
        "Net Income Common Stockholders": 90455000.0,
        "Net Income": 90455000.0,
        "Minority Interests": -335000.0,
        "Net Income Including Noncontrolling Interests": 90790000.0,
        "Net Income Continuous Operations": 90790000.0,
        "Tax Provision": 28350000.0,
        "Pretax Income": 119140000.0,
        "Other Income Expense": 2476000.0,
        "Other Non Operating Income Expenses": 2347000.0,
        "Special Income Charges": 129000.0,
        "Gain On Sale Of Ppe": 129000.0,
        "Net Non Operating Interest Income Expense": -10983000.0,
        "Total Other Finance Cost": NaN,
        "Interest Expense Non Operating": 10983000.0,
        "Operating Income": 127647000.0,
        "Operating Expense": 271122000.0,
        "Depreciation Amortization Depletion Income Statement": 14314000.0,
        "Depreciation And Amortization In Income Statement": 14314000.0,
        "Selling General And Administration": 256808000.0,
        "Gross Profit": 398769000.0,
        "Cost Of Revenue": 1512998000.0,
        "Total Revenue": 1911767000.0,
        "Operating Revenue": 1903188000.0
    },
    "2022-12-31": {
        "Tax Effect Of Unusual Items": NaN,
        "Tax Rate For Calcs": NaN,
        "Normalized EBITDA": NaN,
        "Total Unusual Items": NaN,
        "Total Unusual Items Excluding Goodwill": NaN,
        "Net Income From Continuing Operation Net Minority Interest": NaN,
        "Reconciled Depreciation": NaN,
        "Reconciled Cost Of Revenue": NaN,
        "EBITDA": NaN,
        "EBIT": NaN,
        "Net Interest Income": NaN,
        "Interest Expense": 9101000.0,
        "Normalized Income": NaN,
        "Net Income From Continuing And Discontinued Operation": NaN,
        "Total Expenses": NaN,
        "Rent Expense Supplemental": NaN,
        "Total Operating Income As Reported": NaN,
        "Diluted Average Shares": NaN,
        "Basic Average Shares": NaN,
        "Diluted EPS": NaN,
        "Basic EPS": NaN,
        "Diluted NI Availto Com Stockholders": NaN,
        "Net Income Common Stockholders": NaN,
        "Net Income": NaN,
        "Minority Interests": NaN,
        "Net Income Including Noncontrolling Interests": NaN,
        "Net Income Continuous Operations": NaN,
        "Tax Provision": NaN,
        "Pretax Income": NaN,
        "Other Income Expense": NaN,
        "Other Non Operating Income Expenses": NaN,
        "Special Income Charges": NaN,
        "Gain On Sale Of Ppe": NaN,
        "Net Non Operating Interest Income Expense": NaN,
        "Total Other Finance Cost": NaN,
        "Interest Expense Non Operating": 9101000.0,
        "Operating Income": NaN,
        "Operating Expense": NaN,
        "Depreciation Amortization Depletion Income Statement": NaN,
        "Depreciation And Amortization In Income Statement": NaN,
        "Selling General And Administration": NaN,
        "Gross Profit": NaN,
        "Cost Of Revenue": NaN,
        "Total Revenue": NaN,
        "Operating Revenue": NaN
    },
    "2022-09-30": {
        "Tax Effect Of Unusual Items": NaN,
        "Tax Rate For Calcs": NaN,
        "Normalized EBITDA": NaN,
        "Total Unusual Items": NaN,
        "Total Unusual Items Excluding Goodwill": NaN,
        "Net Income From Continuing Operation Net Minority Interest": NaN,
        "Reconciled Depreciation": NaN,
        "Reconciled Cost Of Revenue": NaN,
        "EBITDA": NaN,
        "EBIT": NaN,
        "Net Interest Income": NaN,
        "Interest Expense": NaN,
        "Normalized Income": NaN,
        "Net Income From Continuing And Discontinued Operation": NaN,
        "Total Expenses": NaN,
        "Rent Expense Supplemental": NaN,
        "Total Operating Income As Reported": NaN,
        "Diluted Average Shares": NaN,
        "Basic Average Shares": NaN,
        "Diluted EPS": NaN,
        "Basic EPS": NaN,
        "Diluted NI Availto Com Stockholders": NaN,
        "Net Income Common Stockholders": NaN,
        "Net Income": NaN,
        "Minority Interests": NaN,
        "Net Income Including Noncontrolling Interests": NaN,
        "Net Income Continuous Operations": NaN,
        "Tax Provision": NaN,
        "Pretax Income": NaN,
        "Other Income Expense": NaN,
        "Other Non Operating Income Expenses": NaN,
        "Special Income Charges": NaN,
        "Gain On Sale Of Ppe": NaN,
        "Net Non Operating Interest Income Expense": NaN,
        "Total Other Finance Cost": 6275000.0,
        "Interest Expense Non Operating": NaN,
        "Operating Income": NaN,
        "Operating Expense": NaN,
        "Depreciation Amortization Depletion Income Statement": NaN,
        "Depreciation And Amortization In Income Statement": NaN,
        "Selling General And Administration": NaN,
        "Gross Profit": NaN,
        "Cost Of Revenue": NaN,
        "Total Revenue": NaN,
        "Operating Revenue": NaN
    },
    "2022-06-30": {
        "Tax Effect Of Unusual Items": 9263.703027,
        "Tax Rate For Calcs": 0.210539,
        "Normalized EBITDA": 148845000.0,
        "Total Unusual Items": 44000.0,
        "Total Unusual Items Excluding Goodwill": 44000.0,
        "Net Income From Continuing Operation Net Minority Interest": 110227000.0,
        "Reconciled Depreciation": 13910000.0,
        "Reconciled Cost Of Revenue": 1417025000.0,
        "EBITDA": 148889000.0,
        "EBIT": 134979000.0,
        "Net Interest Income": -3168000.0,
        "Interest Expense": NaN,
        "Normalized Income": 110192263.703027,
        "Net Income From Continuing And Discontinued Operation": 110227000.0,
        "Total Expenses": 1656262000.0,
        "Rent Expense Supplemental": 55335000.0,
        "Total Operating Income As Reported": 135023000.0,
        "Diluted Average Shares": 85965000.0,
        "Basic Average Shares": 83460000.0,
        "Diluted EPS": 1.28,
        "Basic EPS": 1.32,
        "Diluted NI Availto Com Stockholders": 110227000.0,
        "Net Income Common Stockholders": 110227000.0,
        "Net Income": 110227000.0,
        "Minority Interests": -446000.0,
        "Net Income Including Noncontrolling Interests": 110673000.0,
        "Net Income Continuous Operations": 110673000.0,
        "Tax Provision": 29515000.0,
        "Pretax Income": 140188000.0,
        "Other Income Expense": 8377000.0,
        "Other Non Operating Income Expenses": 8333000.0,
        "Special Income Charges": 44000.0,
        "Gain On Sale Of Ppe": 44000.0,
        "Net Non Operating Interest Income Expense": -3168000.0,
        "Total Other Finance Cost": 3168000.0,
        "Interest Expense Non Operating": NaN,
        "Operating Income": 134979000.0,
        "Operating Expense": 239237000.0,
        "Depreciation Amortization Depletion Income Statement": 13910000.0,
        "Depreciation And Amortization In Income Statement": 13910000.0,
        "Selling General And Administration": 225327000.0,
        "Gross Profit": 374216000.0,
        "Cost Of Revenue": 1417025000.0,
        "Total Revenue": 1791241000.0,
        "Operating Revenue": 1784846000.0
    },
    "2022-03-31": {
        "Diluted EPS": 1.6,
        "Total Revenue": NaN,
        "Gross Profit": 345,
        "Operating Income": 107,
        "EBIT": 153,
        "Net Income": 92
    },
    "2021-12-31": {
        "Diluted EPS": 1.18,
        "Total Revenue": NaN,
        "Gross Profit": 294,
        "Operating Income": 90,
        "EBIT": 133,
        "Net Income": 69
    },
    "2021-09-30": {
        "Diluted EPS": 1.2,
        "Total Revenue": NaN,
        "Gross Profit": 282,
        "Operating Income": 90,
        "EBIT": 132,
        "Net Income": 69
    },
    "2021-06-30": {
        "Diluted EPS": 1.0,
        "Total Revenue": NaN,
        "Gross Profit": 271,
        "Operating Income": 73,
        "EBIT": 115,
        "Net Income": 58
    },
    "2021-03-31": {
        "Diluted EPS": 0.79,
        "Total Revenue": NaN,
        "Gross Profit": 245,
        "Operating Income": 56,
        "EBIT": 99,
        "Net Income": 45
    },
    "2020-12-31": {
        "Diluted EPS": 0.73,
        "Total Revenue": NaN,
        "Gross Profit": 236,
        "Operating Income": 54,
        "EBIT": 97,
        "Net Income": 41
    },
    "2020-09-30": {
        "Diluted EPS": 0.6,
        "Total Revenue": NaN,
        "Gross Profit": 212,
        "Operating Income": 43,
        "EBIT": 87,
        "Net Income": 34
    },
    "2020-06-30": {
        "Diluted EPS": 0.3,
        "Total Revenue": NaN,
        "Gross Profit": 192,
        "Operating Income": 23,
        "EBIT": 68,
        "Net Income": 17
    },
    "2020-03-31": {
        "Diluted EPS": 0.41,
        "Total Revenue": NaN,
        "Gross Profit": 235,
        "Operating Income": 35,
        "EBIT": 80,
        "Net Income": 23
    },
    "2019-12-31": {
        "Diluted EPS": 0.42,
        "Total Revenue": NaN,
        "Gross Profit": 234,
        "Operating Income": 39,
        "EBIT": 85,
        "Net Income": 24
    },
    "2019-09-30": {
        "Diluted EPS": 0.7,
        "Total Revenue": NaN,
        "Gross Profit": 265,
        "Operating Income": 58,
        "EBIT": 103,
        "Net Income": 39
    },
    "2019-06-30": {
        "Diluted EPS": 0.73,
        "Total Revenue": NaN,
        "Gross Profit": 270,
        "Operating Income": 62,
        "EBIT": 105,
        "Net Income": 42
    },
    "2019-03-31": {
        "Diluted EPS": 0.65,
        "Total Revenue": NaN,
        "Gross Profit": 257,
        "Operating Income": 57,
        "EBIT": 99,
        "Net Income": 37
    },
    "2018-12-31": {
        "Diluted EPS": 0.79,
        "Total Revenue": NaN,
        "Gross Profit": 259,
        "Operating Income": 68,
        "EBIT": 111,
        "Net Income": 47
    },
    "2018-09-30": {
        "Diluted EPS": 0.69,
        "Total Revenue": NaN,
        "Gross Profit": 249,
        "Operating Income": 59,
        "EBIT": 100,
        "Net Income": 42
    },
    "2018-06-30": {
        "Diluted EPS": 0.48,
        "Total Revenue": NaN,
        "Gross Profit": 243,
        "Operating Income": 43,
        "EBIT": 93,
        "Net Income": 29
    },
    "2018-03-31": {
        "Diluted EPS": 0.34,
        "Total Revenue": NaN,
        "Gross Profit": 227,
        "Operating Income": 32,
        "EBIT": 83,
        "Net Income": 21
    },
    "2017-12-31": {
        "Diluted EPS": 1.72,
        "Total Revenue": NaN,
        "Gross Profit": 213,
        "Operating Income": 38,
        "EBIT": 79,
        "Net Income": 106
    },
    "2017-09-30": {
        "Diluted EPS": 0.48,
        "Total Revenue": NaN,
        "Gross Profit": 220,
        "Operating Income": 48,
        "EBIT": 88,
        "Net Income": 30
    },
    "2017-06-30": {
        "Diluted EPS": 0.36,
        "Total Revenue": NaN,
        "Gross Profit": 209,
        "Operating Income": 37,
        "EBIT": 76,
        "Net Income": 22
    },
    "2017-03-31": {
        "Diluted EPS": 0.24,
        "Total Revenue": NaN,
        "Gross Profit": 188,
        "Operating Income": 25,
        "EBIT": 64,
        "Net Income": 14
    },
    "2016-12-31": {
        "Diluted EPS": 0.2,
        "Total Revenue": NaN,
        "Gross Profit": 173,
        "Operating Income": 23,
        "EBIT": 63,
        "Net Income": 12
    },
    "2016-09-30": {
        "Diluted EPS": 0.25,
        "Total Revenue": NaN,
        "Gross Profit": 181,
        "Operating Income": 28,
        "EBIT": 67,
        "Net Income": 15
    },
    "2016-06-30": {
        "Diluted EPS": 0.18,
        "Total Revenue": NaN,
        "Gross Profit": 180,
        "Operating Income": 22,
        "EBIT": 61,
        "Net Income": 11
    },
    "2016-03-31": {
        "Diluted EPS": 0.04,
        "Total Revenue": NaN,
        "Gross Profit": 183,
        "Operating Income": 8,
        "EBIT": 47,
        "Net Income": 2
    },
    "2015-12-31": {
        "Diluted EPS": 0.16,
        "Total Revenue": NaN,
        "Gross Profit": 176,
        "Operating Income": 19,
        "EBIT": 58,
        "Net Income": 10
    },
    "2015-09-30": {
        "Diluted EPS": 0.32,
        "Total Revenue": NaN,
        "Gross Profit": 208,
        "Operating Income": 36,
        "EBIT": 73,
        "Net Income": 20
    },
    "2015-06-30": {
        "Diluted EPS": 0.32,
        "Total Revenue": NaN,
        "Gross Profit": 208,
        "Operating Income": 36,
        "EBIT": 71,
        "Net Income": 20
    },
    "2015-03-31": {
        "Diluted EPS": 0.27,
        "Total Revenue": NaN,
        "Gross Profit": 194,
        "Operating Income": 30,
        "EBIT": 64,
        "Net Income": 17
    },
    "2014-12-31": {
        "Diluted EPS": 0.4,
        "Total Revenue": NaN,
        "Gross Profit": 198,
        "Operating Income": 43,
        "EBIT": 79,
        "Net Income": 25
    },
    "2014-09-30": {
        "Diluted EPS": 0.38,
        "Total Revenue": NaN,
        "Gross Profit": 199,
        "Operating Income": 41,
        "EBIT": 72,
        "Net Income": 23
    },
    "2014-06-30": {
        "Diluted EPS": 0.33,
        "Total Revenue": NaN,
        "Gross Profit": 193,
        "Operating Income": 35,
        "EBIT": 65,
        "Net Income": 20
    },
    "2014-03-31": {
        "Diluted EPS": 0.2,
        "Total Revenue": 959,
        "Gross Profit": 166,
        "Operating Income": 23,
        "EBIT": 52,
        "Net Income": 12
    },
    "2013-12-31": {
        "Diluted EPS": 0.25,
        "Total Revenue": 925,
        "Gross Profit": 150,
        "Operating Income": 27,
        "EBIT": 53,
        "Net Income": 15
    },
    "2013-09-30": {
        "Diluted EPS": 0.25,
        "Total Revenue": 913,
        "Gross Profit": 150,
        "Operating Income": 28,
        "EBIT": 51,
        "Net Income": 15
    },
    "2013-06-30": {
        "Diluted EPS": 0.09,
        "Total Revenue": 790,
        "Gross Profit": 138,
        "Operating Income": 12,
        "EBIT": 34,
        "Net Income": 6
    },
    "2013-03-31": {
        "Diluted EPS": 0.23,
        "Total Revenue": 757,
        "Gross Profit": 134,
        "Operating Income": 25,
        "EBIT": 46,
        "Net Income": 14
    },
    "2012-12-31": {
        "Diluted EPS": 0.23,
        "Total Revenue": 732,
        "Gross Profit": 118,
        "Operating Income": 25,
        "EBIT": 45,
        "Net Income": 14
    },
    "2012-09-30": {
        "Diluted EPS": 0.25,
        "Total Revenue": 745,
        "Gross Profit": 125,
        "Operating Income": 28,
        "EBIT": 47,
        "Net Income": 15
    },
    "2012-06-30": {
        "Diluted EPS": 0.29,
        "Total Revenue": 836,
        "Gross Profit": 130,
        "Operating Income": 32,
        "EBIT": 50,
        "Net Income": 17
    },
    "2012-03-31": {
        "Diluted EPS": 0.27,
        "Total Revenue": 777,
        "Gross Profit": 128,
        "Operating Income": 29,
        "EBIT": 46,
        "Net Income": 16
    },
    "2011-12-31": {
        "Diluted EPS": 0.33,
        "Total Revenue": 776,
        "Gross Profit": 122,
        "Operating Income": 34,
        "EBIT": 50,
        "Net Income": 19
    },
    "2011-09-30": {
        "Diluted EPS": 0.27,
        "Total Revenue": 696,
        "Gross Profit": 114,
        "Operating Income": 28,
        "EBIT": 43,
        "Net Income": 16
    },
    "2011-06-30": {
        "Diluted EPS": 0.21,
        "Total Revenue": 662,
        "Gross Profit": 106,
        "Operating Income": 22,
        "EBIT": 35,
        "Net Income": 13
    },
    "2011-03-31": {
        "Diluted EPS": 0.13,
        "Total Revenue": 446,
        "Gross Profit": 82,
        "Operating Income": 13,
        "EBIT": 25,
        "Net Income": 7
    },
    "2010-12-31": {
        "Diluted EPS": 0.16,
        "Total Revenue": 463,
        "Gross Profit": 79,
        "Operating Income": 13,
        "EBIT": 26,
        "Net Income": 9
    },
    "2010-09-30": {
        "Diluted EPS": 0.25,
        "Total Revenue": 406,
        "Gross Profit": 78,
        "Operating Income": 14,
        "EBIT": 26,
        "Net Income": 14
    },
    "2010-06-30": {
        "Diluted EPS": 0.1,
        "Total Revenue": 330,
        "Gross Profit": 69,
        "Operating Income": 10,
        "EBIT": 21,
        "Net Income": 6
    },
    "2010-03-31": {
        "Diluted EPS": 0.04,
        "Total Revenue": 299,
        "Gross Profit": 58,
        "Operating Income": 4,
        "EBIT": 15,
        "Net Income": 2
    },
    "2009-12-31": {
        "Diluted EPS": 0.03,
        "Total Revenue": 275,
        "Gross Profit": 48,
        "Operating Income": 4,
        "EBIT": 14,
        "Net Income": 2
    },
    "2009-09-30": {
        "Diluted EPS": 0.05,
        "Total Revenue": 294,
        "Gross Profit": 55,
        "Operating Income": 1,
        "EBIT": 11,
        "Net Income": 3
    },
    "2009-06-30": {
        "Diluted EPS": -0.03,
        "Total Revenue": 303,
        "Gross Profit": 51,
        "Operating Income": -3,
        "EBIT": 8,
        "Net Income": -2
    },
    "2009-03-31": {
        "Diluted EPS": 0.05,
        "Total Revenue": 329,
        "Gross Profit": 62,
        "Operating Income": 6,
        "EBIT": 16,
        "Net Income": 3
    },
    "2023-09-30": {
        "Tax Effect Of Unusual Items": NaN,
        "Tax Rate For Calcs": NaN,
        "Normalized EBITDA": NaN,
        "Total Unusual Items": NaN,
        "Total Unusual Items Excluding Goodwill": NaN,
        "Net Income From Continuing Operation Net Minority Interest": NaN,
        "Reconciled Depreciation": NaN,
        "Reconciled Cost Of Revenue": NaN,
        "EBITDA": NaN,
        "EBIT": NaN,
        "Net Interest Income": NaN,
        "Interest Expense": NaN,
        "Normalized Income": NaN,
        "Net Income From Continuing And Discontinued Operation": NaN,
        "Total Expenses": NaN,
        "Rent Expense Supplemental": NaN,
        "Total Operating Income As Reported": NaN,
        "Diluted Average Shares": 83987000.0,
        "Basic Average Shares": 81229000.0,
        "Diluted EPS": 0.96,
        "Basic EPS": 0.99,
        "Diluted NI Availto Com Stockholders": NaN,
        "Net Income Common Stockholders": NaN,
        "Net Income": NaN,
        "Minority Interests": NaN,
        "Net Income Including Noncontrolling Interests": NaN,
        "Net Income Continuous Operations": NaN,
        "Tax Provision": NaN,
        "Pretax Income": NaN,
        "Other Income Expense": NaN,
        "Other Non Operating Income Expenses": NaN,
        "Special Income Charges": NaN,
        "Gain On Sale Of Ppe": NaN,
        "Net Non Operating Interest Income Expense": NaN,
        "Interest Expense Non Operating": NaN,
        "Operating Income": NaN,
        "Operating Expense": NaN,
        "Depreciation Amortization Depletion Income Statement": NaN,
        "Depreciation And Amortization In Income Statement": NaN,
        "Selling General And Administration": NaN,
        "Gross Profit": NaN,
        "Cost Of Revenue": NaN,
        "Total Revenue": NaN,
        "Operating Revenue": NaN
    },
    "2023-12-31": {
        "Tax Effect Of Unusual Items": 62961.0153,
        "Tax Rate For Calcs": 0.254903,
        "Normalized EBITDA": 176864000.0,
        "Total Unusual Items": 247000.0,
        "Total Unusual Items Excluding Goodwill": 247000.0,
        "Net Income From Continuing Operation Net Minority Interest": 78047000.0,
        "Reconciled Depreciation": 55996000.0,
        "Reconciled Cost Of Revenue": 1602500000.0,
        "EBITDA": 177111000.0,
        "EBIT": 121115000.0,
        "Net Interest Income": -15502000.0,
        "Interest Expense": 16279000.0,
        "Normalized Income": 77862961.0153,
        "Net Income From Continuing And Discontinued Operation": 78047000.0,
        "Total Expenses": 1909587000.0,
        "Rent Expense Supplemental": 63837000.0,
        "Total Operating Income As Reported": 120125000.0,
        "Diluted Average Shares": 82143000.0,
        "Basic Average Shares": 79453000.0,
        "Diluted EPS": 0.95,
        "Basic EPS": 0.98,
        "Diluted NI Availto Com Stockholders": 78047000.0,
        "Net Income Common Stockholders": 78047000.0,
        "Net Income": 78047000.0,
        "Minority Interests": -66000.0,
        "Net Income Including Noncontrolling Interests": 78113000.0,
        "Net Income Continuous Operations": 78113000.0,
        "Tax Provision": 26723000.0,
        "Pretax Income": 104836000.0,
        "Other Income Expense": 460000.0,
        "Other Non Operating Income Expenses": 213000.0,
        "Special Income Charges": 247000.0,
        "Gain On Sale Of Ppe": 247000.0,
        "Net Non Operating Interest Income Expense": -15502000.0,
        "Interest Expense Non Operating": 16279000.0,
        "Operating Income": 119878000.0,
        "Operating Expense": 266190000.0,
        "Depreciation Amortization Depletion Income Statement": 15099000.0,
        "Depreciation And Amortization In Income Statement": 15099000.0,
        "Selling General And Administration": 251091000.0,
        "Gross Profit": 386068000.0,
        "Cost Of Revenue": 1643397000.0,
        "Total Revenue": 2029465000.0,
        "Operating Revenue": 2023138000.0
    },
    "2024-03-31": {
        "Tax Effect Of Unusual Items": 34464.089469,
        "Tax Rate For Calcs": 0.229761,
        "Normalized EBITDA": 167471000.0,
        "Total Unusual Items": 150000.0,
        "Total Unusual Items Excluding Goodwill": 150000.0,
        "Net Income From Continuing Operation Net Minority Interest": 71608000.0,
        "Reconciled Depreciation": 56834000.0,
        "Reconciled Cost Of Revenue": 1441040000.0,
        "EBITDA": 167621000.0,
        "EBIT": 110787000.0,
        "Net Interest Income": -17973000.0,
        "Interest Expense": 17973000.0,
        "Normalized Income": 71492464.089469,
        "Net Income From Continuing And Discontinued Operation": 71608000.0,
        "Total Expenses": 1761539000.0,
        "Rent Expense Supplemental": 63770000.0,
        "Total Operating Income As Reported": 110610000.0,
        "Diluted Average Shares": 81454000.0,
        "Basic Average Shares": 78483000.0,
        "Diluted EPS": 0.88,
        "Basic EPS": 0.91,
        "Diluted NI Availto Com Stockholders": 71608000.0,
        "Net Income Common Stockholders": 71608000.0,
        "Net Income": 71608000.0,
        "Minority Interests": 119000.0,
        "Net Income Including Noncontrolling Interests": 71489000.0,
        "Net Income Continuous Operations": 71489000.0,
        "Tax Provision": 21325000.0,
        "Pretax Income": 92814000.0,
        "Other Income Expense": 327000.0,
        "Other Non Operating Income Expenses": 177000.0,
        "Special Income Charges": 150000.0,
        "Gain On Sale Of Ppe": 150000.0,
        "Net Non Operating Interest Income Expense": -17973000.0,
        "Interest Expense Non Operating": 17973000.0,
        "Operating Income": 110460000.0,
        "Operating Expense": 279415000.0,
        "Depreciation Amortization Depletion Income Statement": 15750000.0,
        "Depreciation And Amortization In Income Statement": 15750000.0,
        "Selling General And Administration": 263665000.0,
        "Gross Profit": 389875000.0,
        "Cost Of Revenue": 1482124000.0,
        "Total Revenue": 1871999000.0,
        "Operating Revenue": 1865830000.0
    },
    "2024-06-30": {
        "Tax Effect Of Unusual Items": -11760.0,
        "Tax Rate For Calcs": 0.245,
        "Normalized EBITDA": 182057000.0,
        "Total Unusual Items": -48000.0,
        "Total Unusual Items Excluding Goodwill": -48000.0,
        "Net Income From Continuing Operation Net Minority Interest": 78661000.0,
        "Reconciled Depreciation": 57484000.0,
        "Reconciled Cost Of Revenue": 1593647000.0,
        "EBITDA": 182009000.0,
        "EBIT": 124525000.0,
        "Net Interest Income": -19464000.0,
        "Interest Expense": 19464000.0,
        "Normalized Income": 78697240.0,
        "Net Income From Continuing And Discontinued Operation": 78661000.0,
        "Total Expenses": 1902499000.0,
        "Rent Expense Supplemental": 62687000.0,
        "Total Operating Income As Reported": 124481000.0,
        "Diluted Average Shares": NaN,
        "Basic Average Shares": NaN,
        "Diluted EPS": NaN,
        "Basic EPS": NaN,
        "Diluted NI Availto Com Stockholders": 78661000.0,
        "Net Income Common Stockholders": 78661000.0,
        "Net Income": 78661000.0,
        "Minority Interests": -122000.0,
        "Net Income Including Noncontrolling Interests": 78783000.0,
        "Net Income Continuous Operations": 78783000.0,
        "Tax Provision": 26278000.0,
        "Pretax Income": 105061000.0,
        "Other Income Expense": -4000.0,
        "Other Non Operating Income Expenses": 44000.0,
        "Special Income Charges": -48000.0,
        "Gain On Sale Of Ppe": -48000.0,
        "Net Non Operating Interest Income Expense": -19464000.0,
        "Interest Expense Non Operating": 19464000.0,
        "Operating Income": 124529000.0,
        "Operating Expense": 267860000.0,
        "Depreciation Amortization Depletion Income Statement": 16492000.0,
        "Depreciation And Amortization In Income Statement": 16492000.0,
        "Selling General And Administration": 251368000.0,
        "Gross Profit": 392389000.0,
        "Cost Of Revenue": 1634639000.0,
        "Total Revenue": 2027028000.0,
        "Operating Revenue": 2021322000.0
    },
    "2024-09-30": {
        "Tax Effect Of Unusual Items": 135240.0,
        "Tax Rate For Calcs": 0.23,
        "Normalized EBITDA": 181458000.0,
        "Total Unusual Items": 588000.0,
        "Total Unusual Items Excluding Goodwill": 588000.0,
        "Net Income From Continuing Operation Net Minority Interest": 79132000.0,
        "Reconciled Depreciation": 61143000.0,
        "Reconciled Cost Of Revenue": 1475083000.0,
        "EBITDA": 182046000.0,
        "EBIT": 120903000.0,
        "Net Interest Income": -17664000.0,
        "Interest Expense": 17664000.0,
        "Normalized Income": 78679240.0,
        "Net Income From Continuing And Discontinued Operation": 79132000.0,
        "Total Expenses": 1775967000.0,
        "Rent Expense Supplemental": 63607000.0,
        "Total Operating Income As Reported": 120754000.0,
        "Diluted Average Shares": 81884000.0,
        "Basic Average Shares": 79216000.0,
        "Diluted EPS": 0.97,
        "Basic EPS": 1.0,
        "Diluted NI Availto Com Stockholders": 79132000.0,
        "Net Income Common Stockholders": 79132000.0,
        "Net Income": 79132000.0,
        "Minority Interests": -288000.0,
        "Net Income Including Noncontrolling Interests": 79420000.0,
        "Net Income Continuous Operations": 79420000.0,
        "Tax Provision": 23819000.0,
        "Pretax Income": 103239000.0,
        "Other Income Expense": 737000.0,
        "Other Non Operating Income Expenses": 149000.0,
        "Special Income Charges": 588000.0,
        "Gain On Sale Of Ppe": 588000.0,
        "Net Non Operating Interest Income Expense": -17664000.0,
        "Interest Expense Non Operating": 17664000.0,
        "Operating Income": 120166000.0,
        "Operating Expense": 258875000.0,
        "Depreciation Amortization Depletion Income Statement": 19134000.0,
        "Depreciation And Amortization In Income Statement": 19134000.0,
        "Selling General And Administration": 239741000.0,
        "Gross Profit": 379041000.0,
        "Cost Of Revenue": 1517092000.0,
        "Total Revenue": 1896133000.0,
        "Operating Revenue": 1891209000.0
    },
    "2024-12-31": {
        "Tax Effect Of Unusual Items": 26363.088282,
        "Tax Rate For Calcs": 0.221539,
        "Normalized EBITDA": 174145000.0,
        "Total Unusual Items": 119000.0,
        "Total Unusual Items Excluding Goodwill": 119000.0,
        "Net Income From Continuing Operation Net Minority Interest": 74752000.0,
        "Reconciled Depreciation": 60640000.0,
        "Reconciled Cost Of Revenue": 1596008000.0,
        "EBITDA": 174264000.0,
        "EBIT": 113624000.0,
        "Net Interest Income": -15757000.0,
        "Interest Expense": 16923000.0,
        "Normalized Income": 74659363.088282,
        "Net Income From Continuing And Discontinued Operation": 74752000.0,
        "Total Expenses": 1897460000.0,
        "Rent Expense Supplemental": 65464000.0,
        "Total Operating Income As Reported": 112245000.0,
        "Diluted Average Shares": 82439000.0,
        "Basic Average Shares": 79589000.0,
        "Diluted EPS": 0.91,
        "Basic EPS": 0.94,
        "Diluted NI Availto Com Stockholders": 74752000.0,
        "Net Income Common Stockholders": 74752000.0,
        "Net Income": 74752000.0,
        "Minority Interests": -526000.0,
        "Net Income Including Noncontrolling Interests": 75278000.0,
        "Net Income Continuous Operations": 75278000.0,
        "Tax Provision": 21423000.0,
        "Pretax Income": 96701000.0,
        "Other Income Expense": 332000.0,
        "Other Non Operating Income Expenses": 213000.0,
        "Special Income Charges": 119000.0,
        "Gain On Sale Of Ppe": 119000.0,
        "Net Non Operating Interest Income Expense": -15757000.0,
        "Interest Expense Non Operating": 16923000.0,
        "Operating Income": 112126000.0,
        "Operating Expense": 257985000.0,
        "Depreciation Amortization Depletion Income Statement": 17173000.0,
        "Depreciation And Amortization In Income Statement": 17173000.0,
        "Selling General And Administration": 240812000.0,
        "Gross Profit": 370111000.0,
        "Cost Of Revenue": 1639475000.0,
        "Total Revenue": 2009586000.0,
        "Operating Revenue": 2003412000.0
    },
    "2025-03-31": {
        "Tax Effect Of Unusual Items": 38304.0,
        "Tax Rate For Calcs": 0.228,
        "Normalized EBITDA": 152752000.0,
        "Total Unusual Items": 168000.0,
        "Total Unusual Items Excluding Goodwill": 168000.0,
        "Net Income From Continuing Operation Net Minority Interest": 60322000.0,
        "Reconciled Depreciation": 61491000.0,
        "Reconciled Cost Of Revenue": 1448835000.0,
        "EBITDA": 152920000.0,
        "EBIT": 91429000.0,
        "Net Interest Income": -12863000.0,
        "Interest Expense": 12863000.0,
        "Normalized Income": 60192304.0,
        "Net Income From Continuing And Discontinued Operation": 60322000.0,
        "Total Expenses": 1759129000.0,
        "Rent Expense Supplemental": 64794000.0,
        "Total Operating Income As Reported": 91869000.0,
        "Diluted Average Shares": 82381000.0,
        "Basic Average Shares": 79661000.0,
        "Diluted EPS": 0.73,
        "Basic EPS": 0.76,
        "Diluted NI Availto Com Stockholders": 60322000.0,
        "Net Income Common Stockholders": 60322000.0,
        "Net Income": 60322000.0,
        "Minority Interests": -295000.0,
        "Net Income Including Noncontrolling Interests": 60617000.0,
        "Net Income Continuous Operations": 60617000.0,
        "Tax Provision": 17949000.0,
        "Pretax Income": 78566000.0,
        "Other Income Expense": -272000.0,
        "Other Non Operating Income Expenses": -440000.0,
        "Special Income Charges": 168000.0,
        "Gain On Sale Of Ppe": 168000.0,
        "Net Non Operating Interest Income Expense": -12863000.0,
        "Interest Expense Non Operating": 12863000.0,
        "Operating Income": 91701000.0,
        "Operating Expense": 266059000.0,
        "Depreciation Amortization Depletion Income Statement": 17256000.0,
        "Depreciation And Amortization In Income Statement": 17256000.0,
        "Selling General And Administration": 248803000.0,
        "Gross Profit": 357760000.0,
        "Cost Of Revenue": 1493070000.0,
        "Total Revenue": 1850830000.0,
        "Operating Revenue": 1845303000.0
    },
    "2025-06-30": {
        "Tax Effect Of Unusual Items": 31496.0,
        "Tax Rate For Calcs": 0.248,
        "Normalized EBITDA": 172738000.0,
        "Total Unusual Items": 127000.0,
        "Total Unusual Items Excluding Goodwill": 127000.0,
        "Net Income From Continuing Operation Net Minority Interest": 72438000.0,
        "Reconciled Depreciation": 63031000.0,
        "Reconciled Cost Of Revenue": 1505616000.0,
        "EBITDA": 172865000.0,
        "EBIT": 109834000.0,
        "Net Interest Income": -12726000.0,
        "Interest Expense": 12726000.0,
        "Normalized Income": 72342496.0,
        "Net Income From Continuing And Discontinued Operation": 72438000.0,
        "Total Expenses": 1820628000.0,
        "Rent Expense Supplemental": 66381000.0,
        "Total Operating Income As Reported": 110206000.0,
        "Diluted Average Shares": 80487000.0,
        "Basic Average Shares": 78300000.0,
        "Diluted EPS": 0.9,
        "Basic EPS": 0.93,
        "Diluted NI Availto Com Stockholders": 72438000.0,
        "Net Income Common Stockholders": 72438000.0,
        "Net Income": 72438000.0,
        "Minority Interests": -551000.0,
        "Net Income Including Noncontrolling Interests": 72989000.0,
        "Net Income Continuous Operations": 72989000.0,
        "Tax Provision": 24119000.0,
        "Pretax Income": 97108000.0,
        "Other Income Expense": -245000.0,
        "Other Non Operating Income Expenses": -372000.0,
        "Special Income Charges": 127000.0,
        "Gain On Sale Of Ppe": 127000.0,
        "Net Non Operating Interest Income Expense": -12726000.0,
        "Interest Expense Non Operating": 12726000.0,
        "Operating Income": 110079000.0,
        "Operating Expense": 269592000.0,
        "Depreciation Amortization Depletion Income Statement": 17611000.0,
        "Depreciation And Amortization In Income Statement": 17611000.0,
        "Selling General And Administration": 251981000.0,
        "Gross Profit": 379671000.0,
        "Cost Of Revenue": 1551036000.0,
        "Total Revenue": 1930707000.0,
        "Operating Revenue": 1926438000.0
    },
    "2025-09-30": {
        "Tax Effect Of Unusual Items": -37556.0,
        "Tax Rate For Calcs": 0.229,
        "Normalized EBITDA": 163624000.0,
        "Total Unusual Items": -164000.0,
        "Total Unusual Items Excluding Goodwill": -164000.0,
        "Net Income From Continuing Operation Net Minority Interest": 66690000.0,
        "Reconciled Depreciation": 63868000.0,
        "Reconciled Cost Of Revenue": 1460300000.0,
        "EBITDA": 163460000.0,
        "EBIT": 99592000.0,
        "Net Interest Income": -11718000.0,
        "Interest Expense": 11718000.0,
        "Normalized Income": 66816444.0,
        "Net Income From Continuing And Discontinued Operation": 66690000.0,
        "Total Expenses": 1780571000.0,
        "Rent Expense Supplemental": 67504000.0,
        "Total Operating Income As Reported": 100030000.0,
        "Diluted Average Shares": 80593000.0,
        "Basic Average Shares": 78235000.0,
        "Diluted EPS": 0.83,
        "Basic EPS": 0.85,
        "Diluted NI Availto Com Stockholders": 66690000.0,
        "Net Income Common Stockholders": 66690000.0,
        "Net Income": 66690000.0,
        "Minority Interests": -1048000.0,
        "Net Income Including Noncontrolling Interests": 67738000.0,
        "Net Income Continuous Operations": 67738000.0,
        "Tax Provision": 20136000.0,
        "Pretax Income": 87874000.0,
        "Other Income Expense": -602000.0,
        "Other Non Operating Income Expenses": -438000.0,
        "Special Income Charges": -164000.0,
        "Gain On Sale Of Ppe": -164000.0,
        "Net Non Operating Interest Income Expense": -11718000.0,
        "Interest Expense Non Operating": 11718000.0,
        "Operating Income": 100194000.0,
        "Operating Expense": 274558000.0,
        "Depreciation Amortization Depletion Income Statement": 18155000.0,
        "Depreciation And Amortization In Income Statement": 18155000.0,
        "Selling General And Administration": 256403000.0,
        "Gross Profit": 374752000.0,
        "Cost Of Revenue": 1506013000.0,
        "Total Revenue": 1880765000.0,
        "Operating Revenue": 1876393000.0
    }
}