{
    "2023-03-31": {
        "Tax Effect Of Unusual Items": 0.0,
        "Tax Rate For Calcs": 0.248,
        "Normalized EBITDA": 13474000.0,
        "Net Income From Continuing Operation Net Minority Interest": 14172000.0,
        "Reconciled Depreciation": 1218000.0,
        "Reconciled Cost Of Revenue": 140389000.0,
        "EBITDA": 13474000.0,
        "EBIT": 12256000.0,
        "Normalized Income": 14172000.0,
        "Net Income From Continuing And Discontinued Operation": 14172000.0,
        "Total Expenses": 267353000.0,
        "Total Operating Income As Reported": 12256000.0,
        "Diluted Average Shares": 74379000.0,
        "Basic Average Shares": 73370000.0,
        "Diluted EPS": 0.19,
        "Basic EPS": 0.19,
        "Diluted NI Availto Com Stockholders": 14172000.0,
        "Net Income Common Stockholders": 14172000.0,
        "Net Income": 14172000.0,
        "Net Income Including Noncontrolling Interests": 14172000.0,
        "Net Income Continuous Operations": 14172000.0,
        "Tax Provision": 4669000.0,
        "Pretax Income": 18841000.0,
        "Other Income Expense": 6585000.0,
        "Other Non Operating Income Expenses": 6585000.0,
        "Operating Income": 12256000.0,
        "Operating Expense": 126964000.0,
        "Other Operating Expenses": 9071000.0,
        "Selling General And Administration": 117893000.0,
        "Selling And Marketing Expense": 89801000.0,
        "General And Administrative Expense": 28092000.0,
        "Other Gand A": 28092000.0,
        "Gross Profit": 139220000.0,
        "Cost Of Revenue": 140389000.0,
        "Total Revenue": 279609000.0,
        "Operating Revenue": 279609000.0
    },
    "2022-12-31": {
        "Tax Effect Of Unusual Items": 0.0,
        "Tax Rate For Calcs": 0.24098,
        "Normalized EBITDA": 11931000.0,
        "Net Income From Continuing Operation Net Minority Interest": 7868000.0,
        "Reconciled Depreciation": 1272000.0,
        "Reconciled Cost Of Revenue": 125865000.0,
        "EBITDA": 11931000.0,
        "EBIT": 10659000.0,
        "Normalized Income": 7868000.0,
        "Net Income From Continuing And Discontinued Operation": 7868000.0,
        "Total Expenses": 248494000.0,
        "Total Operating Income As Reported": 10659000.0,
        "Diluted Average Shares": 74286000.0,
        "Basic Average Shares": 73349000.0,
        "Diluted EPS": 0.11,
        "Basic EPS": 0.11,
        "Diluted NI Availto Com Stockholders": 7868000.0,
        "Net Income Common Stockholders": 7868000.0,
        "Net Income": 7868000.0,
        "Net Income Including Noncontrolling Interests": 7868000.0,
        "Net Income Continuous Operations": 7868000.0,
        "Tax Provision": 2498000.0,
        "Pretax Income": 10366000.0,
        "Other Income Expense": -293000.0,
        "Other Non Operating Income Expenses": -293000.0,
        "Operating Income": 10659000.0,
        "Operating Expense": 122629000.0,
        "Other Operating Expenses": 8532000.0,
        "Selling General And Administration": 114097000.0,
        "Selling And Marketing Expense": 85282000.0,
        "General And Administrative Expense": 28815000.0,
        "Other Gand A": 28815000.0,
        "Gross Profit": 133288000.0,
        "Cost Of Revenue": 125865000.0,
        "Total Revenue": 259153000.0,
        "Operating Revenue": 259153000.0
    },
    "2022-09-30": {
        "Tax Effect Of Unusual Items": 0.0,
        "Tax Rate For Calcs": 0.26,
        "Normalized EBITDA": 15965000.0,
        "Net Income From Continuing Operation Net Minority Interest": 11988000.0,
        "Reconciled Depreciation": 1214000.0,
        "Reconciled Cost Of Revenue": 126329000.0,
        "EBITDA": 15965000.0,
        "EBIT": 14751000.0,
        "Normalized Income": 11988000.0,
        "Net Income From Continuing And Discontinued Operation": 11988000.0,
        "Total Expenses": 253960000.0,
        "Total Operating Income As Reported": 14751000.0,
        "Diluted Average Shares": 74354000.0,
        "Basic Average Shares": 73328000.0,
        "Diluted EPS": 0.16,
        "Basic EPS": 0.16,
        "Diluted NI Availto Com Stockholders": 11988000.0,
        "Net Income Common Stockholders": 11988000.0,
        "Net Income": 11988000.0,
        "Net Income Including Noncontrolling Interests": 11988000.0,
        "Net Income Continuous Operations": 11988000.0,
        "Tax Provision": 4203000.0,
        "Pretax Income": 16191000.0,
        "Other Income Expense": 1440000.0,
        "Other Non Operating Income Expenses": 1440000.0,
        "Operating Income": 14751000.0,
        "Operating Expense": 127631000.0,
        "Other Operating Expenses": NaN,
        "Selling General And Administration": 127631000.0,
        "Selling And Marketing Expense": 91061000.0,
        "General And Administrative Expense": 36570000.0,
        "Other Gand A": 36570000.0,
        "Gross Profit": 142382000.0,
        "Cost Of Revenue": 126329000.0,
        "Total Revenue": 268711000.0,
        "Operating Revenue": 268711000.0
    },
    "2022-06-30": {
        "Tax Effect Of Unusual Items": 0.0,
        "Tax Rate For Calcs": 0.229,
        "Normalized EBITDA": 20483000.0,
        "Net Income From Continuing Operation Net Minority Interest": 16273000.0,
        "Reconciled Depreciation": 1203000.0,
        "Reconciled Cost Of Revenue": 127812000.0,
        "EBITDA": 20483000.0,
        "EBIT": 19280000.0,
        "Normalized Income": 16273000.0,
        "Net Income From Continuing And Discontinued Operation": 16273000.0,
        "Total Expenses": 270774000.0,
        "Total Operating Income As Reported": 19280000.0,
        "Diluted Average Shares": 74635000.0,
        "Basic Average Shares": 73312000.0,
        "Diluted EPS": 0.22,
        "Basic EPS": 0.22,
        "Diluted NI Availto Com Stockholders": 16273000.0,
        "Net Income Common Stockholders": 16273000.0,
        "Net Income": 16273000.0,
        "Net Income Including Noncontrolling Interests": 16273000.0,
        "Net Income Continuous Operations": 16273000.0,
        "Tax Provision": 4820000.0,
        "Pretax Income": 21093000.0,
        "Other Income Expense": 1813000.0,
        "Other Non Operating Income Expenses": 1813000.0,
        "Operating Income": 19280000.0,
        "Operating Expense": 142962000.0,
        "Selling General And Administration": 142962000.0,
        "Selling And Marketing Expense": 103888000.0,
        "General And Administrative Expense": 39074000.0,
        "Other Gand A": 39074000.0,
        "Gross Profit": 162242000.0,
        "Cost Of Revenue": 127812000.0,
        "Total Revenue": 290054000.0,
        "Operating Revenue": 290054000.0
    },
    "2023-06-30": {
        "Tax Effect Of Unusual Items": 0.0,
        "Tax Rate For Calcs": 0.25,
        "Normalized EBITDA": 8596000.0,
        "Net Income From Continuing Operation Net Minority Interest": 7303000.0,
        "Reconciled Depreciation": 1241000.0,
        "Reconciled Cost Of Revenue": 126031000.0,
        "EBITDA": 8596000.0,
        "EBIT": 7355000.0,
        "Normalized Income": 7303000.0,
        "Net Income From Continuing And Discontinued Operation": 7303000.0,
        "Total Expenses": 266374000.0,
        "Total Operating Income As Reported": 7355000.0,
        "Diluted Average Shares": 74081000.0,
        "Basic Average Shares": 73442000.0,
        "Diluted EPS": 0.1,
        "Basic EPS": 0.1,
        "Diluted NI Availto Com Stockholders": 7303000.0,
        "Net Income Common Stockholders": 7303000.0,
        "Net Income": 7303000.0,
        "Net Income Including Noncontrolling Interests": 7303000.0,
        "Net Income Continuous Operations": 7303000.0,
        "Tax Provision": 2433000.0,
        "Pretax Income": 9736000.0,
        "Other Income Expense": 2381000.0,
        "Other Non Operating Income Expenses": 2381000.0,
        "Operating Income": 7355000.0,
        "Operating Expense": 140343000.0,
        "Other Operating Expenses": 9401000.0,
        "Selling General And Administration": 130942000.0,
        "Selling And Marketing Expense": 102390000.0,
        "General And Administrative Expense": 28552000.0,
        "Other Gand A": 28552000.0,
        "Gross Profit": 147698000.0,
        "Cost Of Revenue": 126031000.0,
        "Total Revenue": 273729000.0,
        "Operating Revenue": 273729000.0
    },
    "2022-03-31": {
        "Diluted EPS": 0.3,
        "Total Revenue": 283,
        "Gross Profit": 154,
        "Operating Income": 28,
        "EBIT": 30,
        "Net Income": 23
    },
    "2021-12-31": {
        "Diluted EPS": 0.4,
        "Total Revenue": 240,
        "Gross Profit": 131,
        "Operating Income": 32,
        "EBIT": 33,
        "Net Income": 29
    },
    "2021-09-30": {
        "Diluted EPS": 0.22,
        "Total Revenue": 244,
        "Gross Profit": 134,
        "Operating Income": 19,
        "EBIT": 20,
        "Net Income": 17
    },
    "2021-06-30": {
        "Diluted EPS": 0.42,
        "Total Revenue": 229,
        "Gross Profit": 127,
        "Operating Income": 33,
        "EBIT": 34,
        "Net Income": 32
    },
    "2021-03-31": {
        "Diluted EPS": 0.3,
        "Total Revenue": 179,
        "Gross Profit": 97,
        "Operating Income": 21,
        "EBIT": 22,
        "Net Income": 22
    },
    "2020-12-31": {
        "Diluted EPS": 0.26,
        "Total Revenue": 141,
        "Gross Profit": 79,
        "Operating Income": 17,
        "EBIT": 18,
        "Net Income": 19
    },
    "2020-09-30": {
        "Diluted EPS": 0.27,
        "Total Revenue": 151,
        "Gross Profit": 83,
        "Operating Income": 22,
        "EBIT": 23,
        "Net Income": 19
    },
    "2020-06-30": {
        "Diluted EPS": 0.2,
        "Total Revenue": 143,
        "Gross Profit": 72,
        "Operating Income": 19,
        "EBIT": 20,
        "Net Income": 14
    },
    "2020-03-31": {
        "Diluted EPS": 0.06,
        "Total Revenue": 146,
        "Gross Profit": 71,
        "Operating Income": 4,
        "EBIT": 5,
        "Net Income": 4
    },
    "2019-12-31": {
        "Diluted EPS": 0.28,
        "Total Revenue": 148,
        "Gross Profit": 78,
        "Operating Income": 11,
        "EBIT": 12,
        "Net Income": 8
    },
    "2019-09-30": {
        "Diluted EPS": 0.13,
        "Total Revenue": 154,
        "Gross Profit": 83,
        "Operating Income": 13,
        "EBIT": 14,
        "Net Income": 10
    },
    "2019-06-30": {
        "Diluted EPS": -0.57,
        "Total Revenue": 162,
        "Gross Profit": 90,
        "Operating Income": 18,
        "EBIT": 19,
        "Net Income": -28
    },
    "2019-03-31": {
        "Diluted EPS": 0.07,
        "Total Revenue": 137,
        "Gross Profit": 71,
        "Operating Income": 7,
        "EBIT": 8,
        "Net Income": 5
    },
    "2018-12-31": {
        "Diluted EPS": 0.0,
        "Total Revenue": NaN,
        "Gross Profit": NaN,
        "Operating Income": NaN,
        "EBIT": NaN,
        "Net Income": NaN
    },
    "2018-09-30": {
        "Diluted EPS": 0.1,
        "Total Revenue": 126,
        "Gross Profit": 66,
        "Operating Income": 10,
        "EBIT": 10,
        "Net Income": 7
    },
    "2018-06-30": {
        "Diluted EPS": 0.15,
        "Total Revenue": 132,
        "Gross Profit": 73,
        "Operating Income": 14,
        "EBIT": 14,
        "Net Income": 10
    },
    "2017-12-31": {
        "Diluted EPS": 0.0,
        "Total Revenue": NaN,
        "Gross Profit": NaN,
        "Operating Income": NaN,
        "EBIT": NaN,
        "Net Income": NaN
    },
    "2023-09-30": {
        "Tax Effect Of Unusual Items": NaN,
        "Tax Rate For Calcs": NaN,
        "Normalized EBITDA": NaN,
        "Net Income From Continuing Operation Net Minority Interest": NaN,
        "Reconciled Depreciation": NaN,
        "Reconciled Cost Of Revenue": NaN,
        "EBITDA": NaN,
        "EBIT": NaN,
        "Normalized Income": NaN,
        "Net Income From Continuing And Discontinued Operation": NaN,
        "Total Expenses": NaN,
        "Total Operating Income As Reported": NaN,
        "Diluted Average Shares": NaN,
        "Basic Average Shares": NaN,
        "Diluted EPS": NaN,
        "Basic EPS": NaN,
        "Diluted NI Availto Com Stockholders": NaN,
        "Net Income Common Stockholders": NaN,
        "Net Income": NaN,
        "Minority Interests": 0.0,
        "Net Income Including Noncontrolling Interests": NaN,
        "Net Income Continuous Operations": NaN,
        "Tax Provision": NaN,
        "Pretax Income": NaN,
        "Other Income Expense": NaN,
        "Other Non Operating Income Expenses": NaN,
        "Operating Income": NaN,
        "Operating Expense": NaN,
        "Other Operating Expenses": NaN,
        "Selling General And Administration": NaN,
        "Selling And Marketing Expense": NaN,
        "General And Administrative Expense": NaN,
        "Other Gand A": NaN,
        "Gross Profit": NaN,
        "Cost Of Revenue": NaN,
        "Total Revenue": NaN,
        "Operating Revenue": NaN
    },
    "2023-12-31": {
        "Tax Effect Of Unusual Items": 0.0,
        "Tax Rate For Calcs": 0.283429,
        "Normalized EBITDA": 3541000.0,
        "Net Income From Continuing Operation Net Minority Interest": 3494000.0,
        "Reconciled Depreciation": 1342000.0,
        "Reconciled Cost Of Revenue": 123729000.0,
        "EBITDA": 3541000.0,
        "EBIT": 2199000.0,
        "Normalized Income": 3494000.0,
        "Net Income From Continuing And Discontinued Operation": 3494000.0,
        "Total Expenses": 255579000.0,
        "Total Operating Income As Reported": 2199000.0,
        "Diluted Average Shares": 72171000.0,
        "Basic Average Shares": 71782000.0,
        "Diluted EPS": 0.05,
        "Basic EPS": 0.05,
        "Diluted NI Availto Com Stockholders": 3494000.0,
        "Net Income Common Stockholders": 3494000.0,
        "Net Income": 3494000.0,
        "Minority Interests": NaN,
        "Net Income Including Noncontrolling Interests": 3494000.0,
        "Net Income Continuous Operations": 3494000.0,
        "Tax Provision": 1382000.0,
        "Pretax Income": 4876000.0,
        "Other Income Expense": 2677000.0,
        "Other Non Operating Income Expenses": 2677000.0,
        "Operating Income": 2199000.0,
        "Operating Expense": 131850000.0,
        "Other Operating Expenses": 8997000.0,
        "Selling General And Administration": 122853000.0,
        "Selling And Marketing Expense": 88129000.0,
        "General And Administrative Expense": 34724000.0,
        "Other Gand A": 34724000.0,
        "Gross Profit": 134049000.0,
        "Cost Of Revenue": 123729000.0,
        "Total Revenue": 257778000.0,
        "Operating Revenue": 257778000.0
    },
    "2024-03-31": {
        "Tax Effect Of Unusual Items": 0.0,
        "Tax Rate For Calcs": 0.257765,
        "Normalized EBITDA": 10671000.0,
        "Net Income From Continuing Operation Net Minority Interest": 10873000.0,
        "Reconciled Depreciation": 1343000.0,
        "Reconciled Cost Of Revenue": 129079000.0,
        "EBITDA": 10671000.0,
        "EBIT": 9328000.0,
        "Normalized Income": 10873000.0,
        "Net Income From Continuing And Discontinued Operation": 10873000.0,
        "Total Expenses": 261253000.0,
        "Total Operating Income As Reported": 9328000.0,
        "Diluted Average Shares": 71523000.0,
        "Basic Average Shares": 70919000.0,
        "Diluted EPS": 0.15,
        "Basic EPS": 0.15,
        "Diluted NI Availto Com Stockholders": 10873000.0,
        "Net Income Common Stockholders": 10873000.0,
        "Net Income": 10873000.0,
        "Minority Interests": 0.0,
        "Net Income Including Noncontrolling Interests": 10873000.0,
        "Net Income Continuous Operations": 10873000.0,
        "Tax Provision": 3776000.0,
        "Pretax Income": 14649000.0,
        "Other Income Expense": 5321000.0,
        "Other Non Operating Income Expenses": 5321000.0,
        "Operating Income": 9328000.0,
        "Operating Expense": 132174000.0,
        "Other Operating Expenses": 9393000.0,
        "Selling General And Administration": 122781000.0,
        "Selling And Marketing Expense": 89817000.0,
        "General And Administrative Expense": 32964000.0,
        "Other Gand A": 32964000.0,
        "Gross Profit": 141502000.0,
        "Cost Of Revenue": 129079000.0,
        "Total Revenue": 270581000.0,
        "Operating Revenue": 270581000.0
    },
    "2024-06-30": {
        "Tax Effect Of Unusual Items": 0.0,
        "Tax Rate For Calcs": 0.257,
        "Normalized EBITDA": 17717000.0,
        "Net Income From Continuing Operation Net Minority Interest": 15377000.0,
        "Reconciled Depreciation": 1282000.0,
        "Reconciled Cost Of Revenue": 129850000.0,
        "EBITDA": 17717000.0,
        "EBIT": 16435000.0,
        "Normalized Income": 15377000.0,
        "Net Income From Continuing And Discontinued Operation": 15377000.0,
        "Total Expenses": 266021000.0,
        "Total Operating Income As Reported": 16435000.0,
        "Diluted Average Shares": 71544000.0,
        "Basic Average Shares": 70833000.0,
        "Diluted EPS": 0.21,
        "Basic EPS": 0.22,
        "Diluted NI Availto Com Stockholders": 15377000.0,
        "Net Income Common Stockholders": 15377000.0,
        "Net Income": 15377000.0,
        "Minority Interests": NaN,
        "Net Income Including Noncontrolling Interests": 15377000.0,
        "Net Income Continuous Operations": 15377000.0,
        "Tax Provision": 5329000.0,
        "Pretax Income": 20706000.0,
        "Other Income Expense": 4271000.0,
        "Other Non Operating Income Expenses": 4271000.0,
        "Operating Income": 16435000.0,
        "Operating Expense": 136171000.0,
        "Other Operating Expenses": 9272000.0,
        "Selling General And Administration": 126899000.0,
        "Selling And Marketing Expense": 93403000.0,
        "General And Administrative Expense": 33496000.0,
        "Other Gand A": 33496000.0,
        "Gross Profit": 152606000.0,
        "Cost Of Revenue": 129850000.0,
        "Total Revenue": 282456000.0,
        "Operating Revenue": 282456000.0
    },
    "2024-09-30": {
        "Tax Effect Of Unusual Items": 0.0,
        "Tax Rate For Calcs": 0.256,
        "Normalized EBITDA": 15545000.0,
        "Net Income From Continuing Operation Net Minority Interest": 10971000.0,
        "Reconciled Depreciation": 1292000.0,
        "Reconciled Cost Of Revenue": 138279000.0,
        "EBITDA": 15545000.0,
        "EBIT": 14253000.0,
        "Normalized Income": 10971000.0,
        "Net Income From Continuing And Discontinued Operation": 10971000.0,
        "Total Expenses": 268893000.0,
        "Total Operating Income As Reported": 14253000.0,
        "Diluted Average Shares": 71523000.0,
        "Basic Average Shares": 70673000.0,
        "Diluted EPS": 0.15,
        "Basic EPS": 0.16,
        "Diluted NI Availto Com Stockholders": 10971000.0,
        "Net Income Common Stockholders": 10971000.0,
        "Net Income": 10971000.0,
        "Minority Interests": 220000.0,
        "Net Income Including Noncontrolling Interests": 10751000.0,
        "Net Income Continuous Operations": 10751000.0,
        "Tax Provision": 3694000.0,
        "Pretax Income": 14445000.0,
        "Other Income Expense": 192000.0,
        "Other Non Operating Income Expenses": 192000.0,
        "Operating Income": 14253000.0,
        "Operating Expense": 130614000.0,
        "Other Operating Expenses": 9268000.0,
        "Selling General And Administration": 121346000.0,
        "Selling And Marketing Expense": 87440000.0,
        "General And Administrative Expense": 33906000.0,
        "Other Gand A": 33906000.0,
        "Gross Profit": 144867000.0,
        "Cost Of Revenue": 138279000.0,
        "Total Revenue": 283146000.0,
        "Operating Revenue": 283146000.0
    },
    "2024-12-31": {
        "Tax Effect Of Unusual Items": 0.0,
        "Tax Rate For Calcs": 0.196422,
        "Normalized EBITDA": 12649000.0,
        "Net Income From Continuing Operation Net Minority Interest": 12336000.0,
        "Reconciled Depreciation": 1248000.0,
        "Reconciled Cost Of Revenue": 139430000.0,
        "EBITDA": 12649000.0,
        "EBIT": 11401000.0,
        "Normalized Income": 12336000.0,
        "Net Income From Continuing And Discontinued Operation": 12336000.0,
        "Total Expenses": 282327000.0,
        "Total Operating Income As Reported": 11401000.0,
        "Diluted Average Shares": 72135000.0,
        "Basic Average Shares": 70975000.0,
        "Diluted EPS": 0.17,
        "Basic EPS": 0.17,
        "Diluted NI Availto Com Stockholders": 12336000.0,
        "Net Income Common Stockholders": 12336000.0,
        "Net Income": 12336000.0,
        "Minority Interests": 566000.0,
        "Net Income Including Noncontrolling Interests": 11770000.0,
        "Net Income Continuous Operations": 11770000.0,
        "Tax Provision": 2877000.0,
        "Pretax Income": 14647000.0,
        "Other Income Expense": 3246000.0,
        "Other Non Operating Income Expenses": 7946000.0,
        "Operating Income": 11401000.0,
        "Operating Expense": 142897000.0,
        "Other Operating Expenses": 9456000.0,
        "Selling General And Administration": 133441000.0,
        "Selling And Marketing Expense": 91685000.0,
        "General And Administrative Expense": 41756000.0,
        "Other Gand A": 41756000.0,
        "Gross Profit": 154298000.0,
        "Cost Of Revenue": 139430000.0,
        "Total Revenue": 293728000.0,
        "Operating Revenue": 293728000.0
    },
    "2025-03-31": {
        "Tax Effect Of Unusual Items": 0.0,
        "Tax Rate For Calcs": 0.267955,
        "Normalized EBITDA": 16057000.0,
        "Net Income From Continuing Operation Net Minority Interest": 11819000.0,
        "Reconciled Depreciation": 1369000.0,
        "Reconciled Cost Of Revenue": 142423000.0,
        "EBITDA": 16057000.0,
        "EBIT": 14688000.0,
        "Normalized Income": 11819000.0,
        "Net Income From Continuing And Discontinued Operation": 11819000.0,
        "Total Expenses": 282021000.0,
        "Total Operating Income As Reported": 14688000.0,
        "Diluted Average Shares": 72271000.0,
        "Basic Average Shares": 71256000.0,
        "Diluted EPS": 0.16,
        "Basic EPS": 0.17,
        "Diluted NI Availto Com Stockholders": 11819000.0,
        "Net Income Common Stockholders": 11819000.0,
        "Net Income": 11819000.0,
        "Minority Interests": 413000.0,
        "Net Income Including Noncontrolling Interests": 11406000.0,
        "Net Income Continuous Operations": 11406000.0,
        "Tax Provision": 4175000.0,
        "Pretax Income": 15581000.0,
        "Other Income Expense": 893000.0,
        "Other Non Operating Income Expenses": 893000.0,
        "Operating Income": 14688000.0,
        "Operating Expense": 139598000.0,
        "Other Operating Expenses": 9358000.0,
        "Selling General And Administration": 130240000.0,
        "Selling And Marketing Expense": 92358000.0,
        "General And Administrative Expense": 37882000.0,
        "Other Gand A": 37882000.0,
        "Gross Profit": 154286000.0,
        "Cost Of Revenue": 142423000.0,
        "Total Revenue": 296709000.0,
        "Operating Revenue": 296709000.0
    }
}