{
    "2023-03-31": {
        "Tax Effect Of Unusual Items": NaN,
        "Tax Rate For Calcs": NaN,
        "Normalized EBITDA": NaN,
        "Total Unusual Items": NaN,
        "Total Unusual Items Excluding Goodwill": NaN,
        "Net Income From Continuing Operation Net Minority Interest": NaN,
        "Reconciled Depreciation": NaN,
        "EBITDA": NaN,
        "EBIT": NaN,
        "Net Interest Income": NaN,
        "Interest Income": NaN,
        "Normalized Income": NaN,
        "Net Income From Continuing And Discontinued Operation": NaN,
        "Total Expenses": NaN,
        "Total Operating Income As Reported": NaN,
        "Diluted Average Shares": 94831979.0,
        "Basic Average Shares": 94831979.0,
        "Diluted EPS": -0.72,
        "Basic EPS": -0.72,
        "Diluted NI Availto Com Stockholders": NaN,
        "Net Income Common Stockholders": NaN,
        "Net Income": NaN,
        "Net Income Including Noncontrolling Interests": NaN,
        "Net Income Continuous Operations": NaN,
        "Tax Provision": NaN,
        "Pretax Income": NaN,
        "Other Income Expense": NaN,
        "Other Non Operating Income Expenses": NaN,
        "Gain On Sale Of Security": NaN,
        "Net Non Operating Interest Income Expense": NaN,
        "Interest Income Non Operating": NaN,
        "Operating Income": NaN,
        "Operating Expense": NaN,
        "Research And Development": NaN,
        "Selling General And Administration": NaN,
        "General And Administrative Expense": NaN,
        "Other Gand A": NaN,
        "Total Revenue": NaN,
        "Operating Revenue": NaN
    },
    "2022-12-31": {
        "Tax Effect Of Unusual Items": NaN,
        "Tax Rate For Calcs": NaN,
        "Normalized EBITDA": NaN,
        "Total Unusual Items": NaN,
        "Total Unusual Items Excluding Goodwill": NaN,
        "Net Income From Continuing Operation Net Minority Interest": NaN,
        "Reconciled Depreciation": NaN,
        "EBITDA": NaN,
        "EBIT": NaN,
        "Net Interest Income": NaN,
        "Interest Expense": 0.0,
        "Interest Income": NaN,
        "Normalized Income": NaN,
        "Net Income From Continuing And Discontinued Operation": NaN,
        "Total Expenses": NaN,
        "Total Operating Income As Reported": NaN,
        "Diluted Average Shares": NaN,
        "Basic Average Shares": NaN,
        "Diluted EPS": NaN,
        "Basic EPS": NaN,
        "Diluted NI Availto Com Stockholders": NaN,
        "Net Income Common Stockholders": NaN,
        "Net Income": NaN,
        "Net Income Including Noncontrolling Interests": NaN,
        "Net Income Continuous Operations": NaN,
        "Tax Provision": NaN,
        "Pretax Income": NaN,
        "Other Income Expense": NaN,
        "Other Non Operating Income Expenses": NaN,
        "Gain On Sale Of Security": NaN,
        "Net Non Operating Interest Income Expense": NaN,
        "Interest Expense Non Operating": 0.0,
        "Interest Income Non Operating": NaN,
        "Operating Income": NaN,
        "Operating Expense": NaN,
        "Research And Development": NaN,
        "Selling General And Administration": NaN,
        "General And Administrative Expense": NaN,
        "Other Gand A": NaN,
        "Total Revenue": NaN,
        "Operating Revenue": NaN
    },
    "2022-09-30": {
        "Tax Effect Of Unusual Items": NaN,
        "Tax Rate For Calcs": NaN,
        "Normalized EBITDA": NaN,
        "Total Unusual Items": NaN,
        "Total Unusual Items Excluding Goodwill": NaN,
        "Net Income From Continuing Operation Net Minority Interest": NaN,
        "Reconciled Depreciation": NaN,
        "EBITDA": NaN,
        "EBIT": NaN,
        "Net Interest Income": NaN,
        "Interest Expense": 0.0,
        "Interest Income": NaN,
        "Normalized Income": NaN,
        "Net Income From Continuing And Discontinued Operation": NaN,
        "Total Expenses": NaN,
        "Total Operating Income As Reported": NaN,
        "Diluted Average Shares": NaN,
        "Basic Average Shares": NaN,
        "Diluted EPS": NaN,
        "Basic EPS": NaN,
        "Diluted NI Availto Com Stockholders": NaN,
        "Net Income Common Stockholders": NaN,
        "Net Income": NaN,
        "Net Income Including Noncontrolling Interests": NaN,
        "Net Income Continuous Operations": NaN,
        "Tax Provision": NaN,
        "Pretax Income": NaN,
        "Other Income Expense": NaN,
        "Other Non Operating Income Expenses": NaN,
        "Gain On Sale Of Security": NaN,
        "Net Non Operating Interest Income Expense": NaN,
        "Interest Expense Non Operating": 0.0,
        "Interest Income Non Operating": NaN,
        "Operating Income": NaN,
        "Operating Expense": NaN,
        "Research And Development": NaN,
        "Selling General And Administration": NaN,
        "General And Administrative Expense": NaN,
        "Other Gand A": NaN,
        "Total Revenue": NaN,
        "Operating Revenue": NaN
    },
    "2022-06-30": {
        "Tax Effect Of Unusual Items": 0.0,
        "Tax Rate For Calcs": 0.0,
        "Normalized EBITDA": -58888000.0,
        "Net Income From Continuing Operation Net Minority Interest": -61222000.0,
        "Reconciled Depreciation": 2334000.0,
        "EBITDA": -58888000.0,
        "EBIT": -61222000.0,
        "Net Interest Income": 867000.0,
        "Interest Expense": 0.0,
        "Interest Income": 867000.0,
        "Normalized Income": -61222000.0,
        "Net Income From Continuing And Discontinued Operation": -61222000.0,
        "Total Expenses": 71205000.0,
        "Total Operating Income As Reported": -62089000.0,
        "Diluted Average Shares": 74280590.0,
        "Basic Average Shares": 74280590.0,
        "Diluted EPS": -0.82,
        "Basic EPS": -0.82,
        "Diluted NI Availto Com Stockholders": -61222000.0,
        "Net Income Common Stockholders": -61222000.0,
        "Net Income": -61222000.0,
        "Net Income Including Noncontrolling Interests": -61222000.0,
        "Net Income Continuous Operations": -61222000.0,
        "Tax Provision": 0.0,
        "Pretax Income": -61222000.0,
        "Net Non Operating Interest Income Expense": 867000.0,
        "Interest Expense Non Operating": 0.0,
        "Interest Income Non Operating": 867000.0,
        "Operating Income": -62089000.0,
        "Operating Expense": 71205000.0,
        "Research And Development": 61001000.0,
        "Selling General And Administration": 10204000.0,
        "General And Administrative Expense": 10204000.0,
        "Other Gand A": 10204000.0,
        "Total Revenue": 9116000.0,
        "Operating Revenue": 9116000.0
    },
    "2022-03-31": {
        "Diluted EPS": -0.78,
        "Total Revenue": 8,
        "Gross Profit": 8,
        "Operating Income": -58,
        "EBIT": -55,
        "Net Income": -58
    },
    "2021-12-31": {
        "Diluted EPS": -0.72,
        "Total Revenue": 9,
        "Gross Profit": 9,
        "Operating Income": -53,
        "EBIT": -50,
        "Net Income": -53
    },
    "2021-09-30": {
        "Diluted EPS": -0.72,
        "Total Revenue": 1,
        "Gross Profit": 1,
        "Operating Income": -53,
        "EBIT": -51,
        "Net Income": -53
    },
    "2021-06-30": {
        "Diluted EPS": -0.6,
        "Total Revenue": 9,
        "Gross Profit": 9,
        "Operating Income": -45,
        "EBIT": -42,
        "Net Income": -44
    },
    "2021-03-31": {
        "Diluted EPS": -0.53,
        "Total Revenue": 10,
        "Gross Profit": 10,
        "Operating Income": -37,
        "EBIT": -35,
        "Net Income": -37
    },
    "2020-12-31": {
        "Diluted EPS": -0.39,
        "Total Revenue": 9,
        "Gross Profit": 9,
        "Operating Income": -34,
        "EBIT": -32,
        "Net Income": -34
    },
    "2020-09-30": {
        "Diluted EPS": -0.42,
        "Total Revenue": 13,
        "Gross Profit": 13,
        "Operating Income": -28,
        "EBIT": -26,
        "Net Income": -27
    },
    "2020-06-30": {
        "Diluted EPS": -0.46,
        "Total Revenue": 10,
        "Gross Profit": 10,
        "Operating Income": -28,
        "EBIT": -26,
        "Net Income": -27
    },
    "2020-03-31": {
        "Diluted EPS": -0.74,
        "Total Revenue": 12,
        "Gross Profit": 12,
        "Operating Income": -21,
        "EBIT": -20,
        "Net Income": -22
    },
    "2019-12-31": {
        "Diluted EPS": -6.56,
        "Total Revenue": 12,
        "Gross Profit": 12,
        "Operating Income": -20,
        "EBIT": -19,
        "Net Income": -15
    },
    "2019-09-30": {
        "Diluted EPS": -6.08,
        "Total Revenue": 13,
        "Gross Profit": 13,
        "Operating Income": -14,
        "EBIT": -13,
        "Net Income": -17
    },
    "2019-06-30": {
        "Diluted EPS": -4.85,
        "Total Revenue": 12,
        "Gross Profit": 12,
        "Operating Income": -11,
        "EBIT": -10,
        "Net Income": -13
    },
    "2019-03-31": {
        "Diluted EPS": -4.84,
        "Total Revenue": 13,
        "Gross Profit": 13,
        "Operating Income": -10,
        "EBIT": -10,
        "Net Income": -13
    },
    "2018-12-31": {
        "Diluted EPS": 0.0,
        "Total Revenue": NaN,
        "Gross Profit": NaN,
        "Operating Income": NaN,
        "EBIT": NaN,
        "Net Income": NaN
    },
    "2017-12-31": {
        "Diluted EPS": 0.0,
        "Total Revenue": NaN,
        "Gross Profit": NaN,
        "Operating Income": NaN,
        "EBIT": NaN,
        "Net Income": NaN
    },
    "2023-06-30": {
        "Tax Effect Of Unusual Items": NaN,
        "Tax Rate For Calcs": NaN,
        "Normalized EBITDA": NaN,
        "Total Unusual Items": NaN,
        "Total Unusual Items Excluding Goodwill": NaN,
        "Net Income From Continuing Operation Net Minority Interest": NaN,
        "Reconciled Depreciation": NaN,
        "EBITDA": NaN,
        "EBIT": NaN,
        "Net Interest Income": NaN,
        "Interest Income": NaN,
        "Normalized Income": NaN,
        "Net Income From Continuing And Discontinued Operation": NaN,
        "Total Expenses": NaN,
        "Total Operating Income As Reported": NaN,
        "Diluted Average Shares": 106884185.0,
        "Basic Average Shares": 106884185.0,
        "Diluted EPS": -0.92,
        "Basic EPS": -0.92,
        "Diluted NI Availto Com Stockholders": NaN,
        "Net Income Common Stockholders": NaN,
        "Net Income": NaN,
        "Net Income Including Noncontrolling Interests": NaN,
        "Net Income Continuous Operations": NaN,
        "Tax Provision": NaN,
        "Pretax Income": NaN,
        "Other Income Expense": NaN,
        "Other Non Operating Income Expenses": NaN,
        "Gain On Sale Of Security": NaN,
        "Net Non Operating Interest Income Expense": NaN,
        "Interest Income Non Operating": NaN,
        "Operating Income": NaN,
        "Operating Expense": NaN,
        "Research And Development": NaN,
        "Selling General And Administration": NaN,
        "General And Administrative Expense": NaN,
        "Other Gand A": NaN,
        "Total Revenue": NaN,
        "Operating Revenue": NaN
    },
    "2023-09-30": {
        "Tax Effect Of Unusual Items": NaN,
        "Tax Rate For Calcs": NaN,
        "Normalized EBITDA": NaN,
        "Total Unusual Items": NaN,
        "Total Unusual Items Excluding Goodwill": NaN,
        "Net Income From Continuing Operation Net Minority Interest": NaN,
        "Reconciled Depreciation": NaN,
        "EBITDA": NaN,
        "EBIT": NaN,
        "Net Interest Income": NaN,
        "Interest Income": NaN,
        "Normalized Income": NaN,
        "Net Income From Continuing And Discontinued Operation": NaN,
        "Total Expenses": NaN,
        "Total Operating Income As Reported": NaN,
        "Diluted Average Shares": 109233084.0,
        "Basic Average Shares": 109233084.0,
        "Diluted EPS": -0.99,
        "Basic EPS": -0.99,
        "Diluted NI Availto Com Stockholders": NaN,
        "Net Income Common Stockholders": NaN,
        "Net Income": NaN,
        "Net Income Including Noncontrolling Interests": NaN,
        "Net Income Continuous Operations": NaN,
        "Tax Provision": NaN,
        "Pretax Income": NaN,
        "Other Income Expense": NaN,
        "Other Non Operating Income Expenses": NaN,
        "Gain On Sale Of Security": NaN,
        "Net Non Operating Interest Income Expense": NaN,
        "Interest Income Non Operating": NaN,
        "Operating Income": NaN,
        "Operating Expense": NaN,
        "Research And Development": NaN,
        "Selling General And Administration": NaN,
        "General And Administrative Expense": NaN,
        "Other Gand A": NaN,
        "Total Revenue": NaN,
        "Operating Revenue": NaN
    },
    "2023-12-31": {
        "Tax Effect Of Unusual Items": NaN,
        "Tax Rate For Calcs": NaN,
        "Normalized EBITDA": NaN,
        "Total Unusual Items": NaN,
        "Total Unusual Items Excluding Goodwill": NaN,
        "Net Income From Continuing Operation Net Minority Interest": NaN,
        "Reconciled Depreciation": NaN,
        "EBITDA": NaN,
        "EBIT": NaN,
        "Net Interest Income": NaN,
        "Interest Income": NaN,
        "Normalized Income": NaN,
        "Net Income From Continuing And Discontinued Operation": NaN,
        "Total Expenses": NaN,
        "Total Operating Income As Reported": NaN,
        "Diluted Average Shares": NaN,
        "Basic Average Shares": NaN,
        "Diluted EPS": NaN,
        "Basic EPS": NaN,
        "Diluted NI Availto Com Stockholders": NaN,
        "Net Income Common Stockholders": NaN,
        "Net Income": NaN,
        "Net Income Including Noncontrolling Interests": NaN,
        "Net Income Continuous Operations": NaN,
        "Tax Provision": 343000.0,
        "Pretax Income": NaN,
        "Other Income Expense": NaN,
        "Other Non Operating Income Expenses": NaN,
        "Gain On Sale Of Security": NaN,
        "Net Non Operating Interest Income Expense": NaN,
        "Interest Income Non Operating": NaN,
        "Operating Income": NaN,
        "Operating Expense": NaN,
        "Research And Development": NaN,
        "Selling General And Administration": NaN,
        "General And Administrative Expense": NaN,
        "Other Gand A": NaN,
        "Total Revenue": NaN,
        "Operating Revenue": NaN
    },
    "2024-03-31": {
        "Tax Effect Of Unusual Items": 0.0,
        "Tax Rate For Calcs": 0.0,
        "Normalized EBITDA": -142001000.0,
        "Total Unusual Items": 3905000.0,
        "Total Unusual Items Excluding Goodwill": 3905000.0,
        "Net Income From Continuing Operation Net Minority Interest": -116003000.0,
        "Reconciled Depreciation": 2763000.0,
        "EBITDA": -138096000.0,
        "EBIT": -140859000.0,
        "Net Interest Income": 23760000.0,
        "Interest Income": 23760000.0,
        "Normalized Income": -119908000.0,
        "Net Income From Continuing And Discontinued Operation": -116003000.0,
        "Total Expenses": 140859000.0,
        "Total Operating Income As Reported": -140859000.0,
        "Diluted Average Shares": 164729200.0,
        "Basic Average Shares": 164729200.0,
        "Diluted EPS": -0.7,
        "Basic EPS": -0.7,
        "Diluted NI Availto Com Stockholders": -116003000.0,
        "Net Income Common Stockholders": -116003000.0,
        "Net Income": -116003000.0,
        "Net Income Including Noncontrolling Interests": -116003000.0,
        "Net Income Continuous Operations": -116003000.0,
        "Tax Provision": 0.0,
        "Pretax Income": -116003000.0,
        "Other Income Expense": 1096000.0,
        "Other Non Operating Income Expenses": -2809000.0,
        "Gain On Sale Of Security": 3905000.0,
        "Net Non Operating Interest Income Expense": 23760000.0,
        "Interest Income Non Operating": 23760000.0,
        "Operating Income": -140859000.0,
        "Operating Expense": 140859000.0,
        "Research And Development": 118021000.0,
        "Selling General And Administration": 22838000.0,
        "General And Administrative Expense": 22838000.0,
        "Other Gand A": 22838000.0,
        "Total Revenue": 0.0,
        "Operating Revenue": 0.0
    },
    "2024-06-30": {
        "Tax Effect Of Unusual Items": 0.0,
        "Tax Rate For Calcs": 0.0,
        "Normalized EBITDA": -155753000.0,
        "Total Unusual Items": 1907000.0,
        "Total Unusual Items Excluding Goodwill": 1907000.0,
        "Net Income From Continuing Operation Net Minority Interest": -133233000.0,
        "Reconciled Depreciation": 2797000.0,
        "EBITDA": -153846000.0,
        "EBIT": -156643000.0,
        "Net Interest Income": 21487000.0,
        "Interest Income": 21487000.0,
        "Normalized Income": -135140000.0,
        "Net Income From Continuing And Discontinued Operation": -133233000.0,
        "Total Expenses": 156643000.0,
        "Total Operating Income As Reported": -156643000.0,
        "Diluted Average Shares": 165141936.0,
        "Basic Average Shares": 165141936.0,
        "Diluted EPS": -0.81,
        "Basic EPS": -0.81,
        "Diluted NI Availto Com Stockholders": -133233000.0,
        "Net Income Common Stockholders": -133233000.0,
        "Net Income": -133233000.0,
        "Net Income Including Noncontrolling Interests": -133233000.0,
        "Net Income Continuous Operations": -133233000.0,
        "Tax Provision": 0.0,
        "Pretax Income": -133233000.0,
        "Other Income Expense": 1923000.0,
        "Other Non Operating Income Expenses": 16000.0,
        "Gain On Sale Of Security": 1907000.0,
        "Net Non Operating Interest Income Expense": 21487000.0,
        "Interest Income Non Operating": 21487000.0,
        "Operating Income": -156643000.0,
        "Operating Expense": 156643000.0,
        "Research And Development": 134932000.0,
        "Selling General And Administration": 21711000.0,
        "General And Administrative Expense": 21711000.0,
        "Other Gand A": 21711000.0,
        "Total Revenue": 0.0,
        "Operating Revenue": 0.0
    },
    "2024-09-30": {
        "Tax Effect Of Unusual Items": 0.0,
        "Tax Rate For Calcs": 0.0,
        "Normalized EBITDA": -171566000.0,
        "Total Unusual Items": -1269000.0,
        "Total Unusual Items Excluding Goodwill": -1269000.0,
        "Net Income From Continuing Operation Net Minority Interest": -156288000.0,
        "Reconciled Depreciation": 2877000.0,
        "EBITDA": -172835000.0,
        "EBIT": -175712000.0,
        "Net Interest Income": 20411000.0,
        "Interest Income": 20411000.0,
        "Normalized Income": -155019000.0,
        "Net Income From Continuing And Discontinued Operation": -156288000.0,
        "Total Expenses": 175712000.0,
        "Total Operating Income As Reported": -175712000.0,
        "Diluted Average Shares": 166843984.0,
        "Basic Average Shares": 166843984.0,
        "Diluted EPS": -0.94,
        "Basic EPS": -0.94,
        "Diluted NI Availto Com Stockholders": -156288000.0,
        "Net Income Common Stockholders": -156288000.0,
        "Net Income": -156288000.0,
        "Net Income Including Noncontrolling Interests": -156288000.0,
        "Net Income Continuous Operations": -156288000.0,
        "Tax Provision": 0.0,
        "Pretax Income": -156288000.0,
        "Other Income Expense": -987000.0,
        "Other Non Operating Income Expenses": 282000.0,
        "Gain On Sale Of Security": -1269000.0,
        "Net Non Operating Interest Income Expense": 20411000.0,
        "Interest Income Non Operating": 20411000.0,
        "Operating Income": -175712000.0,
        "Operating Expense": 175712000.0,
        "Research And Development": 151752000.0,
        "Selling General And Administration": 23960000.0,
        "General And Administrative Expense": 23960000.0,
        "Other Gand A": 23960000.0,
        "Total Revenue": 0.0,
        "Operating Revenue": 0.0
    },
    "2024-12-31": {
        "Tax Effect Of Unusual Items": -848.137947,
        "Tax Rate For Calcs": 0.003855,
        "Normalized EBITDA": -212703000.0,
        "Total Unusual Items": -220000.0,
        "Total Unusual Items Excluding Goodwill": -220000.0,
        "Net Income From Continuing Operation Net Minority Interest": -194569000.0,
        "Reconciled Depreciation": 3387000.0,
        "EBITDA": -212923000.0,
        "EBIT": -216310000.0,
        "Net Interest Income": 21225000.0,
        "Interest Income": 21225000.0,
        "Normalized Income": -194349848.137947,
        "Net Income From Continuing And Discontinued Operation": -194569000.0,
        "Total Expenses": 216310000.0,
        "Total Operating Income As Reported": -216310000.0,
        "Diluted Average Shares": 173758250.0,
        "Basic Average Shares": 173758250.0,
        "Diluted EPS": -1.12,
        "Basic EPS": -1.12,
        "Diluted NI Availto Com Stockholders": -194569000.0,
        "Net Income Common Stockholders": -194569000.0,
        "Net Income": -194569000.0,
        "Net Income Including Noncontrolling Interests": -194569000.0,
        "Net Income Continuous Operations": -194569000.0,
        "Tax Provision": -753000.0,
        "Pretax Income": -195322000.0,
        "Other Income Expense": -237000.0,
        "Other Non Operating Income Expenses": -17000.0,
        "Gain On Sale Of Security": -220000.0,
        "Net Non Operating Interest Income Expense": 21225000.0,
        "Interest Income Non Operating": 21225000.0,
        "Operating Income": -216310000.0,
        "Operating Expense": 216310000.0,
        "Research And Development": 188096000.0,
        "Selling General And Administration": 28214000.0,
        "General And Administrative Expense": 28214000.0,
        "Other Gand A": 28214000.0,
        "Total Revenue": 0.0,
        "Operating Revenue": 0.0
    },
    "2025-03-31": {
        "Tax Effect Of Unusual Items": 0.0,
        "Tax Rate For Calcs": 0.0,
        "Normalized EBITDA": -239483000.0,
        "Total Unusual Items": 2439000.0,
        "Total Unusual Items Excluding Goodwill": 2439000.0,
        "Net Income From Continuing Operation Net Minority Interest": -213416000.0,
        "Reconciled Depreciation": 3716000.0,
        "EBITDA": -237044000.0,
        "EBIT": -240760000.0,
        "Net Interest Income": 24915000.0,
        "Interest Income": 24915000.0,
        "Normalized Income": -215855000.0,
        "Net Income From Continuing And Discontinued Operation": -213416000.0,
        "Total Expenses": 240760000.0,
        "Total Operating Income As Reported": -240760000.0,
        "Diluted Average Shares": 188145904.0,
        "Basic Average Shares": 188145904.0,
        "Diluted EPS": -1.13,
        "Basic EPS": -1.13,
        "Diluted NI Availto Com Stockholders": -213416000.0,
        "Net Income Common Stockholders": -213416000.0,
        "Net Income": -213416000.0,
        "Net Income Including Noncontrolling Interests": -213416000.0,
        "Net Income Continuous Operations": -213416000.0,
        "Tax Provision": NaN,
        "Pretax Income": -213416000.0,
        "Other Income Expense": 2429000.0,
        "Other Non Operating Income Expenses": -10000.0,
        "Gain On Sale Of Security": 2439000.0,
        "Net Non Operating Interest Income Expense": 24915000.0,
        "Interest Income Non Operating": 24915000.0,
        "Operating Income": -240760000.0,
        "Operating Expense": 240760000.0,
        "Research And Development": 205749000.0,
        "Selling General And Administration": 35011000.0,
        "General And Administrative Expense": 35011000.0,
        "Other Gand A": 35011000.0,
        "Total Revenue": 0.0,
        "Operating Revenue": 0.0
    }
}