{
    "2023-03-31": {
        "Tax Effect Of Unusual Items": NaN,
        "Tax Rate For Calcs": NaN,
        "Total Unusual Items": 0.0,
        "Total Unusual Items Excluding Goodwill": 0.0,
        "Net Income From Continuing Operation Net Minority Interest": NaN,
        "Reconciled Depreciation": NaN,
        "Net Interest Income": NaN,
        "Interest Expense": NaN,
        "Interest Income": NaN,
        "Normalized Income": NaN,
        "Net Income From Continuing And Discontinued Operation": NaN,
        "Diluted Average Shares": NaN,
        "Basic Average Shares": NaN,
        "Diluted EPS": NaN,
        "Basic EPS": NaN,
        "Diluted NI Availto Com Stockholders": NaN,
        "Net Income Common Stockholders": NaN,
        "Net Income": NaN,
        "Net Income Including Noncontrolling Interests": NaN,
        "Net Income Continuous Operations": NaN,
        "Tax Provision": NaN,
        "Pretax Income": NaN,
        "Special Income Charges": 0.0,
        "Depreciation Amortization Depletion Income Statement": NaN,
        "Depreciation And Amortization In Income Statement": NaN,
        "Amortization": NaN,
        "Amortization Of Intangibles Income Statement": NaN,
        "Selling General And Administration": NaN,
        "Selling And Marketing Expense": NaN,
        "General And Administrative Expense": NaN,
        "Insurance And Claims": NaN,
        "Salaries And Wages": NaN,
        "Total Revenue": NaN,
        "Operating Revenue": NaN,
        "Occupancy And Equipment": NaN,
        "Professional Expense And Contract Services Expense": NaN,
        "Other Non Interest Expense": NaN
    },
    "2022-12-31": {
        "Tax Effect Of Unusual Items": NaN,
        "Tax Rate For Calcs": NaN,
        "Total Unusual Items": 0.0,
        "Total Unusual Items Excluding Goodwill": 0.0,
        "Net Income From Continuing Operation Net Minority Interest": NaN,
        "Reconciled Depreciation": NaN,
        "Net Interest Income": NaN,
        "Interest Expense": NaN,
        "Interest Income": NaN,
        "Normalized Income": NaN,
        "Net Income From Continuing And Discontinued Operation": NaN,
        "Diluted Average Shares": NaN,
        "Basic Average Shares": NaN,
        "Diluted EPS": NaN,
        "Basic EPS": NaN,
        "Diluted NI Availto Com Stockholders": NaN,
        "Net Income Common Stockholders": NaN,
        "Net Income": NaN,
        "Net Income Including Noncontrolling Interests": NaN,
        "Net Income Continuous Operations": NaN,
        "Tax Provision": NaN,
        "Pretax Income": NaN,
        "Special Income Charges": 0.0,
        "Depreciation Amortization Depletion Income Statement": NaN,
        "Depreciation And Amortization In Income Statement": NaN,
        "Amortization": NaN,
        "Amortization Of Intangibles Income Statement": NaN,
        "Selling General And Administration": NaN,
        "Selling And Marketing Expense": NaN,
        "General And Administrative Expense": NaN,
        "Insurance And Claims": NaN,
        "Salaries And Wages": NaN,
        "Total Revenue": NaN,
        "Operating Revenue": NaN,
        "Occupancy And Equipment": NaN,
        "Professional Expense And Contract Services Expense": NaN,
        "Other Non Interest Expense": NaN
    },
    "2022-09-30": {
        "Tax Effect Of Unusual Items": NaN,
        "Tax Rate For Calcs": NaN,
        "Total Unusual Items": 0.0,
        "Total Unusual Items Excluding Goodwill": 0.0,
        "Net Income From Continuing Operation Net Minority Interest": NaN,
        "Reconciled Depreciation": NaN,
        "Net Interest Income": NaN,
        "Interest Expense": NaN,
        "Interest Income": NaN,
        "Normalized Income": NaN,
        "Net Income From Continuing And Discontinued Operation": NaN,
        "Diluted Average Shares": NaN,
        "Basic Average Shares": NaN,
        "Diluted EPS": NaN,
        "Basic EPS": NaN,
        "Diluted NI Availto Com Stockholders": NaN,
        "Net Income Common Stockholders": NaN,
        "Net Income": NaN,
        "Net Income Including Noncontrolling Interests": NaN,
        "Net Income Continuous Operations": NaN,
        "Tax Provision": NaN,
        "Pretax Income": NaN,
        "Special Income Charges": 0.0,
        "Depreciation Amortization Depletion Income Statement": NaN,
        "Depreciation And Amortization In Income Statement": NaN,
        "Amortization": NaN,
        "Amortization Of Intangibles Income Statement": NaN,
        "Selling General And Administration": NaN,
        "Selling And Marketing Expense": NaN,
        "General And Administrative Expense": NaN,
        "Other Gand A": 756000.0,
        "Insurance And Claims": NaN,
        "Salaries And Wages": NaN,
        "Total Revenue": NaN,
        "Operating Revenue": NaN
    },
    "2022-06-30": {
        "Tax Effect Of Unusual Items": 0.0,
        "Tax Rate For Calcs": 0.227,
        "Total Unusual Items": NaN,
        "Total Unusual Items Excluding Goodwill": NaN,
        "Net Income From Continuing Operation Net Minority Interest": 4652000.0,
        "Reconciled Depreciation": 29000.0,
        "Net Interest Income": 12661000.0,
        "Interest Expense": 533000.0,
        "Interest Income": 13194000.0,
        "Normalized Income": 4652000.0,
        "Net Income From Continuing And Discontinued Operation": 4652000.0,
        "Diluted Average Shares": 22037320.0,
        "Basic Average Shares": 22027874.0,
        "Diluted EPS": 0.21,
        "Basic EPS": 0.21,
        "Diluted NI Availto Com Stockholders": 4652000.0,
        "Net Income Common Stockholders": 4652000.0,
        "Net Income": 4652000.0,
        "Net Income Including Noncontrolling Interests": 4652000.0,
        "Net Income Continuous Operations": 4652000.0,
        "Tax Provision": 1366000.0,
        "Pretax Income": 6018000.0,
        "Special Income Charges": NaN,
        "Depreciation Amortization Depletion Income Statement": 29000.0,
        "Depreciation And Amortization In Income Statement": 29000.0,
        "Amortization": 29000.0,
        "Amortization Of Intangibles Income Statement": 29000.0,
        "Selling General And Administration": 7093000.0,
        "Selling And Marketing Expense": 197000.0,
        "General And Administrative Expense": 6896000.0,
        "Other Gand A": 828000.0,
        "Insurance And Claims": 116000.0,
        "Salaries And Wages": 5952000.0,
        "Total Revenue": 15787000.0,
        "Operating Revenue": 15787000.0
    },
    "2022-03-31": {
        "Diluted EPS": 0.18,
        "Total Revenue": 15,
        "Gross Profit": 15,
        "Operating Income": 5,
        "EBIT": NaN,
        "Net Income": 4
    },
    "2021-12-31": {
        "Diluted EPS": 0.25,
        "Total Revenue": 16,
        "Gross Profit": 15,
        "Operating Income": 7,
        "EBIT": NaN,
        "Net Income": 6
    },
    "2021-09-30": {
        "Diluted EPS": 0.29,
        "Total Revenue": 16,
        "Gross Profit": 15,
        "Operating Income": 8,
        "EBIT": NaN,
        "Net Income": 6
    },
    "2021-06-30": {
        "Diluted EPS": 0.26,
        "Total Revenue": 16,
        "Gross Profit": 15,
        "Operating Income": 7,
        "EBIT": NaN,
        "Net Income": 6
    },
    "2021-03-31": {
        "Diluted EPS": 0.16,
        "Total Revenue": 15,
        "Gross Profit": 14,
        "Operating Income": 4,
        "EBIT": NaN,
        "Net Income": 3
    },
    "2020-12-31": {
        "Diluted EPS": 0.18,
        "Total Revenue": 15,
        "Gross Profit": 14,
        "Operating Income": 5,
        "EBIT": NaN,
        "Net Income": 4
    },
    "2020-09-30": {
        "Diluted EPS": 0.11,
        "Total Revenue": 15,
        "Gross Profit": 14,
        "Operating Income": 3,
        "EBIT": NaN,
        "Net Income": 3
    },
    "2020-06-30": {
        "Diluted EPS": 0.02,
        "Total Revenue": 15,
        "Gross Profit": 14,
        "Operating Income": 1,
        "EBIT": NaN,
        "Net Income": 0
    },
    "2020-03-31": {
        "Diluted EPS": 0.13,
        "Total Revenue": 15,
        "Gross Profit": 14,
        "Operating Income": 5,
        "EBIT": NaN,
        "Net Income": 3
    },
    "2019-12-31": {
        "Diluted EPS": 0.18,
        "Total Revenue": 16,
        "Gross Profit": 15,
        "Operating Income": 5,
        "EBIT": NaN,
        "Net Income": 4
    },
    "2019-09-30": {
        "Diluted EPS": 0.2,
        "Total Revenue": 16,
        "Gross Profit": 15,
        "Operating Income": 6,
        "EBIT": NaN,
        "Net Income": 5
    },
    "2019-06-30": {
        "Diluted EPS": 0.18,
        "Total Revenue": 16,
        "Gross Profit": 15,
        "Operating Income": 5,
        "EBIT": NaN,
        "Net Income": 4
    },
    "2019-03-31": {
        "Diluted EPS": 0.18,
        "Total Revenue": 15,
        "Gross Profit": 15,
        "Operating Income": 6,
        "EBIT": NaN,
        "Net Income": 4
    },
    "2018-12-31": {
        "Diluted EPS": 0.19,
        "Total Revenue": 15,
        "Gross Profit": 14,
        "Operating Income": 6,
        "EBIT": NaN,
        "Net Income": 4
    },
    "2018-09-30": {
        "Diluted EPS": 0.19,
        "Total Revenue": 15,
        "Gross Profit": 15,
        "Operating Income": 5,
        "EBIT": NaN,
        "Net Income": 4
    },
    "2018-06-30": {
        "Diluted EPS": 0.2,
        "Total Revenue": 15,
        "Gross Profit": 15,
        "Operating Income": 6,
        "EBIT": NaN,
        "Net Income": 4
    },
    "2018-03-31": {
        "Diluted EPS": 0.12,
        "Total Revenue": 14,
        "Gross Profit": 13,
        "Operating Income": 4,
        "EBIT": NaN,
        "Net Income": 3
    },
    "2017-12-31": {
        "Diluted EPS": 0.07,
        "Total Revenue": 14,
        "Gross Profit": 14,
        "Operating Income": 5,
        "EBIT": NaN,
        "Net Income": 2
    },
    "2017-09-30": {
        "Diluted EPS": 0.14,
        "Total Revenue": 14,
        "Gross Profit": 13,
        "Operating Income": 5,
        "EBIT": NaN,
        "Net Income": 3
    },
    "2017-06-30": {
        "Diluted EPS": 0.12,
        "Total Revenue": 14,
        "Gross Profit": 13,
        "Operating Income": 4,
        "EBIT": NaN,
        "Net Income": 3
    },
    "2017-03-31": {
        "Diluted EPS": 0.09,
        "Total Revenue": 12,
        "Gross Profit": 12,
        "Operating Income": 3,
        "EBIT": NaN,
        "Net Income": 2
    },
    "2016-12-31": {
        "Diluted EPS": 0.09,
        "Total Revenue": 11,
        "Gross Profit": 11,
        "Operating Income": 3,
        "EBIT": NaN,
        "Net Income": 2
    },
    "2016-09-30": {
        "Diluted EPS": 0.07,
        "Total Revenue": 11,
        "Gross Profit": 11,
        "Operating Income": 2,
        "EBIT": NaN,
        "Net Income": 2
    },
    "2016-06-30": {
        "Diluted EPS": 0.08,
        "Total Revenue": 11,
        "Gross Profit": 10,
        "Operating Income": 3,
        "EBIT": NaN,
        "Net Income": 2
    },
    "2016-03-31": {
        "Diluted EPS": 0.06,
        "Total Revenue": 10,
        "Gross Profit": 10,
        "Operating Income": 2,
        "EBIT": NaN,
        "Net Income": 1
    },
    "2015-12-31": {
        "Diluted EPS": 0.08,
        "Total Revenue": 10,
        "Gross Profit": 10,
        "Operating Income": 3,
        "EBIT": NaN,
        "Net Income": 2
    },
    "2015-09-30": {
        "Diluted EPS": 0.07,
        "Total Revenue": 10,
        "Gross Profit": 9,
        "Operating Income": 2,
        "EBIT": NaN,
        "Net Income": 2
    },
    "2015-06-30": {
        "Diluted EPS": 0.07,
        "Total Revenue": 10,
        "Gross Profit": 10,
        "Operating Income": 2,
        "EBIT": NaN,
        "Net Income": 2
    },
    "2015-03-31": {
        "Diluted EPS": 0.07,
        "Total Revenue": 10,
        "Gross Profit": 9,
        "Operating Income": 2,
        "EBIT": NaN,
        "Net Income": 2
    },
    "2014-12-31": {
        "Diluted EPS": 0.05,
        "Total Revenue": 9,
        "Gross Profit": 9,
        "Operating Income": 2,
        "EBIT": NaN,
        "Net Income": 1
    },
    "2014-09-30": {
        "Diluted EPS": 0.05,
        "Total Revenue": 9,
        "Gross Profit": 9,
        "Operating Income": 2,
        "EBIT": NaN,
        "Net Income": 1
    },
    "2014-06-30": {
        "Diluted EPS": 0.03,
        "Total Revenue": 9,
        "Gross Profit": 9,
        "Operating Income": 1,
        "EBIT": NaN,
        "Net Income": 1
    },
    "2014-03-31": {
        "Diluted EPS": 0.74,
        "Total Revenue": 8,
        "Gross Profit": 8,
        "Operating Income": 2,
        "EBIT": NaN,
        "Net Income": 17
    },
    "2013-12-31": {
        "Diluted EPS": 0.04,
        "Total Revenue": 9,
        "Gross Profit": 8,
        "Operating Income": 1,
        "EBIT": NaN,
        "Net Income": 1
    },
    "2013-09-30": {
        "Diluted EPS": 0.02,
        "Total Revenue": 9,
        "Gross Profit": 8,
        "Operating Income": 0,
        "EBIT": NaN,
        "Net Income": 0
    },
    "2013-06-30": {
        "Diluted EPS": 0.07,
        "Total Revenue": 9,
        "Gross Profit": 8,
        "Operating Income": 2,
        "EBIT": NaN,
        "Net Income": 2
    },
    "2013-03-31": {
        "Diluted EPS": 0.07,
        "Total Revenue": 9,
        "Gross Profit": 8,
        "Operating Income": 2,
        "EBIT": NaN,
        "Net Income": 2
    },
    "2012-12-31": {
        "Diluted EPS": 0.05,
        "Total Revenue": 10,
        "Gross Profit": 9,
        "Operating Income": 1,
        "EBIT": NaN,
        "Net Income": 1
    },
    "2012-09-30": {
        "Diluted EPS": 0.08,
        "Total Revenue": 11,
        "Gross Profit": 10,
        "Operating Income": 2,
        "EBIT": NaN,
        "Net Income": 2
    },
    "2012-06-30": {
        "Diluted EPS": -0.08,
        "Total Revenue": 12,
        "Gross Profit": 11,
        "Operating Income": -2,
        "EBIT": NaN,
        "Net Income": -2
    },
    "2012-03-31": {
        "Diluted EPS": -0.72,
        "Total Revenue": 11,
        "Gross Profit": 10,
        "Operating Income": -16,
        "EBIT": NaN,
        "Net Income": -16
    },
    "2011-12-31": {
        "Diluted EPS": -0.74,
        "Total Revenue": 11,
        "Gross Profit": 10,
        "Operating Income": -8,
        "EBIT": NaN,
        "Net Income": -17
    },
    "2011-09-30": {
        "Diluted EPS": 0.01,
        "Total Revenue": 12,
        "Gross Profit": 10,
        "Operating Income": 0,
        "EBIT": NaN,
        "Net Income": 0
    },
    "2011-06-30": {
        "Diluted EPS": 0.03,
        "Total Revenue": 12,
        "Gross Profit": 11,
        "Operating Income": 1,
        "EBIT": NaN,
        "Net Income": 1
    },
    "2011-03-31": {
        "Diluted EPS": -0.01,
        "Total Revenue": 12,
        "Gross Profit": 10,
        "Operating Income": 1,
        "EBIT": NaN,
        "Net Income": 1
    },
    "2010-12-31": {
        "Diluted EPS": 0.03,
        "Total Revenue": 13,
        "Gross Profit": 11,
        "Operating Income": 1,
        "EBIT": NaN,
        "Net Income": 1
    },
    "2010-09-30": {
        "Diluted EPS": 0.06,
        "Total Revenue": 13,
        "Gross Profit": 11,
        "Operating Income": 2,
        "EBIT": NaN,
        "Net Income": 1
    },
    "2010-06-30": {
        "Diluted EPS": 0.16,
        "Total Revenue": 14,
        "Gross Profit": 11,
        "Operating Income": 3,
        "EBIT": NaN,
        "Net Income": 2
    },
    "2010-03-31": {
        "Diluted EPS": -0.44,
        "Total Revenue": 13,
        "Gross Profit": 10,
        "Operating Income": -7,
        "EBIT": NaN,
        "Net Income": -5
    },
    "2009-12-31": {
        "Diluted EPS": -0.12,
        "Total Revenue": 13,
        "Gross Profit": 10,
        "Operating Income": -2,
        "EBIT": NaN,
        "Net Income": -1
    },
    "2009-09-30": {
        "Diluted EPS": 0.02,
        "Total Revenue": 14,
        "Gross Profit": 11,
        "Operating Income": 0,
        "EBIT": NaN,
        "Net Income": 0
    },
    "2009-06-30": {
        "Diluted EPS": 0.03,
        "Total Revenue": 14,
        "Gross Profit": 11,
        "Operating Income": 0,
        "EBIT": NaN,
        "Net Income": 0
    },
    "2009-03-31": {
        "Diluted EPS": -0.07,
        "Total Revenue": 15,
        "Gross Profit": 11,
        "Operating Income": -1,
        "EBIT": NaN,
        "Net Income": -1
    },
    "2023-06-30": {
        "Tax Effect Of Unusual Items": 0.0,
        "Tax Rate For Calcs": 0.224,
        "Total Unusual Items": NaN,
        "Total Unusual Items Excluding Goodwill": NaN,
        "Net Income From Continuing Operation Net Minority Interest": 2843000.0,
        "Reconciled Depreciation": 624000.0,
        "Net Interest Income": 10359000.0,
        "Interest Expense": 3598000.0,
        "Interest Income": 13957000.0,
        "Normalized Income": 2843000.0,
        "Net Income From Continuing And Discontinued Operation": 2843000.0,
        "Diluted Average Shares": 21141184.0,
        "Basic Average Shares": 21136097.0,
        "Diluted EPS": 0.13,
        "Basic EPS": 0.13,
        "Diluted NI Availto Com Stockholders": 2843000.0,
        "Net Income Common Stockholders": 2843000.0,
        "Net Income": 2843000.0,
        "Net Income Including Noncontrolling Interests": 2843000.0,
        "Net Income Continuous Operations": 2843000.0,
        "Tax Provision": 823000.0,
        "Pretax Income": 3666000.0,
        "Special Income Charges": NaN,
        "Depreciation Amortization Depletion Income Statement": 27000.0,
        "Depreciation And Amortization In Income Statement": 27000.0,
        "Amortization": 27000.0,
        "Amortization Of Intangibles Income Statement": 27000.0,
        "Selling General And Administration": 6533000.0,
        "Selling And Marketing Expense": 313000.0,
        "General And Administrative Expense": 6220000.0,
        "Insurance And Claims": 177000.0,
        "Salaries And Wages": 6043000.0,
        "Total Revenue": 13644000.0,
        "Operating Revenue": 13644000.0,
        "Occupancy And Equipment": 1583000.0,
        "Professional Expense And Contract Services Expense": 343000.0,
        "Other Non Interest Expense": 1492000.0
    },
    "2023-09-30": {
        "Tax Effect Of Unusual Items": 0.0,
        "Tax Rate For Calcs": 0.219943,
        "Net Income From Continuing Operation Net Minority Interest": 2472000.0,
        "Reconciled Depreciation": 654000.0,
        "Net Interest Income": 9851000.0,
        "Interest Expense": 4184000.0,
        "Interest Income": 14035000.0,
        "Normalized Income": 2472000.0,
        "Net Income From Continuing And Discontinued Operation": 2472000.0,
        "Diluted Average Shares": 21191309.0,
        "Basic Average Shares": 21190987.0,
        "Diluted EPS": 0.12,
        "Basic EPS": 0.12,
        "Diluted NI Availto Com Stockholders": 2472000.0,
        "Net Income Common Stockholders": 2472000.0,
        "Net Income": 2472000.0,
        "Net Income Including Noncontrolling Interests": 2472000.0,
        "Net Income Continuous Operations": 2472000.0,
        "Tax Provision": 697000.0,
        "Pretax Income": 3169000.0,
        "Depreciation Amortization Depletion Income Statement": 27000.0,
        "Depreciation And Amortization In Income Statement": 27000.0,
        "Amortization": 27000.0,
        "Amortization Of Intangibles Income Statement": 27000.0,
        "Selling General And Administration": 6375000.0,
        "Selling And Marketing Expense": 355000.0,
        "General And Administrative Expense": 6020000.0,
        "Insurance And Claims": 175000.0,
        "Salaries And Wages": 5845000.0,
        "Total Revenue": 13258000.0,
        "Operating Revenue": 13258000.0,
        "Occupancy And Equipment": 1649000.0,
        "Professional Expense And Contract Services Expense": 265000.0,
        "Other Non Interest Expense": 1773000.0
    },
    "2023-12-31": {
        "Tax Effect Of Unusual Items": NaN,
        "Tax Rate For Calcs": NaN,
        "Net Income From Continuing Operation Net Minority Interest": NaN,
        "Reconciled Depreciation": NaN,
        "Net Interest Income": NaN,
        "Interest Expense": NaN,
        "Interest Income": NaN,
        "Normalized Income": NaN,
        "Net Income From Continuing And Discontinued Operation": NaN,
        "Diluted Average Shares": 21113464.0,
        "Basic Average Shares": 21113464.0,
        "Diluted EPS": 0.07,
        "Basic EPS": 0.07,
        "Diluted NI Availto Com Stockholders": NaN,
        "Net Income Common Stockholders": NaN,
        "Net Income": NaN,
        "Net Income Including Noncontrolling Interests": NaN,
        "Net Income Continuous Operations": NaN,
        "Tax Provision": NaN,
        "Pretax Income": NaN,
        "Depreciation Amortization Depletion Income Statement": NaN,
        "Depreciation And Amortization In Income Statement": NaN,
        "Amortization": NaN,
        "Amortization Of Intangibles Income Statement": NaN,
        "Selling General And Administration": NaN,
        "Selling And Marketing Expense": NaN,
        "General And Administrative Expense": NaN,
        "Insurance And Claims": NaN,
        "Salaries And Wages": NaN,
        "Total Revenue": NaN,
        "Operating Revenue": NaN,
        "Occupancy And Equipment": NaN,
        "Professional Expense And Contract Services Expense": NaN,
        "Other Non Interest Expense": NaN
    },
    "2024-03-31": {
        "Tax Effect Of Unusual Items": NaN,
        "Tax Rate For Calcs": NaN,
        "Net Income From Continuing Operation Net Minority Interest": NaN,
        "Reconciled Depreciation": NaN,
        "Net Interest Income": NaN,
        "Interest Expense": NaN,
        "Interest Income": NaN,
        "Normalized Income": NaN,
        "Net Income From Continuing And Discontinued Operation": NaN,
        "Diluted Average Shares": 21111043.0,
        "Basic Average Shares": 21111043.0,
        "Diluted EPS": -0.14,
        "Basic EPS": -0.14,
        "Diluted NI Availto Com Stockholders": NaN,
        "Net Income Common Stockholders": NaN,
        "Net Income": NaN,
        "Net Income Including Noncontrolling Interests": NaN,
        "Net Income Continuous Operations": NaN,
        "Tax Provision": NaN,
        "Pretax Income": NaN,
        "Depreciation Amortization Depletion Income Statement": NaN,
        "Depreciation And Amortization In Income Statement": NaN,
        "Amortization": NaN,
        "Amortization Of Intangibles Income Statement": NaN,
        "Selling General And Administration": NaN,
        "Selling And Marketing Expense": NaN,
        "General And Administrative Expense": NaN,
        "Insurance And Claims": NaN,
        "Salaries And Wages": NaN,
        "Total Revenue": NaN,
        "Operating Revenue": NaN,
        "Occupancy And Equipment": NaN,
        "Professional Expense And Contract Services Expense": NaN,
        "Other Non Interest Expense": NaN
    },
    "2024-06-30": {
        "Tax Effect Of Unusual Items": 0.0,
        "Tax Rate For Calcs": 0.207547,
        "Net Income From Continuing Operation Net Minority Interest": 966000.0,
        "Reconciled Depreciation": 779000.0,
        "Net Interest Income": 8821000.0,
        "Interest Expense": 5578000.0,
        "Interest Income": 14399000.0,
        "Normalized Income": 966000.0,
        "Net Income From Continuing And Discontinued Operation": 966000.0,
        "Diluted Average Shares": 21111043.0,
        "Basic Average Shares": 21111043.0,
        "Diluted EPS": 0.05,
        "Basic EPS": 0.05,
        "Diluted NI Availto Com Stockholders": 966000.0,
        "Net Income Common Stockholders": 966000.0,
        "Net Income": 966000.0,
        "Net Income Including Noncontrolling Interests": 966000.0,
        "Net Income Continuous Operations": 966000.0,
        "Tax Provision": 253000.0,
        "Pretax Income": 1219000.0,
        "Depreciation Amortization Depletion Income Statement": 25000.0,
        "Depreciation And Amortization In Income Statement": 25000.0,
        "Amortization": 25000.0,
        "Amortization Of Intangibles Income Statement": 25000.0,
        "Selling General And Administration": 6876000.0,
        "Selling And Marketing Expense": 310000.0,
        "General And Administrative Expense": 6566000.0,
        "Insurance And Claims": 178000.0,
        "Salaries And Wages": 6388000.0,
        "Total Revenue": 12188000.0,
        "Operating Revenue": 12188000.0,
        "Occupancy And Equipment": 1895000.0,
        "Professional Expense And Contract Services Expense": 490000.0,
        "Other Non Interest Expense": 1683000.0
    },
    "2024-09-30": {
        "Tax Effect Of Unusual Items": 0.0,
        "Tax Rate For Calcs": 0.214,
        "Net Income From Continuing Operation Net Minority Interest": 1557000.0,
        "Reconciled Depreciation": 805000.0,
        "Net Interest Income": 8942000.0,
        "Interest Expense": 6000000.0,
        "Interest Income": 14942000.0,
        "Normalized Income": 1557000.0,
        "Net Income From Continuing And Discontinued Operation": 1557000.0,
        "Diluted Average Shares": 21097580.0,
        "Basic Average Shares": 21097580.0,
        "Diluted EPS": 0.07,
        "Basic EPS": 0.07,
        "Diluted NI Availto Com Stockholders": 1557000.0,
        "Net Income Common Stockholders": 1557000.0,
        "Net Income": 1557000.0,
        "Net Income Including Noncontrolling Interests": 1557000.0,
        "Net Income Continuous Operations": 1557000.0,
        "Tax Provision": 425000.0,
        "Pretax Income": 1982000.0,
        "Depreciation Amortization Depletion Income Statement": 25000.0,
        "Depreciation And Amortization In Income Statement": 25000.0,
        "Amortization": 25000.0,
        "Amortization Of Intangibles Income Statement": 25000.0,
        "Selling General And Administration": 7010000.0,
        "Selling And Marketing Expense": 367000.0,
        "General And Administrative Expense": 6643000.0,
        "Insurance And Claims": 166000.0,
        "Salaries And Wages": 6477000.0,
        "Total Revenue": 12783000.0,
        "Operating Revenue": 12783000.0,
        "Occupancy And Equipment": 1921000.0,
        "Professional Expense And Contract Services Expense": 304000.0,
        "Other Non Interest Expense": 1441000.0
    },
    "2024-12-31": {
        "Tax Effect Of Unusual Items": 0.0,
        "Tax Rate For Calcs": 0.218,
        "Net Income From Continuing Operation Net Minority Interest": 1232000.0,
        "Reconciled Depreciation": 860000.0,
        "Net Interest Income": 9388000.0,
        "Interest Expense": 5739000.0,
        "Interest Income": 15127000.0,
        "Normalized Income": 1232000.0,
        "Net Income From Continuing And Discontinued Operation": 1232000.0,
        "Diluted Average Shares": 21037246.0,
        "Basic Average Shares": 21037246.0,
        "Diluted EPS": 0.06,
        "Basic EPS": 0.06,
        "Diluted NI Availto Com Stockholders": 1232000.0,
        "Net Income Common Stockholders": 1232000.0,
        "Net Income": 1232000.0,
        "Net Income Including Noncontrolling Interests": 1232000.0,
        "Net Income Continuous Operations": 1232000.0,
        "Tax Provision": 343000.0,
        "Pretax Income": 1575000.0,
        "Depreciation Amortization Depletion Income Statement": 25000.0,
        "Depreciation And Amortization In Income Statement": 25000.0,
        "Amortization": 25000.0,
        "Amortization Of Intangibles Income Statement": 25000.0,
        "Selling General And Administration": 6962000.0,
        "Selling And Marketing Expense": 317000.0,
        "General And Administrative Expense": 6645000.0,
        "Insurance And Claims": 174000.0,
        "Salaries And Wages": 6471000.0,
        "Total Revenue": 12729000.0,
        "Operating Revenue": 12729000.0,
        "Occupancy And Equipment": 1871000.0,
        "Professional Expense And Contract Services Expense": 429000.0,
        "Other Non Interest Expense": 1867000.0
    },
    "2025-03-31": {
        "Tax Effect Of Unusual Items": 0.0,
        "Tax Rate For Calcs": 0.214774,
        "Net Income From Continuing Operation Net Minority Interest": 1148000.0,
        "Reconciled Depreciation": 883000.0,
        "Net Interest Income": 9193000.0,
        "Interest Expense": 5301000.0,
        "Interest Income": 14494000.0,
        "Normalized Income": 1148000.0,
        "Net Income From Continuing And Discontinued Operation": 1148000.0,
        "Diluted Average Shares": 21007294.0,
        "Basic Average Shares": 21007294.0,
        "Diluted EPS": 0.05,
        "Basic EPS": 0.05,
        "Diluted NI Availto Com Stockholders": 1148000.0,
        "Net Income Common Stockholders": 1148000.0,
        "Net Income": 1148000.0,
        "Net Income Including Noncontrolling Interests": 1148000.0,
        "Net Income Continuous Operations": 1148000.0,
        "Tax Provision": 314000.0,
        "Pretax Income": 1462000.0,
        "Depreciation Amortization Depletion Income Statement": 25000.0,
        "Depreciation And Amortization In Income Statement": 25000.0,
        "Amortization": 25000.0,
        "Amortization Of Intangibles Income Statement": 25000.0,
        "Selling General And Administration": 7217000.0,
        "Selling And Marketing Expense": 284000.0,
        "General And Administrative Expense": 6933000.0,
        "Insurance And Claims": 170000.0,
        "Salaries And Wages": 6763000.0,
        "Total Revenue": 12900000.0,
        "Operating Revenue": 12900000.0,
        "Occupancy And Equipment": 1873000.0,
        "Professional Expense And Contract Services Expense": 577000.0,
        "Other Non Interest Expense": 1746000.0
    },
    "2025-06-30": {
        "Tax Effect Of Unusual Items": 0.0,
        "Tax Rate For Calcs": 0.208145,
        "Net Income From Continuing Operation Net Minority Interest": 1225000.0,
        "Reconciled Depreciation": 873000.0,
        "Net Interest Income": 9841000.0,
        "Interest Expense": 5534000.0,
        "Interest Income": 15375000.0,
        "Normalized Income": 1225000.0,
        "Net Income From Continuing And Discontinued Operation": 1225000.0,
        "Diluted Average Shares": 20976200.0,
        "Basic Average Shares": 20976200.0,
        "Diluted EPS": 0.06,
        "Basic EPS": 0.06,
        "Diluted NI Availto Com Stockholders": 1225000.0,
        "Net Income Common Stockholders": 1225000.0,
        "Net Income": 1225000.0,
        "Net Income Including Noncontrolling Interests": 1225000.0,
        "Net Income Continuous Operations": 1225000.0,
        "Tax Provision": 322000.0,
        "Pretax Income": 1547000.0,
        "Depreciation Amortization Depletion Income Statement": 24000.0,
        "Depreciation And Amortization In Income Statement": 24000.0,
        "Amortization": 24000.0,
        "Amortization Of Intangibles Income Statement": 24000.0,
        "Selling General And Administration": 7648000.0,
        "Selling And Marketing Expense": 237000.0,
        "General And Administrative Expense": 7411000.0,
        "Insurance And Claims": 164000.0,
        "Salaries And Wages": 7247000.0,
        "Total Revenue": 13267000.0,
        "Operating Revenue": 13267000.0,
        "Occupancy And Equipment": 1868000.0,
        "Professional Expense And Contract Services Expense": 416000.0,
        "Other Non Interest Expense": 1764000.0
    }
}