{
    "2023-03-31": {
        "Tax Effect Of Unusual Items": NaN,
        "Tax Rate For Calcs": NaN,
        "Normalized EBITDA": NaN,
        "Total Unusual Items": NaN,
        "Total Unusual Items Excluding Goodwill": NaN,
        "Net Income From Continuing Operation Net Minority Interest": NaN,
        "Reconciled Depreciation": NaN,
        "Reconciled Cost Of Revenue": NaN,
        "EBITDA": NaN,
        "EBIT": NaN,
        "Net Interest Income": NaN,
        "Interest Expense": NaN,
        "Interest Income": NaN,
        "Normalized Income": NaN,
        "Net Income From Continuing And Discontinued Operation": NaN,
        "Total Expenses": NaN,
        "Total Operating Income As Reported": NaN,
        "Diluted Average Shares": NaN,
        "Basic Average Shares": NaN,
        "Diluted EPS": NaN,
        "Basic EPS": NaN,
        "Diluted NI Availto Com Stockholders": NaN,
        "Net Income Common Stockholders": NaN,
        "Net Income": NaN,
        "Net Income Including Noncontrolling Interests": NaN,
        "Net Income Discontinuous Operations": NaN,
        "Net Income Continuous Operations": NaN,
        "Tax Provision": NaN,
        "Pretax Income": NaN,
        "Other Income Expense": NaN,
        "Other Non Operating Income Expenses": -2189000.0,
        "Gain On Sale Of Security": NaN,
        "Net Non Operating Interest Income Expense": NaN,
        "Interest Expense Non Operating": NaN,
        "Interest Income Non Operating": NaN,
        "Operating Income": NaN,
        "Operating Expense": NaN,
        "Research And Development": NaN,
        "Selling General And Administration": NaN,
        "General And Administrative Expense": NaN,
        "Other Gand A": NaN,
        "Salaries And Wages": NaN,
        "Gross Profit": NaN,
        "Cost Of Revenue": NaN,
        "Total Revenue": NaN,
        "Operating Revenue": NaN
    },
    "2022-12-31": {
        "Tax Effect Of Unusual Items": NaN,
        "Tax Rate For Calcs": NaN,
        "Normalized EBITDA": NaN,
        "Total Unusual Items": NaN,
        "Total Unusual Items Excluding Goodwill": NaN,
        "Net Income From Continuing Operation Net Minority Interest": NaN,
        "Reconciled Depreciation": NaN,
        "Reconciled Cost Of Revenue": NaN,
        "EBITDA": NaN,
        "EBIT": NaN,
        "Net Interest Income": NaN,
        "Interest Expense": NaN,
        "Interest Income": NaN,
        "Normalized Income": NaN,
        "Net Income From Continuing And Discontinued Operation": NaN,
        "Total Expenses": NaN,
        "Total Operating Income As Reported": NaN,
        "Diluted Average Shares": NaN,
        "Basic Average Shares": NaN,
        "Diluted EPS": NaN,
        "Basic EPS": NaN,
        "Diluted NI Availto Com Stockholders": NaN,
        "Net Income Common Stockholders": NaN,
        "Net Income": NaN,
        "Net Income Including Noncontrolling Interests": NaN,
        "Net Income Discontinuous Operations": NaN,
        "Net Income Continuous Operations": NaN,
        "Tax Provision": NaN,
        "Pretax Income": NaN,
        "Other Income Expense": NaN,
        "Other Non Operating Income Expenses": 23354000.0,
        "Gain On Sale Of Security": NaN,
        "Net Non Operating Interest Income Expense": NaN,
        "Interest Expense Non Operating": NaN,
        "Interest Income Non Operating": NaN,
        "Operating Income": NaN,
        "Operating Expense": NaN,
        "Research And Development": NaN,
        "Selling General And Administration": NaN,
        "General And Administrative Expense": NaN,
        "Other Gand A": NaN,
        "Salaries And Wages": NaN,
        "Gross Profit": NaN,
        "Cost Of Revenue": NaN,
        "Total Revenue": NaN,
        "Operating Revenue": NaN
    },
    "2022-09-30": {
        "Tax Effect Of Unusual Items": NaN,
        "Tax Rate For Calcs": NaN,
        "Normalized EBITDA": NaN,
        "Total Unusual Items": NaN,
        "Total Unusual Items Excluding Goodwill": NaN,
        "Net Income From Continuing Operation Net Minority Interest": NaN,
        "Reconciled Depreciation": NaN,
        "Reconciled Cost Of Revenue": NaN,
        "EBITDA": NaN,
        "EBIT": NaN,
        "Net Interest Income": NaN,
        "Interest Expense": NaN,
        "Interest Income": NaN,
        "Normalized Income": NaN,
        "Net Income From Continuing And Discontinued Operation": NaN,
        "Total Expenses": NaN,
        "Total Operating Income As Reported": NaN,
        "Diluted Average Shares": NaN,
        "Basic Average Shares": NaN,
        "Diluted EPS": NaN,
        "Basic EPS": NaN,
        "Diluted NI Availto Com Stockholders": NaN,
        "Net Income Common Stockholders": NaN,
        "Net Income": NaN,
        "Net Income Including Noncontrolling Interests": NaN,
        "Net Income Discontinuous Operations": NaN,
        "Net Income Continuous Operations": NaN,
        "Tax Provision": NaN,
        "Pretax Income": NaN,
        "Other Income Expense": NaN,
        "Other Non Operating Income Expenses": 2602000.0,
        "Special Income Charges": -2774000.0,
        "Restructuring And Mergern Acquisition": 2774000.0,
        "Gain On Sale Of Security": NaN,
        "Net Non Operating Interest Income Expense": NaN,
        "Interest Expense Non Operating": NaN,
        "Interest Income Non Operating": NaN,
        "Operating Income": NaN,
        "Operating Expense": NaN,
        "Research And Development": NaN,
        "Selling General And Administration": NaN,
        "General And Administrative Expense": 242743000.0,
        "Other Gand A": 242743000.0,
        "Salaries And Wages": NaN,
        "Gross Profit": NaN,
        "Cost Of Revenue": NaN,
        "Total Revenue": NaN,
        "Operating Revenue": NaN
    },
    "2022-06-30": {
        "Tax Effect Of Unusual Items": -1816680.744146,
        "Tax Rate For Calcs": 0.201451,
        "Normalized EBITDA": 380024000.0,
        "Total Unusual Items": -9018000.0,
        "Total Unusual Items Excluding Goodwill": -9018000.0,
        "Net Income From Continuing Operation Net Minority Interest": 179252000.0,
        "Reconciled Depreciation": 119406000.0,
        "Reconciled Cost Of Revenue": 563406000.0,
        "EBITDA": 371006000.0,
        "EBIT": 251600000.0,
        "Net Interest Income": -26366000.0,
        "Interest Expense": 27128000.0,
        "Interest Income": 762000.0,
        "Normalized Income": 186453319.255854,
        "Net Income From Continuing And Discontinued Operation": 179212000.0,
        "Total Expenses": 966783000.0,
        "Total Operating Income As Reported": 250858000.0,
        "Diluted Average Shares": 126509000.0,
        "Basic Average Shares": 126126000.0,
        "Diluted EPS": 1.42,
        "Basic EPS": 1.42,
        "Diluted NI Availto Com Stockholders": 179212000.0,
        "Net Income Common Stockholders": 179212000.0,
        "Net Income": 179212000.0,
        "Net Income Including Noncontrolling Interests": 179212000.0,
        "Net Income Discontinuous Operations": -40000.0,
        "Net Income Continuous Operations": 179252000.0,
        "Tax Provision": 45220000.0,
        "Pretax Income": 224472000.0,
        "Other Income Expense": -11948000.0,
        "Other Non Operating Income Expenses": -2930000.0,
        "Special Income Charges": -11928000.0,
        "Restructuring And Mergern Acquisition": 11928000.0,
        "Gain On Sale Of Security": 2910000.0,
        "Net Non Operating Interest Income Expense": -26366000.0,
        "Interest Expense Non Operating": 27128000.0,
        "Interest Income Non Operating": 762000.0,
        "Operating Income": 262786000.0,
        "Operating Expense": 403377000.0,
        "Research And Development": 73352000.0,
        "Selling General And Administration": 330025000.0,
        "General And Administrative Expense": NaN,
        "Other Gand A": NaN,
        "Salaries And Wages": NaN,
        "Gross Profit": 666163000.0,
        "Cost Of Revenue": 563406000.0,
        "Total Revenue": 1229569000.0,
        "Operating Revenue": 1229569000.0
    },
    "2023-06-30": {
        "Tax Effect Of Unusual Items": NaN,
        "Tax Rate For Calcs": NaN,
        "Normalized EBITDA": NaN,
        "Total Unusual Items": NaN,
        "Total Unusual Items Excluding Goodwill": NaN,
        "Net Income From Continuing Operation Net Minority Interest": NaN,
        "Reconciled Depreciation": NaN,
        "Reconciled Cost Of Revenue": NaN,
        "EBITDA": NaN,
        "EBIT": NaN,
        "Net Interest Income": NaN,
        "Interest Expense": NaN,
        "Interest Income": NaN,
        "Normalized Income": NaN,
        "Net Income From Continuing And Discontinued Operation": NaN,
        "Total Expenses": NaN,
        "Total Operating Income As Reported": NaN,
        "Diluted Average Shares": NaN,
        "Basic Average Shares": NaN,
        "Diluted EPS": NaN,
        "Basic EPS": NaN,
        "Diluted NI Availto Com Stockholders": NaN,
        "Net Income Common Stockholders": NaN,
        "Net Income": NaN,
        "Net Income Including Noncontrolling Interests": NaN,
        "Net Income Discontinuous Operations": NaN,
        "Net Income Continuous Operations": NaN,
        "Tax Provision": NaN,
        "Pretax Income": NaN,
        "Other Income Expense": NaN,
        "Gain On Sale Of Security": NaN,
        "Net Non Operating Interest Income Expense": NaN,
        "Interest Expense Non Operating": NaN,
        "Interest Income Non Operating": NaN,
        "Operating Income": NaN,
        "Operating Expense": NaN,
        "Research And Development": NaN,
        "Selling General And Administration": NaN,
        "General And Administrative Expense": 269308000.0,
        "Other Gand A": 267022000.0,
        "Salaries And Wages": 2286000.0,
        "Gross Profit": NaN,
        "Cost Of Revenue": NaN,
        "Total Revenue": NaN,
        "Operating Revenue": NaN
    },
    "2022-03-31": {
        "Diluted EPS": 1.4,
        "Total Revenue": 963,
        "Gross Profit": 595,
        "Operating Income": 262,
        "EBIT": 390,
        "Net Income": 177
    },
    "2021-12-31": {
        "Diluted EPS": 1.41,
        "Total Revenue": 430,
        "Gross Profit": 441,
        "Operating Income": 263,
        "EBIT": 399,
        "Net Income": 190
    },
    "2021-09-30": {
        "Diluted EPS": 1.11,
        "Total Revenue": 861,
        "Gross Profit": 523,
        "Operating Income": 196,
        "EBIT": 258,
        "Net Income": 128
    },
    "2021-06-30": {
        "Diluted EPS": 2.19,
        "Total Revenue": NaN,
        "Gross Profit": 685,
        "Operating Income": 332,
        "EBIT": 411,
        "Net Income": 246
    },
    "2021-03-31": {
        "Diluted EPS": 3.37,
        "Total Revenue": NaN,
        "Gross Profit": 785,
        "Operating Income": 468,
        "EBIT": 542,
        "Net Income": 379
    },
    "2020-12-31": {
        "Diluted EPS": 3.39,
        "Total Revenue": 235,
        "Gross Profit": 447,
        "Operating Income": 399,
        "EBIT": 419,
        "Net Income": 380
    },
    "2020-09-30": {
        "Diluted EPS": 1.57,
        "Total Revenue": 964,
        "Gross Profit": 527,
        "Operating Income": 248,
        "EBIT": 312,
        "Net Income": 177
    },
    "2020-06-30": {
        "Diluted EPS": 1.23,
        "Total Revenue": 812,
        "Gross Profit": 447,
        "Operating Income": 176,
        "EBIT": 236,
        "Net Income": 137
    },
    "2020-03-31": {
        "Diluted EPS": 0.3,
        "Total Revenue": 652,
        "Gross Profit": 308,
        "Operating Income": 45,
        "EBIT": 107,
        "Net Income": 34
    },
    "2019-12-31": {
        "Diluted EPS": 0.58,
        "Total Revenue": 805,
        "Gross Profit": 398,
        "Operating Income": 138,
        "EBIT": 205,
        "Net Income": 65
    },
    "2019-09-30": {
        "Diluted EPS": 0.52,
        "Total Revenue": 707,
        "Gross Profit": 342,
        "Operating Income": 79,
        "EBIT": 141,
        "Net Income": 59
    },
    "2019-06-30": {
        "Diluted EPS": 0.62,
        "Total Revenue": 723,
        "Gross Profit": 348,
        "Operating Income": 92,
        "EBIT": 151,
        "Net Income": 69
    },
    "2019-03-31": {
        "Diluted EPS": 0.32,
        "Total Revenue": 649,
        "Gross Profit": 308,
        "Operating Income": 53,
        "EBIT": 105,
        "Net Income": 35
    },
    "2018-12-31": {
        "Diluted EPS": 0.64,
        "Total Revenue": 756,
        "Gross Profit": 376,
        "Operating Income": 116,
        "EBIT": 165,
        "Net Income": 71
    },
    "2018-09-30": {
        "Diluted EPS": 0.69,
        "Total Revenue": 674,
        "Gross Profit": 332,
        "Operating Income": 80,
        "EBIT": 126,
        "Net Income": 77
    },
    "2018-06-30": {
        "Diluted EPS": 0.57,
        "Total Revenue": 703,
        "Gross Profit": 340,
        "Operating Income": 88,
        "EBIT": 142,
        "Net Income": 64
    },
    "2018-03-31": {
        "Diluted EPS": 0.23,
        "Total Revenue": 644,
        "Gross Profit": 292,
        "Operating Income": 40,
        "EBIT": 94,
        "Net Income": 26
    },
    "2017-12-31": {
        "Diluted EPS": -0.37,
        "Total Revenue": 642,
        "Gross Profit": 307,
        "Operating Income": 94,
        "EBIT": 126,
        "Net Income": -41
    },
    "2017-09-30": {
        "Diluted EPS": 0.82,
        "Total Revenue": 554,
        "Gross Profit": 269,
        "Operating Income": 78,
        "EBIT": 105,
        "Net Income": 91
    },
    "2017-06-30": {
        "Diluted EPS": 1.84,
        "Total Revenue": 547,
        "Gross Profit": 258,
        "Operating Income": 74,
        "EBIT": 102,
        "Net Income": 204
    },
    "2017-03-31": {
        "Diluted EPS": 0.35,
        "Total Revenue": 514,
        "Gross Profit": 240,
        "Operating Income": 50,
        "EBIT": 77,
        "Net Income": 39
    },
    "2016-12-31": {
        "Diluted EPS": 0.58,
        "Total Revenue": 567,
        "Gross Profit": 277,
        "Operating Income": 92,
        "EBIT": 118,
        "Net Income": 65
    },
    "2016-09-30": {
        "Diluted EPS": 0.53,
        "Total Revenue": 514,
        "Gross Profit": 249,
        "Operating Income": 76,
        "EBIT": 101,
        "Net Income": 58
    },
    "2016-06-30": {
        "Diluted EPS": 0.58,
        "Total Revenue": 536,
        "Gross Profit": 254,
        "Operating Income": 66,
        "EBIT": 92,
        "Net Income": 64
    },
    "2016-03-31": {
        "Diluted EPS": 0.43,
        "Total Revenue": 498,
        "Gross Profit": 235,
        "Operating Income": 61,
        "EBIT": 86,
        "Net Income": 47
    },
    "2015-12-31": {
        "Diluted EPS": 0.6,
        "Total Revenue": 451,
        "Gross Profit": 222,
        "Operating Income": 50,
        "EBIT": 72,
        "Net Income": 68
    },
    "2015-09-30": {
        "Diluted EPS": 0.48,
        "Total Revenue": 563,
        "Gross Profit": 255,
        "Operating Income": 76,
        "EBIT": 104,
        "Net Income": 55
    },
    "2015-06-30": {
        "Diluted EPS": 0.43,
        "Total Revenue": 564,
        "Gross Profit": 253,
        "Operating Income": 68,
        "EBIT": 98,
        "Net Income": 49
    },
    "2015-03-31": {
        "Diluted EPS": 0.36,
        "Total Revenue": 527,
        "Gross Profit": 235,
        "Operating Income": 57,
        "EBIT": 91,
        "Net Income": 40
    },
    "2014-12-31": {
        "Diluted EPS": 0.28,
        "Total Revenue": 441,
        "Gross Profit": 208,
        "Operating Income": -15,
        "EBIT": 11,
        "Net Income": 31
    },
    "2014-09-30": {
        "Diluted EPS": 0.37,
        "Total Revenue": 542,
        "Gross Profit": 243,
        "Operating Income": 59,
        "EBIT": 88,
        "Net Income": 42
    },
    "2014-06-30": {
        "Diluted EPS": 0.44,
        "Total Revenue": 556,
        "Gross Profit": 248,
        "Operating Income": 70,
        "EBIT": 99,
        "Net Income": 50
    },
    "2014-03-31": {
        "Diluted EPS": 0.3,
        "Total Revenue": 531,
        "Gross Profit": 236,
        "Operating Income": 52,
        "EBIT": 81,
        "Net Income": 34
    },
    "2013-12-31": {
        "Diluted EPS": 0.58,
        "Total Revenue": 589,
        "Gross Profit": 276,
        "Operating Income": 94,
        "EBIT": 129,
        "Net Income": 67
    },
    "2013-09-30": {
        "Diluted EPS": 0.36,
        "Total Revenue": 522,
        "Gross Profit": 233,
        "Operating Income": 58,
        "EBIT": 92,
        "Net Income": 40
    },
    "2013-06-30": {
        "Diluted EPS": 0.25,
        "Total Revenue": 541,
        "Gross Profit": 242,
        "Operating Income": 40,
        "EBIT": 73,
        "Net Income": 28
    },
    "2013-03-31": {
        "Diluted EPS": 0.28,
        "Total Revenue": 505,
        "Gross Profit": 225,
        "Operating Income": 36,
        "EBIT": 67,
        "Net Income": 32
    },
    "2012-12-31": {
        "Diluted EPS": -0.14,
        "Total Revenue": 563,
        "Gross Profit": 260,
        "Operating Income": -26,
        "EBIT": 5,
        "Net Income": -16
    },
    "2012-09-30": {
        "Diluted EPS": 0.26,
        "Total Revenue": 510,
        "Gross Profit": 231,
        "Operating Income": 43,
        "EBIT": 75,
        "Net Income": 30
    },
    "2012-06-30": {
        "Diluted EPS": 0.29,
        "Total Revenue": 522,
        "Gross Profit": 239,
        "Operating Income": 50,
        "EBIT": 83,
        "Net Income": 34
    },
    "2012-03-31": {
        "Diluted EPS": 0.2,
        "Total Revenue": 511,
        "Gross Profit": 232,
        "Operating Income": 36,
        "EBIT": 74,
        "Net Income": 23
    },
    "2011-12-31": {
        "Diluted EPS": -0.73,
        "Total Revenue": 539,
        "Gross Profit": 239,
        "Operating Income": -26,
        "EBIT": 14,
        "Net Income": -84
    },
    "2011-09-30": {
        "Diluted EPS": 0.32,
        "Total Revenue": 453,
        "Gross Profit": 199,
        "Operating Income": 36,
        "EBIT": 65,
        "Net Income": 37
    },
    "2011-06-30": {
        "Diluted EPS": 0.26,
        "Total Revenue": 479,
        "Gross Profit": 209,
        "Operating Income": 39,
        "EBIT": 67,
        "Net Income": 30
    },
    "2011-03-31": {
        "Diluted EPS": 0.22,
        "Total Revenue": 447,
        "Gross Profit": 200,
        "Operating Income": 41,
        "EBIT": 66,
        "Net Income": 25
    },
    "2010-12-31": {
        "Diluted EPS": 2.5,
        "Total Revenue": 467,
        "Gross Profit": 208,
        "Operating Income": 52,
        "EBIT": 76,
        "Net Income": 296
    },
    "2010-09-30": {
        "Diluted EPS": 0.11,
        "Total Revenue": 419,
        "Gross Profit": 186,
        "Operating Income": 41,
        "EBIT": 65,
        "Net Income": 13
    },
    "2010-06-30": {
        "Diluted EPS": 0.49,
        "Total Revenue": 422,
        "Gross Profit": 189,
        "Operating Income": 33,
        "EBIT": 57,
        "Net Income": 58
    },
    "2010-03-31": {
        "Diluted EPS": 0.21,
        "Total Revenue": 394,
        "Gross Profit": 175,
        "Operating Income": 31,
        "EBIT": 51,
        "Net Income": 24
    },
    "2009-12-31": {
        "Diluted EPS": 0.31,
        "Total Revenue": 300,
        "Gross Profit": 156,
        "Operating Income": 31,
        "EBIT": 55,
        "Net Income": 36
    },
    "2009-09-30": {
        "Diluted EPS": 0.12,
        "Total Revenue": 377,
        "Gross Profit": 169,
        "Operating Income": 22,
        "EBIT": 36,
        "Net Income": 14
    },
    "2009-06-30": {
        "Diluted EPS": 0.18,
        "Total Revenue": 438,
        "Gross Profit": 188,
        "Operating Income": 38,
        "EBIT": 61,
        "Net Income": 22
    },
    "2009-03-31": {
        "Diluted EPS": 0.09,
        "Total Revenue": 435,
        "Gross Profit": 189,
        "Operating Income": 25,
        "EBIT": 48,
        "Net Income": 11
    },
    "2023-09-30": {
        "Tax Effect Of Unusual Items": NaN,
        "Tax Rate For Calcs": NaN,
        "Normalized EBITDA": NaN,
        "Total Unusual Items": NaN,
        "Total Unusual Items Excluding Goodwill": NaN,
        "Net Income From Continuing Operation Net Minority Interest": NaN,
        "Reconciled Depreciation": NaN,
        "Reconciled Cost Of Revenue": NaN,
        "EBITDA": NaN,
        "EBIT": NaN,
        "Net Interest Income": NaN,
        "Interest Expense": NaN,
        "Interest Income": NaN,
        "Normalized Income": NaN,
        "Net Income From Continuing And Discontinued Operation": NaN,
        "Total Expenses": NaN,
        "Total Operating Income As Reported": NaN,
        "Diluted Average Shares": NaN,
        "Basic Average Shares": NaN,
        "Diluted EPS": NaN,
        "Basic EPS": NaN,
        "Diluted NI Availto Com Stockholders": NaN,
        "Net Income Common Stockholders": NaN,
        "Net Income": NaN,
        "Net Income Including Noncontrolling Interests": NaN,
        "Net Income Discontinuous Operations": NaN,
        "Net Income Continuous Operations": NaN,
        "Tax Provision": NaN,
        "Pretax Income": NaN,
        "Other Income Expense": NaN,
        "Gain On Sale Of Security": NaN,
        "Net Non Operating Interest Income Expense": NaN,
        "Interest Expense Non Operating": NaN,
        "Interest Income Non Operating": NaN,
        "Operating Income": NaN,
        "Operating Expense": NaN,
        "Research And Development": NaN,
        "Selling General And Administration": NaN,
        "General And Administrative Expense": 250746000.0,
        "Other Gand A": 250249000.0,
        "Salaries And Wages": 497000.0,
        "Gross Profit": NaN,
        "Cost Of Revenue": NaN,
        "Total Revenue": NaN,
        "Operating Revenue": NaN
    },
    "2023-12-31": {
        "Tax Effect Of Unusual Items": -5360670.0,
        "Tax Rate For Calcs": 0.21,
        "Normalized EBITDA": 187056000.0,
        "Total Unusual Items": -25527000.0,
        "Total Unusual Items Excluding Goodwill": -25527000.0,
        "Net Income From Continuing Operation Net Minority Interest": 63567000.0,
        "Reconciled Depreciation": 105568000.0,
        "Reconciled Cost Of Revenue": 312423000.0,
        "EBITDA": 161529000.0,
        "EBIT": 55961000.0,
        "Net Interest Income": -6219000.0,
        "Interest Expense": 24582000.0,
        "Interest Income": 18363000.0,
        "Normalized Income": 83733330.0,
        "Net Income From Continuing And Discontinued Operation": 78563000.0,
        "Total Expenses": 613770000.0,
        "Total Operating Income As Reported": 77159000.0,
        "Diluted Average Shares": 123426000.0,
        "Basic Average Shares": 123426000.0,
        "Diluted EPS": 0.636519,
        "Basic EPS": 0.636519,
        "Diluted NI Availto Com Stockholders": 78563000.0,
        "Net Income Common Stockholders": 78563000.0,
        "Net Income": 78563000.0,
        "Net Income Including Noncontrolling Interests": 78563000.0,
        "Net Income Discontinuous Operations": 14996000.0,
        "Net Income Continuous Operations": 63567000.0,
        "Tax Provision": -32188000.0,
        "Pretax Income": 31379000.0,
        "Other Income Expense": -44533000.0,
        "Gain On Sale Of Security": -25527000.0,
        "Net Non Operating Interest Income Expense": -6219000.0,
        "Interest Expense Non Operating": 24582000.0,
        "Interest Income Non Operating": 18363000.0,
        "Operating Income": 82131000.0,
        "Operating Expense": 301347000.0,
        "Research And Development": 49596000.0,
        "Selling General And Administration": 251751000.0,
        "General And Administrative Expense": NaN,
        "Other Gand A": NaN,
        "Salaries And Wages": NaN,
        "Gross Profit": 383478000.0,
        "Cost Of Revenue": 312423000.0,
        "Total Revenue": 695901000.0,
        "Operating Revenue": 695901000.0
    },
    "2024-03-31": {
        "Tax Effect Of Unusual Items": -564291.0,
        "Tax Rate For Calcs": 0.169,
        "Normalized EBITDA": 170087000.0,
        "Total Unusual Items": -3339000.0,
        "Total Unusual Items Excluding Goodwill": -3339000.0,
        "Net Income From Continuing Operation Net Minority Interest": 28696000.0,
        "Reconciled Depreciation": 107802000.0,
        "Reconciled Cost Of Revenue": 294873000.0,
        "EBITDA": 166748000.0,
        "EBIT": 58946000.0,
        "Net Interest Income": -4311000.0,
        "Interest Expense": 24397000.0,
        "Interest Income": 20086000.0,
        "Normalized Income": 31470709.0,
        "Net Income From Continuing And Discontinued Operation": 26013000.0,
        "Total Expenses": 607721000.0,
        "Total Operating Income As Reported": 44116000.0,
        "Diluted Average Shares": 123538000.0,
        "Basic Average Shares": 123492000.0,
        "Diluted EPS": 0.21,
        "Basic EPS": 0.210645,
        "Diluted NI Availto Com Stockholders": 26013000.0,
        "Net Income Common Stockholders": 26013000.0,
        "Net Income": 26013000.0,
        "Net Income Including Noncontrolling Interests": 26013000.0,
        "Net Income Discontinuous Operations": -2683000.0,
        "Net Income Continuous Operations": 28696000.0,
        "Tax Provision": 5853000.0,
        "Pretax Income": 34549000.0,
        "Other Income Expense": -3339000.0,
        "Gain On Sale Of Security": -3339000.0,
        "Net Non Operating Interest Income Expense": -4311000.0,
        "Interest Expense Non Operating": 24397000.0,
        "Interest Income Non Operating": 20086000.0,
        "Operating Income": 42199000.0,
        "Operating Expense": 312848000.0,
        "Research And Development": 50360000.0,
        "Selling General And Administration": 262488000.0,
        "General And Administrative Expense": 262488000.0,
        "Other Gand A": 260571000.0,
        "Salaries And Wages": 1917000.0,
        "Gross Profit": 355047000.0,
        "Cost Of Revenue": 294873000.0,
        "Total Revenue": 649920000.0,
        "Operating Revenue": 649920000.0
    },
    "2024-06-30": {
        "Tax Effect Of Unusual Items": 1141776.0,
        "Tax Rate For Calcs": 0.162,
        "Normalized EBITDA": 211675000.0,
        "Total Unusual Items": 7048000.0,
        "Total Unusual Items Excluding Goodwill": 7048000.0,
        "Net Income From Continuing Operation Net Minority Interest": 72606000.0,
        "Reconciled Depreciation": 107344000.0,
        "Reconciled Cost Of Revenue": 306179000.0,
        "EBITDA": 218723000.0,
        "EBIT": 111379000.0,
        "Net Interest Income": -4205000.0,
        "Interest Expense": 24717000.0,
        "Interest Income": 20512000.0,
        "Normalized Income": 66699776.0,
        "Net Income From Continuing And Discontinued Operation": 55360000.0,
        "Total Expenses": 607866000.0,
        "Total Operating Income As Reported": 85724000.0,
        "Diluted Average Shares": 123477000.0,
        "Basic Average Shares": 123368000.0,
        "Diluted EPS": 0.448739,
        "Basic EPS": 0.448739,
        "Diluted NI Availto Com Stockholders": 55360000.0,
        "Net Income Common Stockholders": 55360000.0,
        "Net Income": 55360000.0,
        "Net Income Including Noncontrolling Interests": 55360000.0,
        "Net Income Discontinuous Operations": -17246000.0,
        "Net Income Continuous Operations": 72606000.0,
        "Tax Provision": 14056000.0,
        "Pretax Income": 86662000.0,
        "Other Income Expense": 7048000.0,
        "Gain On Sale Of Security": 7048000.0,
        "Net Non Operating Interest Income Expense": -4205000.0,
        "Interest Expense Non Operating": 24717000.0,
        "Interest Income Non Operating": 20512000.0,
        "Operating Income": 83819000.0,
        "Operating Expense": 301687000.0,
        "Research And Development": 48132000.0,
        "Selling General And Administration": 253555000.0,
        "General And Administrative Expense": 253555000.0,
        "Other Gand A": 251650000.0,
        "Salaries And Wages": 1905000.0,
        "Gross Profit": 385506000.0,
        "Cost Of Revenue": 306179000.0,
        "Total Revenue": 691685000.0,
        "Operating Revenue": 691685000.0
    },
    "2024-09-30": {
        "Tax Effect Of Unusual Items": 398889.0,
        "Tax Rate For Calcs": 0.069,
        "Normalized EBITDA": 226629000.0,
        "Total Unusual Items": 5781000.0,
        "Total Unusual Items Excluding Goodwill": 5781000.0,
        "Net Income From Continuing Operation Net Minority Interest": 93386000.0,
        "Reconciled Depreciation": 107670000.0,
        "Reconciled Cost Of Revenue": 299233000.0,
        "EBITDA": 232410000.0,
        "EBIT": 124740000.0,
        "Net Interest Income": -1619000.0,
        "Interest Expense": 24383000.0,
        "Interest Income": 22764000.0,
        "Normalized Income": 88003889.0,
        "Net Income From Continuing And Discontinued Operation": 94367000.0,
        "Total Expenses": 587854000.0,
        "Total Operating Income As Reported": 98151000.0,
        "Diluted Average Shares": 123026000.0,
        "Basic Average Shares": 122091000.0,
        "Diluted EPS": 0.77,
        "Basic EPS": 0.772923,
        "Diluted NI Availto Com Stockholders": 94367000.0,
        "Net Income Common Stockholders": 94367000.0,
        "Net Income": 94367000.0,
        "Net Income Including Noncontrolling Interests": 94367000.0,
        "Net Income Discontinuous Operations": 981000.0,
        "Net Income Continuous Operations": 93386000.0,
        "Tax Provision": 6971000.0,
        "Pretax Income": 100357000.0,
        "Other Income Expense": 5781000.0,
        "Gain On Sale Of Security": 5781000.0,
        "Net Non Operating Interest Income Expense": -1619000.0,
        "Interest Expense Non Operating": 24383000.0,
        "Interest Income Non Operating": 22764000.0,
        "Operating Income": 96195000.0,
        "Operating Expense": 288621000.0,
        "Research And Development": 49144000.0,
        "Selling General And Administration": 239477000.0,
        "General And Administrative Expense": 239477000.0,
        "Other Gand A": 237521000.0,
        "Salaries And Wages": 1956000.0,
        "Gross Profit": 384816000.0,
        "Cost Of Revenue": 299233000.0,
        "Total Revenue": 684049000.0,
        "Operating Revenue": 684049000.0
    },
    "2024-12-31": {
        "Tax Effect Of Unusual Items": -555670.329322,
        "Tax Rate For Calcs": 0.065304,
        "Normalized EBITDA": 230881000.0,
        "Total Unusual Items": -8509000.0,
        "Total Unusual Items Excluding Goodwill": -8509000.0,
        "Net Income From Continuing Operation Net Minority Interest": 88383000.0,
        "Reconciled Depreciation": 105033000.0,
        "Reconciled Cost Of Revenue": 317082000.0,
        "EBITDA": 222372000.0,
        "EBIT": 117339000.0,
        "Net Interest Income": -12953000.0,
        "Interest Expense": 22781000.0,
        "Interest Income": 9828000.0,
        "Normalized Income": 96336329.670678,
        "Net Income From Continuing And Discontinued Operation": 94645000.0,
        "Total Expenses": 604844000.0,
        "Total Operating Income As Reported": 118750000.0,
        "Diluted Average Shares": 121581000.0,
        "Basic Average Shares": 120646000.0,
        "Diluted EPS": 0.78,
        "Basic EPS": 0.784485,
        "Diluted NI Availto Com Stockholders": 94645000.0,
        "Net Income Common Stockholders": 94645000.0,
        "Net Income": 94645000.0,
        "Net Income Including Noncontrolling Interests": 94645000.0,
        "Net Income Discontinuous Operations": 6262000.0,
        "Net Income Continuous Operations": 88383000.0,
        "Tax Provision": 6175000.0,
        "Pretax Income": 94558000.0,
        "Other Income Expense": -17017000.0,
        "Gain On Sale Of Security": -8509000.0,
        "Net Non Operating Interest Income Expense": -12953000.0,
        "Interest Expense Non Operating": 22781000.0,
        "Interest Income Non Operating": 9828000.0,
        "Operating Income": 124528000.0,
        "Operating Expense": 287762000.0,
        "Research And Development": 49208000.0,
        "Selling General And Administration": 238554000.0,
        "General And Administrative Expense": NaN,
        "Other Gand A": NaN,
        "Salaries And Wages": NaN,
        "Gross Profit": 412290000.0,
        "Cost Of Revenue": 317082000.0,
        "Total Revenue": 729372000.0,
        "Operating Revenue": 729372000.0
    }
}