{
    "2023-03-31": {
        "Tax Effect Of Unusual Items": NaN,
        "Tax Rate For Calcs": NaN,
        "Normalized EBITDA": NaN,
        "Total Unusual Items": NaN,
        "Total Unusual Items Excluding Goodwill": NaN,
        "Net Income From Continuing Operation Net Minority Interest": NaN,
        "Reconciled Depreciation": NaN,
        "Reconciled Cost Of Revenue": NaN,
        "EBITDA": NaN,
        "EBIT": NaN,
        "Net Interest Income": NaN,
        "Interest Expense": NaN,
        "Normalized Income": NaN,
        "Net Income From Continuing And Discontinued Operation": NaN,
        "Total Expenses": NaN,
        "Total Operating Income As Reported": NaN,
        "Diluted Average Shares": NaN,
        "Basic Average Shares": NaN,
        "Diluted EPS": NaN,
        "Basic EPS": NaN,
        "Diluted NI Availto Com Stockholders": NaN,
        "Net Income Common Stockholders": NaN,
        "Net Income": NaN,
        "Net Income Including Noncontrolling Interests": NaN,
        "Net Income Continuous Operations": NaN,
        "Tax Provision": NaN,
        "Pretax Income": NaN,
        "Other Income Expense": NaN,
        "Other Non Operating Income Expenses": NaN,
        "Special Income Charges": NaN,
        "Other Special Charges": NaN,
        "Write Off": NaN,
        "Impairment Of Capital Assets": NaN,
        "Gain On Sale Of Security": 100000.0,
        "Net Non Operating Interest Income Expense": NaN,
        "Interest Expense Non Operating": NaN,
        "Operating Income": NaN,
        "Operating Expense": NaN,
        "Selling General And Administration": NaN,
        "Gross Profit": NaN,
        "Cost Of Revenue": NaN,
        "Total Revenue": NaN,
        "Operating Revenue": NaN
    },
    "2022-12-31": {
        "Tax Effect Of Unusual Items": NaN,
        "Tax Rate For Calcs": NaN,
        "Normalized EBITDA": NaN,
        "Total Unusual Items": NaN,
        "Total Unusual Items Excluding Goodwill": NaN,
        "Net Income From Continuing Operation Net Minority Interest": NaN,
        "Reconciled Depreciation": NaN,
        "Reconciled Cost Of Revenue": NaN,
        "EBITDA": NaN,
        "EBIT": NaN,
        "Net Interest Income": NaN,
        "Interest Expense": NaN,
        "Normalized Income": NaN,
        "Net Income From Continuing And Discontinued Operation": NaN,
        "Total Expenses": NaN,
        "Total Operating Income As Reported": NaN,
        "Diluted Average Shares": NaN,
        "Basic Average Shares": NaN,
        "Diluted EPS": NaN,
        "Basic EPS": NaN,
        "Diluted NI Availto Com Stockholders": NaN,
        "Net Income Common Stockholders": NaN,
        "Net Income": NaN,
        "Net Income Including Noncontrolling Interests": NaN,
        "Net Income Continuous Operations": NaN,
        "Tax Provision": NaN,
        "Pretax Income": NaN,
        "Other Income Expense": NaN,
        "Other Non Operating Income Expenses": NaN,
        "Special Income Charges": NaN,
        "Gain On Sale Of Ppe": 0.0,
        "Other Special Charges": NaN,
        "Write Off": NaN,
        "Impairment Of Capital Assets": NaN,
        "Gain On Sale Of Security": 200000.0,
        "Net Non Operating Interest Income Expense": NaN,
        "Interest Expense Non Operating": NaN,
        "Operating Income": NaN,
        "Operating Expense": NaN,
        "Selling General And Administration": NaN,
        "Gross Profit": NaN,
        "Cost Of Revenue": NaN,
        "Total Revenue": NaN,
        "Operating Revenue": NaN
    },
    "2022-09-30": {
        "Tax Effect Of Unusual Items": NaN,
        "Tax Rate For Calcs": NaN,
        "Normalized EBITDA": NaN,
        "Total Unusual Items": NaN,
        "Total Unusual Items Excluding Goodwill": NaN,
        "Net Income From Continuing Operation Net Minority Interest": NaN,
        "Reconciled Depreciation": NaN,
        "Reconciled Cost Of Revenue": NaN,
        "EBITDA": NaN,
        "EBIT": NaN,
        "Net Interest Income": NaN,
        "Interest Expense": NaN,
        "Normalized Income": NaN,
        "Net Income From Continuing And Discontinued Operation": NaN,
        "Total Expenses": NaN,
        "Total Operating Income As Reported": NaN,
        "Diluted Average Shares": NaN,
        "Basic Average Shares": NaN,
        "Diluted EPS": NaN,
        "Basic EPS": NaN,
        "Diluted NI Availto Com Stockholders": NaN,
        "Net Income Common Stockholders": NaN,
        "Net Income": NaN,
        "Net Income Including Noncontrolling Interests": NaN,
        "Net Income Continuous Operations": NaN,
        "Tax Provision": NaN,
        "Pretax Income": NaN,
        "Other Income Expense": NaN,
        "Other Non Operating Income Expenses": NaN,
        "Special Income Charges": NaN,
        "Gain On Sale Of Ppe": 0.0,
        "Other Special Charges": NaN,
        "Write Off": NaN,
        "Impairment Of Capital Assets": NaN,
        "Gain On Sale Of Security": NaN,
        "Net Non Operating Interest Income Expense": NaN,
        "Interest Expense Non Operating": NaN,
        "Operating Income": NaN,
        "Operating Expense": NaN,
        "Selling General And Administration": NaN,
        "Gross Profit": NaN,
        "Cost Of Revenue": NaN,
        "Total Revenue": NaN,
        "Operating Revenue": NaN
    },
    "2022-06-30": {
        "Tax Effect Of Unusual Items": -46000.0,
        "Tax Rate For Calcs": 0.23,
        "Normalized EBITDA": 110600000.0,
        "Total Unusual Items": -200000.0,
        "Total Unusual Items Excluding Goodwill": -200000.0,
        "Net Income From Continuing Operation Net Minority Interest": -40600000.0,
        "Reconciled Depreciation": 112500000.0,
        "Reconciled Cost Of Revenue": 548200000.0,
        "EBITDA": 110400000.0,
        "EBIT": -2100000.0,
        "Net Interest Income": -50500000.0,
        "Interest Expense": 50500000.0,
        "Normalized Income": -40446000.0,
        "Net Income From Continuing And Discontinued Operation": -40600000.0,
        "Total Expenses": 768200000.0,
        "Total Operating Income As Reported": 4000000.0,
        "Diluted Average Shares": 209500000.0,
        "Basic Average Shares": 209500000.0,
        "Diluted EPS": -0.19,
        "Basic EPS": -0.19,
        "Diluted NI Availto Com Stockholders": -40600000.0,
        "Net Income Common Stockholders": -40600000.0,
        "Net Income": -40600000.0,
        "Net Income Including Noncontrolling Interests": -40600000.0,
        "Net Income Continuous Operations": -40600000.0,
        "Tax Provision": -12000000.0,
        "Pretax Income": -52600000.0,
        "Other Income Expense": -6100000.0,
        "Other Non Operating Income Expenses": -5900000.0,
        "Special Income Charges": 0.0,
        "Gain On Sale Of Ppe": 0.0,
        "Other Special Charges": NaN,
        "Impairment Of Capital Assets": NaN,
        "Gain On Sale Of Security": -200000.0,
        "Net Non Operating Interest Income Expense": -50500000.0,
        "Interest Expense Non Operating": 50500000.0,
        "Operating Income": 4000000.0,
        "Operating Expense": 220000000.0,
        "Selling General And Administration": 220000000.0,
        "Gross Profit": 224000000.0,
        "Cost Of Revenue": 548200000.0,
        "Total Revenue": 772200000.0,
        "Operating Revenue": 772200000.0
    },
    "2022-03-31": {
        "Diluted EPS": -0.18,
        "Total Revenue": 776,
        "Gross Profit": 226,
        "Operating Income": 21,
        "EBIT": 139,
        "Net Income": -39
    },
    "2021-12-31": {
        "Diluted EPS": -0.39,
        "Total Revenue": 777,
        "Gross Profit": 234,
        "Operating Income": -27,
        "EBIT": 146,
        "Net Income": -83
    },
    "2021-09-30": {
        "Diluted EPS": -0.17,
        "Total Revenue": 763,
        "Gross Profit": 232,
        "Operating Income": -3,
        "EBIT": 119,
        "Net Income": -35
    },
    "2021-06-30": {
        "Diluted EPS": -0.18,
        "Total Revenue": 744,
        "Gross Profit": 236,
        "Operating Income": 3,
        "EBIT": 133,
        "Net Income": -37
    },
    "2021-03-31": {
        "Diluted EPS": -0.31,
        "Total Revenue": 726,
        "Gross Profit": 235,
        "Operating Income": 24,
        "EBIT": 151,
        "Net Income": -64
    },
    "2020-12-31": {
        "Diluted EPS": -0.34,
        "Total Revenue": 716,
        "Gross Profit": 247,
        "Operating Income": -5,
        "EBIT": 130,
        "Net Income": -64
    },
    "2020-09-30": {
        "Diluted EPS": -0.54,
        "Total Revenue": 682,
        "Gross Profit": 246,
        "Operating Income": -15,
        "EBIT": 122,
        "Net Income": -101
    },
    "2020-06-30": {
        "Diluted EPS": -0.2,
        "Total Revenue": 657,
        "Gross Profit": 242,
        "Operating Income": 23,
        "EBIT": 163,
        "Net Income": -33
    },
    "2020-03-31": {
        "Diluted EPS": -0.29,
        "Total Revenue": 653,
        "Gross Profit": 249,
        "Operating Income": 22,
        "EBIT": 165,
        "Net Income": -48
    },
    "2019-12-31": {
        "Diluted EPS": 0.0,
        "Total Revenue": NaN,
        "Gross Profit": NaN,
        "Operating Income": NaN,
        "EBIT": NaN,
        "Net Income": NaN
    },
    "2019-09-30": {
        "Diluted EPS": -0.37,
        "Total Revenue": 602,
        "Gross Profit": 254,
        "Operating Income": 32,
        "EBIT": 167,
        "Net Income": -61
    },
    "2019-06-30": {
        "Diluted EPS": 0.38,
        "Total Revenue": 602,
        "Gross Profit": 252,
        "Operating Income": 26,
        "EBIT": 26,
        "Net Income": 63
    },
    "2018-12-31": {
        "Diluted EPS": 0.0,
        "Total Revenue": NaN,
        "Gross Profit": NaN,
        "Operating Income": NaN,
        "EBIT": NaN,
        "Net Income": NaN
    },
    "2023-06-30": {
        "Tax Effect Of Unusual Items": NaN,
        "Tax Rate For Calcs": NaN,
        "Normalized EBITDA": NaN,
        "Total Unusual Items": NaN,
        "Total Unusual Items Excluding Goodwill": NaN,
        "Net Income From Continuing Operation Net Minority Interest": NaN,
        "Reconciled Depreciation": NaN,
        "Reconciled Cost Of Revenue": NaN,
        "EBITDA": NaN,
        "EBIT": NaN,
        "Net Interest Income": NaN,
        "Interest Expense": NaN,
        "Normalized Income": NaN,
        "Net Income From Continuing And Discontinued Operation": NaN,
        "Total Expenses": NaN,
        "Total Operating Income As Reported": NaN,
        "Diluted Average Shares": NaN,
        "Basic Average Shares": NaN,
        "Diluted EPS": NaN,
        "Basic EPS": NaN,
        "Diluted NI Availto Com Stockholders": NaN,
        "Net Income Common Stockholders": NaN,
        "Net Income": NaN,
        "Net Income Including Noncontrolling Interests": NaN,
        "Net Income Continuous Operations": NaN,
        "Tax Provision": NaN,
        "Pretax Income": NaN,
        "Other Income Expense": NaN,
        "Other Non Operating Income Expenses": NaN,
        "Special Income Charges": NaN,
        "Other Special Charges": NaN,
        "Write Off": 0.0,
        "Impairment Of Capital Assets": NaN,
        "Gain On Sale Of Security": 100000.0,
        "Net Non Operating Interest Income Expense": NaN,
        "Interest Expense Non Operating": NaN,
        "Operating Income": NaN,
        "Operating Expense": NaN,
        "Selling General And Administration": NaN,
        "Gross Profit": NaN,
        "Cost Of Revenue": NaN,
        "Total Revenue": NaN,
        "Operating Revenue": NaN
    },
    "2023-09-30": {
        "Tax Effect Of Unusual Items": NaN,
        "Tax Rate For Calcs": NaN,
        "Normalized EBITDA": NaN,
        "Total Unusual Items": NaN,
        "Total Unusual Items Excluding Goodwill": NaN,
        "Net Income From Continuing Operation Net Minority Interest": NaN,
        "Reconciled Depreciation": NaN,
        "Reconciled Cost Of Revenue": NaN,
        "EBITDA": NaN,
        "EBIT": NaN,
        "Net Interest Income": NaN,
        "Interest Expense": NaN,
        "Normalized Income": NaN,
        "Net Income From Continuing And Discontinued Operation": NaN,
        "Total Expenses": NaN,
        "Total Operating Income As Reported": NaN,
        "Diluted Average Shares": NaN,
        "Basic Average Shares": NaN,
        "Diluted EPS": NaN,
        "Basic EPS": NaN,
        "Diluted NI Availto Com Stockholders": NaN,
        "Net Income Common Stockholders": NaN,
        "Net Income": NaN,
        "Net Income Including Noncontrolling Interests": NaN,
        "Net Income Continuous Operations": NaN,
        "Tax Provision": NaN,
        "Pretax Income": NaN,
        "Other Income Expense": NaN,
        "Other Non Operating Income Expenses": NaN,
        "Special Income Charges": NaN,
        "Other Special Charges": NaN,
        "Write Off": 48400000.0,
        "Impairment Of Capital Assets": NaN,
        "Gain On Sale Of Security": NaN,
        "Net Non Operating Interest Income Expense": NaN,
        "Interest Expense Non Operating": NaN,
        "Operating Income": NaN,
        "Operating Expense": NaN,
        "Selling General And Administration": NaN,
        "Gross Profit": NaN,
        "Cost Of Revenue": NaN,
        "Total Revenue": NaN,
        "Operating Revenue": NaN
    },
    "2023-12-31": {
        "Tax Effect Of Unusual Items": NaN,
        "Tax Rate For Calcs": NaN,
        "Normalized EBITDA": NaN,
        "Total Unusual Items": NaN,
        "Total Unusual Items Excluding Goodwill": NaN,
        "Net Income From Continuing Operation Net Minority Interest": NaN,
        "Reconciled Depreciation": NaN,
        "Reconciled Cost Of Revenue": NaN,
        "EBITDA": NaN,
        "EBIT": NaN,
        "Net Interest Income": NaN,
        "Interest Expense": NaN,
        "Normalized Income": NaN,
        "Net Income From Continuing And Discontinued Operation": NaN,
        "Total Expenses": NaN,
        "Total Operating Income As Reported": NaN,
        "Diluted Average Shares": NaN,
        "Basic Average Shares": NaN,
        "Diluted EPS": NaN,
        "Basic EPS": NaN,
        "Diluted NI Availto Com Stockholders": NaN,
        "Net Income Common Stockholders": NaN,
        "Net Income": NaN,
        "Net Income Including Noncontrolling Interests": NaN,
        "Net Income Continuous Operations": NaN,
        "Tax Provision": NaN,
        "Pretax Income": NaN,
        "Other Income Expense": NaN,
        "Other Non Operating Income Expenses": NaN,
        "Special Income Charges": NaN,
        "Other Special Charges": -108200000.0,
        "Write Off": 3800000.0,
        "Impairment Of Capital Assets": NaN,
        "Gain On Sale Of Security": 100000.0,
        "Net Non Operating Interest Income Expense": NaN,
        "Interest Expense Non Operating": NaN,
        "Operating Income": NaN,
        "Operating Expense": NaN,
        "Selling General And Administration": NaN,
        "Gross Profit": NaN,
        "Cost Of Revenue": NaN,
        "Total Revenue": NaN,
        "Operating Revenue": NaN
    },
    "2024-03-31": {
        "Tax Effect Of Unusual Items": -3906834.030683,
        "Tax Rate For Calcs": 0.007283,
        "Normalized EBITDA": 9600000.0,
        "Total Unusual Items": -536400000.0,
        "Total Unusual Items Excluding Goodwill": -536400000.0,
        "Net Income From Continuing Operation Net Minority Interest": -640600000.0,
        "Reconciled Depreciation": 74800000.0,
        "Reconciled Cost Of Revenue": 558000000.0,
        "EBITDA": -526800000.0,
        "EBIT": -601600000.0,
        "Net Interest Income": -43700000.0,
        "Interest Expense": 43700000.0,
        "Normalized Income": -108106834.030683,
        "Net Income From Continuing And Discontinued Operation": -640600000.0,
        "Total Expenses": 750400000.0,
        "Total Operating Income As Reported": -652800000.0,
        "Diluted Average Shares": 219800000.0,
        "Basic Average Shares": 219800000.0,
        "Diluted EPS": -2.91,
        "Basic EPS": -2.91,
        "Diluted NI Availto Com Stockholders": -640600000.0,
        "Net Income Common Stockholders": -640600000.0,
        "Net Income": -640600000.0,
        "Net Income Including Noncontrolling Interests": -640600000.0,
        "Net Income Continuous Operations": -640600000.0,
        "Tax Provision": -4700000.0,
        "Pretax Income": -645300000.0,
        "Other Income Expense": -542000000.0,
        "Other Non Operating Income Expenses": -5600000.0,
        "Special Income Charges": -536500000.0,
        "Other Special Charges": -56700000.0,
        "Write Off": 20000000.0,
        "Impairment Of Capital Assets": 593200000.0,
        "Gain On Sale Of Security": 100000.0,
        "Net Non Operating Interest Income Expense": -43700000.0,
        "Interest Expense Non Operating": 43700000.0,
        "Operating Income": -59600000.0,
        "Operating Expense": 192400000.0,
        "Selling General And Administration": 192400000.0,
        "Gross Profit": 132800000.0,
        "Cost Of Revenue": 558000000.0,
        "Total Revenue": 690800000.0,
        "Operating Revenue": 690800000.0
    },
    "2024-06-30": {
        "Tax Effect Of Unusual Items": 3697500.0,
        "Tax Rate For Calcs": 0.051,
        "Normalized EBITDA": 49400000.0,
        "Total Unusual Items": 72500000.0,
        "Total Unusual Items Excluding Goodwill": 72500000.0,
        "Net Income From Continuing Operation Net Minority Interest": 25000000.0,
        "Reconciled Depreciation": 108400000.0,
        "Reconciled Cost Of Revenue": 553500000.0,
        "EBITDA": 121900000.0,
        "EBIT": 13500000.0,
        "Net Interest Income": -18400000.0,
        "Interest Expense": 18400000.0,
        "Normalized Income": -43802500.0,
        "Net Income From Continuing And Discontinued Operation": 25000000.0,
        "Total Expenses": 738700000.0,
        "Total Operating Income As Reported": -53800000.0,
        "Diluted Average Shares": 229600000.0,
        "Basic Average Shares": 224500000.0,
        "Diluted EPS": 0.11,
        "Basic EPS": 0.11,
        "Diluted NI Availto Com Stockholders": 25000000.0,
        "Net Income Common Stockholders": 25000000.0,
        "Net Income": 25000000.0,
        "Net Income Including Noncontrolling Interests": 25000000.0,
        "Net Income Continuous Operations": 25000000.0,
        "Tax Provision": -29900000.0,
        "Pretax Income": -4900000.0,
        "Other Income Expense": 67300000.0,
        "Other Non Operating Income Expenses": -5200000.0,
        "Special Income Charges": 72500000.0,
        "Other Special Charges": -72500000.0,
        "Write Off": 0.0,
        "Impairment Of Capital Assets": 0.0,
        "Gain On Sale Of Security": NaN,
        "Net Non Operating Interest Income Expense": -18400000.0,
        "Interest Expense Non Operating": 18400000.0,
        "Operating Income": -53800000.0,
        "Operating Expense": 185200000.0,
        "Selling General And Administration": 185200000.0,
        "Gross Profit": 131400000.0,
        "Cost Of Revenue": 553500000.0,
        "Total Revenue": 684900000.0,
        "Operating Revenue": 684900000.0
    },
    "2024-09-30": {
        "Tax Effect Of Unusual Items": -25956000.0,
        "Tax Rate For Calcs": 0.21,
        "Normalized EBITDA": 57200000.0,
        "Total Unusual Items": -123600000.0,
        "Total Unusual Items Excluding Goodwill": -123600000.0,
        "Net Income From Continuing Operation Net Minority Interest": -186600000.0,
        "Reconciled Depreciation": 90200000.0,
        "Reconciled Cost Of Revenue": 538300000.0,
        "EBITDA": -66400000.0,
        "EBIT": -156600000.0,
        "Net Interest Income": -18000000.0,
        "Interest Expense": 18000000.0,
        "Normalized Income": -88956000.0,
        "Net Income From Continuing And Discontinued Operation": -186600000.0,
        "Total Expenses": 707800000.0,
        "Total Operating Income As Reported": -173700000.0,
        "Diluted Average Shares": 226400000.0,
        "Basic Average Shares": 226400000.0,
        "Diluted EPS": -0.82,
        "Basic EPS": -0.82,
        "Diluted NI Availto Com Stockholders": -186600000.0,
        "Net Income Common Stockholders": -186600000.0,
        "Net Income": -186600000.0,
        "Net Income Including Noncontrolling Interests": -186600000.0,
        "Net Income Continuous Operations": -186600000.0,
        "Tax Provision": 12000000.0,
        "Pretax Income": -174600000.0,
        "Other Income Expense": -124600000.0,
        "Other Non Operating Income Expenses": -1000000.0,
        "Special Income Charges": -123700000.0,
        "Other Special Charges": -18000000.0,
        "Write Off": NaN,
        "Impairment Of Capital Assets": 141700000.0,
        "Gain On Sale Of Security": 100000.0,
        "Net Non Operating Interest Income Expense": -18000000.0,
        "Interest Expense Non Operating": 18000000.0,
        "Operating Income": -32000000.0,
        "Operating Expense": 169500000.0,
        "Selling General And Administration": 169500000.0,
        "Gross Profit": 137500000.0,
        "Cost Of Revenue": 538300000.0,
        "Total Revenue": 675800000.0,
        "Operating Revenue": 675800000.0
    },
    "2024-12-31": {
        "Tax Effect Of Unusual Items": -1234.567901,
        "Tax Rate For Calcs": 0.012346,
        "Normalized EBITDA": 50900000.0,
        "Total Unusual Items": -100000.0,
        "Total Unusual Items Excluding Goodwill": -100000.0,
        "Net Income From Continuing Operation Net Minority Interest": -56000000.0,
        "Reconciled Depreciation": 89600000.0,
        "Reconciled Cost Of Revenue": 553900000.0,
        "EBITDA": 50800000.0,
        "EBIT": -38800000.0,
        "Net Interest Income": -17900000.0,
        "Interest Expense": 17900000.0,
        "Normalized Income": -55901234.567901,
        "Net Income From Continuing And Discontinued Operation": -56000000.0,
        "Total Expenses": 714400000.0,
        "Total Operating Income As Reported": -28800000.0,
        "Diluted Average Shares": 228100000.0,
        "Basic Average Shares": 228100000.0,
        "Diluted EPS": -0.26,
        "Basic EPS": -0.26,
        "Diluted NI Availto Com Stockholders": -56000000.0,
        "Net Income Common Stockholders": -56000000.0,
        "Net Income": -56000000.0,
        "Net Income Including Noncontrolling Interests": -56000000.0,
        "Net Income Continuous Operations": -56000000.0,
        "Tax Provision": -700000.0,
        "Pretax Income": -56700000.0,
        "Other Income Expense": -10000000.0,
        "Other Non Operating Income Expenses": -9900000.0,
        "Special Income Charges": 0.0,
        "Other Special Charges": 0.0,
        "Write Off": NaN,
        "Impairment Of Capital Assets": 0.0,
        "Gain On Sale Of Security": -100000.0,
        "Net Non Operating Interest Income Expense": -17900000.0,
        "Interest Expense Non Operating": 17900000.0,
        "Operating Income": -28800000.0,
        "Operating Expense": 160500000.0,
        "Selling General And Administration": 160500000.0,
        "Gross Profit": 131700000.0,
        "Cost Of Revenue": 553900000.0,
        "Total Revenue": 685600000.0,
        "Operating Revenue": 685600000.0
    },
    "2025-03-31": {
        "Tax Effect Of Unusual Items": -21000.0,
        "Tax Rate For Calcs": 0.21,
        "Normalized EBITDA": 30100000.0,
        "Total Unusual Items": -100000.0,
        "Total Unusual Items Excluding Goodwill": -100000.0,
        "Net Income From Continuing Operation Net Minority Interest": -71500000.0,
        "Reconciled Depreciation": 73900000.0,
        "Reconciled Cost Of Revenue": 538500000.0,
        "EBITDA": 30000000.0,
        "EBIT": -43900000.0,
        "Net Interest Income": -19400000.0,
        "Interest Expense": 19400000.0,
        "Normalized Income": -71421000.0,
        "Net Income From Continuing And Discontinued Operation": -71500000.0,
        "Total Expenses": 703800000.0,
        "Total Operating Income As Reported": -38400000.0,
        "Diluted Average Shares": 231900000.0,
        "Basic Average Shares": 231900000.0,
        "Diluted EPS": -0.31,
        "Basic EPS": -0.31,
        "Diluted NI Availto Com Stockholders": -71500000.0,
        "Net Income Common Stockholders": -71500000.0,
        "Net Income": -71500000.0,
        "Net Income Including Noncontrolling Interests": -71500000.0,
        "Net Income Continuous Operations": -71500000.0,
        "Tax Provision": 8200000.0,
        "Pretax Income": -63300000.0,
        "Other Income Expense": -5500000.0,
        "Other Non Operating Income Expenses": -5400000.0,
        "Special Income Charges": 0.0,
        "Other Special Charges": NaN,
        "Write Off": NaN,
        "Impairment Of Capital Assets": 0.0,
        "Gain On Sale Of Security": -100000.0,
        "Net Non Operating Interest Income Expense": -19400000.0,
        "Interest Expense Non Operating": 19400000.0,
        "Operating Income": -38400000.0,
        "Operating Expense": 165300000.0,
        "Selling General And Administration": 165300000.0,
        "Gross Profit": 126900000.0,
        "Cost Of Revenue": 538500000.0,
        "Total Revenue": 665400000.0,
        "Operating Revenue": 665400000.0
    }
}