{
    "2023-03-31": {
        "Tax Effect Of Unusual Items": NaN,
        "Tax Rate For Calcs": NaN,
        "Normalized EBITDA": NaN,
        "Total Unusual Items": NaN,
        "Total Unusual Items Excluding Goodwill": NaN,
        "Net Income From Continuing Operation Net Minority Interest": NaN,
        "Reconciled Depreciation": NaN,
        "Reconciled Cost Of Revenue": NaN,
        "EBITDA": NaN,
        "EBIT": NaN,
        "Net Interest Income": NaN,
        "Interest Expense": NaN,
        "Interest Income": 306000.0,
        "Normalized Income": NaN,
        "Net Income From Continuing And Discontinued Operation": NaN,
        "Total Expenses": NaN,
        "Total Operating Income As Reported": NaN,
        "Diluted Average Shares": NaN,
        "Basic Average Shares": NaN,
        "Diluted EPS": NaN,
        "Basic EPS": NaN,
        "Diluted NI Availto Com Stockholders": NaN,
        "Net Income Common Stockholders": NaN,
        "Net Income": NaN,
        "Net Income Including Noncontrolling Interests": NaN,
        "Net Income Discontinuous Operations": NaN,
        "Net Income Continuous Operations": NaN,
        "Earnings From Equity Interest Net Of Tax": NaN,
        "Tax Provision": NaN,
        "Pretax Income": NaN,
        "Other Income Expense": NaN,
        "Other Non Operating Income Expenses": NaN,
        "Special Income Charges": NaN,
        "Gain On Sale Of Ppe": NaN,
        "Impairment Of Capital Assets": NaN,
        "Restructuring And Mergern Acquisition": NaN,
        "Gain On Sale Of Security": NaN,
        "Net Non Operating Interest Income Expense": NaN,
        "Interest Expense Non Operating": NaN,
        "Interest Income Non Operating": 306000.0,
        "Operating Income": NaN,
        "Operating Expense": NaN,
        "Other Operating Expenses": NaN,
        "Selling General And Administration": NaN,
        "General And Administrative Expense": NaN,
        "Other Gand A": NaN,
        "Salaries And Wages": 1734000.0,
        "Gross Profit": NaN,
        "Cost Of Revenue": NaN,
        "Total Revenue": NaN,
        "Operating Revenue": NaN
    },
    "2022-12-31": {
        "Tax Effect Of Unusual Items": NaN,
        "Tax Rate For Calcs": NaN,
        "Normalized EBITDA": NaN,
        "Total Unusual Items": NaN,
        "Total Unusual Items Excluding Goodwill": NaN,
        "Net Income From Continuing Operation Net Minority Interest": NaN,
        "Reconciled Depreciation": NaN,
        "Reconciled Cost Of Revenue": NaN,
        "EBITDA": NaN,
        "EBIT": NaN,
        "Net Interest Income": NaN,
        "Interest Expense": NaN,
        "Interest Income": -823000.0,
        "Normalized Income": NaN,
        "Net Income From Continuing And Discontinued Operation": NaN,
        "Total Expenses": NaN,
        "Total Operating Income As Reported": NaN,
        "Diluted Average Shares": NaN,
        "Basic Average Shares": NaN,
        "Diluted EPS": NaN,
        "Basic EPS": NaN,
        "Diluted NI Availto Com Stockholders": NaN,
        "Net Income Common Stockholders": NaN,
        "Net Income": NaN,
        "Net Income Including Noncontrolling Interests": NaN,
        "Net Income Discontinuous Operations": NaN,
        "Net Income Continuous Operations": NaN,
        "Earnings From Equity Interest Net Of Tax": NaN,
        "Tax Provision": NaN,
        "Pretax Income": NaN,
        "Other Income Expense": NaN,
        "Other Non Operating Income Expenses": NaN,
        "Special Income Charges": -3610000.0,
        "Other Special Charges": -132000.0,
        "Restructuring And Mergern Acquisition": NaN,
        "Gain On Sale Of Security": NaN,
        "Net Non Operating Interest Income Expense": NaN,
        "Interest Expense Non Operating": NaN,
        "Interest Income Non Operating": -823000.0,
        "Operating Income": NaN,
        "Operating Expense": NaN,
        "Other Operating Expenses": NaN,
        "Selling General And Administration": NaN,
        "General And Administrative Expense": NaN,
        "Other Gand A": NaN,
        "Salaries And Wages": NaN,
        "Gross Profit": NaN,
        "Cost Of Revenue": NaN,
        "Total Revenue": NaN,
        "Operating Revenue": NaN
    },
    "2022-09-30": {
        "Tax Effect Of Unusual Items": NaN,
        "Tax Rate For Calcs": NaN,
        "Normalized EBITDA": NaN,
        "Total Unusual Items": NaN,
        "Total Unusual Items Excluding Goodwill": NaN,
        "Net Income From Continuing Operation Net Minority Interest": NaN,
        "Reconciled Depreciation": NaN,
        "Reconciled Cost Of Revenue": NaN,
        "EBITDA": NaN,
        "EBIT": NaN,
        "Net Interest Income": NaN,
        "Interest Expense": NaN,
        "Interest Income": 4071000.0,
        "Normalized Income": NaN,
        "Net Income From Continuing And Discontinued Operation": NaN,
        "Total Expenses": NaN,
        "Total Operating Income As Reported": NaN,
        "Diluted Average Shares": NaN,
        "Basic Average Shares": NaN,
        "Diluted EPS": NaN,
        "Basic EPS": NaN,
        "Diluted NI Availto Com Stockholders": NaN,
        "Net Income Common Stockholders": NaN,
        "Net Income": NaN,
        "Net Income Including Noncontrolling Interests": NaN,
        "Net Income Discontinuous Operations": NaN,
        "Net Income Continuous Operations": NaN,
        "Earnings From Equity Interest Net Of Tax": NaN,
        "Tax Provision": NaN,
        "Pretax Income": NaN,
        "Other Income Expense": NaN,
        "Other Non Operating Income Expenses": NaN,
        "Special Income Charges": 46000.0,
        "Other Special Charges": -46000.0,
        "Gain On Sale Of Security": NaN,
        "Net Non Operating Interest Income Expense": NaN,
        "Interest Expense Non Operating": NaN,
        "Interest Income Non Operating": 4071000.0,
        "Operating Income": NaN,
        "Operating Expense": NaN,
        "Other Operating Expenses": NaN,
        "Selling General And Administration": NaN,
        "General And Administrative Expense": NaN,
        "Other Gand A": NaN,
        "Salaries And Wages": NaN,
        "Gross Profit": NaN,
        "Cost Of Revenue": NaN,
        "Total Revenue": NaN,
        "Operating Revenue": NaN
    },
    "2022-06-30": {
        "Tax Effect Of Unusual Items": -701200.0,
        "Tax Rate For Calcs": 0.4,
        "Normalized EBITDA": 31950000.0,
        "Total Unusual Items": -1753000.0,
        "Total Unusual Items Excluding Goodwill": -1753000.0,
        "Net Income From Continuing Operation Net Minority Interest": -24943000.0,
        "Reconciled Depreciation": 33751000.0,
        "Reconciled Cost Of Revenue": 372525000.0,
        "EBITDA": 30197000.0,
        "EBIT": -3554000.0,
        "Net Interest Income": -13532000.0,
        "Interest Expense": 16687000.0,
        "Interest Income": 3155000.0,
        "Normalized Income": -23891200.0,
        "Net Income From Continuing And Discontinued Operation": -23267000.0,
        "Total Expenses": 404067000.0,
        "Total Operating Income As Reported": -2897000.0,
        "Diluted Average Shares": 63898761.0,
        "Basic Average Shares": 63898761.0,
        "Diluted EPS": -0.36,
        "Basic EPS": -0.36,
        "Diluted NI Availto Com Stockholders": -23267000.0,
        "Net Income Common Stockholders": -23267000.0,
        "Net Income": -23267000.0,
        "Net Income Including Noncontrolling Interests": -23267000.0,
        "Net Income Discontinuous Operations": 1676000.0,
        "Net Income Continuous Operations": -24943000.0,
        "Earnings From Equity Interest Net Of Tax": -1046000.0,
        "Tax Provision": 3656000.0,
        "Pretax Income": -20241000.0,
        "Other Income Expense": -1862000.0,
        "Other Non Operating Income Expenses": -109000.0,
        "Special Income Charges": NaN,
        "Other Special Charges": NaN,
        "Gain On Sale Of Security": -1753000.0,
        "Net Non Operating Interest Income Expense": -13532000.0,
        "Interest Expense Non Operating": 16687000.0,
        "Interest Income Non Operating": 3155000.0,
        "Operating Income": -4847000.0,
        "Operating Expense": 31542000.0,
        "Other Operating Expenses": 3513000.0,
        "Selling General And Administration": 28029000.0,
        "General And Administrative Expense": NaN,
        "Other Gand A": NaN,
        "Salaries And Wages": NaN,
        "Gross Profit": 26695000.0,
        "Cost Of Revenue": 372525000.0,
        "Total Revenue": 399220000.0,
        "Operating Revenue": 399220000.0
    },
    "2022-03-31": {
        "Diluted EPS": -0.39,
        "Total Revenue": 352,
        "Gross Profit": 6,
        "Operating Income": -16,
        "EBIT": 12,
        "Net Income": -25
    },
    "2021-12-31": {
        "Diluted EPS": -0.34,
        "Total Revenue": 374,
        "Gross Profit": 13,
        "Operating Income": -14,
        "EBIT": 27,
        "Net Income": -24
    },
    "2021-09-30": {
        "Diluted EPS": -0.07,
        "Total Revenue": 374,
        "Gross Profit": 19,
        "Operating Income": 3,
        "EBIT": 38,
        "Net Income": -5
    },
    "2021-06-30": {
        "Diluted EPS": 1.89,
        "Total Revenue": 341,
        "Gross Profit": 22,
        "Operating Income": 1,
        "EBIT": 34,
        "Net Income": 122
    },
    "2021-03-31": {
        "Diluted EPS": -0.43,
        "Total Revenue": 319,
        "Gross Profit": 20,
        "Operating Income": 0,
        "EBIT": 33,
        "Net Income": -27
    },
    "2020-12-31": {
        "Diluted EPS": 0.14,
        "Total Revenue": 286,
        "Gross Profit": 9,
        "Operating Income": -11,
        "EBIT": 28,
        "Net Income": 9
    },
    "2020-09-30": {
        "Diluted EPS": 0.45,
        "Total Revenue": 323,
        "Gross Profit": 22,
        "Operating Income": -1,
        "EBIT": 33,
        "Net Income": 29
    },
    "2020-06-30": {
        "Diluted EPS": -0.2,
        "Total Revenue": 324,
        "Gross Profit": 23,
        "Operating Income": -6,
        "EBIT": 23,
        "Net Income": -13
    },
    "2020-03-31": {
        "Diluted EPS": -0.38,
        "Total Revenue": 410,
        "Gross Profit": 10,
        "Operating Income": -12,
        "EBIT": 26,
        "Net Income": -24
    },
    "2019-12-31": {
        "Diluted EPS": 0.61,
        "Total Revenue": 124,
        "Gross Profit": 11,
        "Operating Income": -1,
        "EBIT": 31,
        "Net Income": 29
    },
    "2019-09-30": {
        "Diluted EPS": -0.29,
        "Total Revenue": 416,
        "Gross Profit": 17,
        "Operating Income": -9,
        "EBIT": 32,
        "Net Income": -16
    },
    "2019-06-30": {
        "Diluted EPS": -0.37,
        "Total Revenue": 450,
        "Gross Profit": 18,
        "Operating Income": -15,
        "EBIT": 20,
        "Net Income": -18
    },
    "2019-03-31": {
        "Diluted EPS": -0.52,
        "Total Revenue": 441,
        "Gross Profit": 8,
        "Operating Income": -28,
        "EBIT": 8,
        "Net Income": -25
    },
    "2018-12-31": {
        "Diluted EPS": 0.15,
        "Total Revenue": 392,
        "Gross Profit": 27,
        "Operating Income": -8,
        "EBIT": 33,
        "Net Income": 9
    },
    "2018-09-30": {
        "Diluted EPS": 0.6,
        "Total Revenue": 501,
        "Gross Profit": 82,
        "Operating Income": 43,
        "EBIT": 79,
        "Net Income": 34
    },
    "2018-06-30": {
        "Diluted EPS": 0.83,
        "Total Revenue": 542,
        "Gross Profit": 101,
        "Operating Income": 66,
        "EBIT": 100,
        "Net Income": 50
    },
    "2018-03-31": {
        "Diluted EPS": 0.38,
        "Total Revenue": 522,
        "Gross Profit": 80,
        "Operating Income": 46,
        "EBIT": 83,
        "Net Income": 21
    },
    "2017-12-31": {
        "Diluted EPS": 5.35,
        "Total Revenue": 328,
        "Gross Profit": 37,
        "Operating Income": -1,
        "EBIT": 33,
        "Net Income": 291
    },
    "2017-09-30": {
        "Diluted EPS": 0.28,
        "Total Revenue": 210,
        "Gross Profit": 32,
        "Operating Income": 19,
        "EBIT": 41,
        "Net Income": 12
    },
    "2017-06-30": {
        "Diluted EPS": 0.03,
        "Total Revenue": 201,
        "Gross Profit": 34,
        "Operating Income": 14,
        "EBIT": 36,
        "Net Income": 1
    },
    "2017-03-31": {
        "Diluted EPS": 0.15,
        "Total Revenue": 201,
        "Gross Profit": 37,
        "Operating Income": 27,
        "EBIT": 49,
        "Net Income": 6
    },
    "2016-12-31": {
        "Diluted EPS": 0.16,
        "Total Revenue": 231,
        "Gross Profit": 47,
        "Operating Income": 31,
        "EBIT": 47,
        "Net Income": 8
    },
    "2016-09-30": {
        "Diluted EPS": 0.44,
        "Total Revenue": 207,
        "Gross Profit": 51,
        "Operating Income": 41,
        "EBIT": 68,
        "Net Income": 20
    },
    "2016-06-30": {
        "Diluted EPS": 0.46,
        "Total Revenue": 214,
        "Gross Profit": 49,
        "Operating Income": 39,
        "EBIT": 62,
        "Net Income": 19
    },
    "2016-03-31": {
        "Diluted EPS": 0.49,
        "Total Revenue": 218,
        "Gross Profit": 40,
        "Operating Income": 32,
        "EBIT": 57,
        "Net Income": 21
    },
    "2015-12-31": {
        "Diluted EPS": 0.3,
        "Total Revenue": 242,
        "Gross Profit": 50,
        "Operating Income": 29,
        "EBIT": 57,
        "Net Income": 13
    },
    "2015-09-30": {
        "Diluted EPS": 0.76,
        "Total Revenue": 258,
        "Gross Profit": 70,
        "Operating Income": 58,
        "EBIT": 85,
        "Net Income": 32
    },
    "2015-06-30": {
        "Diluted EPS": -0.01,
        "Total Revenue": 221,
        "Gross Profit": 45,
        "Operating Income": 9,
        "EBIT": 33,
        "Net Income": 0
    },
    "2015-03-31": {
        "Diluted EPS": 0.25,
        "Total Revenue": 221,
        "Gross Profit": 37,
        "Operating Income": 24,
        "EBIT": 50,
        "Net Income": 11
    },
    "2014-12-31": {
        "Diluted EPS": -0.55,
        "Total Revenue": 248,
        "Gross Profit": 61,
        "Operating Income": -28,
        "EBIT": -1,
        "Net Income": -23
    },
    "2014-09-30": {
        "Diluted EPS": 0.46,
        "Total Revenue": 254,
        "Gross Profit": 56,
        "Operating Income": 42,
        "EBIT": 69,
        "Net Income": 19
    },
    "2014-06-30": {
        "Diluted EPS": 0.11,
        "Total Revenue": 213,
        "Gross Profit": 52,
        "Operating Income": 6,
        "EBIT": 25,
        "Net Income": 5
    },
    "2014-03-31": {
        "Diluted EPS": 0.73,
        "Total Revenue": 243,
        "Gross Profit": 55,
        "Operating Income": 43,
        "EBIT": 65,
        "Net Income": 31
    },
    "2013-12-31": {
        "Diluted EPS": 0.0,
        "Total Revenue": NaN,
        "Gross Profit": NaN,
        "Operating Income": NaN,
        "EBIT": NaN,
        "Net Income": NaN
    },
    "2013-09-30": {
        "Diluted EPS": 0.95,
        "Total Revenue": 226,
        "Gross Profit": 67,
        "Operating Income": 59,
        "EBIT": 84,
        "Net Income": 40
    },
    "2013-06-30": {
        "Diluted EPS": 1.16,
        "Total Revenue": 254,
        "Gross Profit": 84,
        "Operating Income": 72,
        "EBIT": 72,
        "Net Income": 49
    },
    "2012-12-31": {
        "Diluted EPS": 0.0,
        "Total Revenue": NaN,
        "Gross Profit": NaN,
        "Operating Income": NaN,
        "EBIT": NaN,
        "Net Income": NaN
    },
    "2011-12-31": {
        "Diluted EPS": 0.0,
        "Total Revenue": NaN,
        "Gross Profit": NaN,
        "Operating Income": NaN,
        "EBIT": NaN,
        "Net Income": NaN
    },
    "2023-06-30": {
        "Tax Effect Of Unusual Items": NaN,
        "Tax Rate For Calcs": NaN,
        "Normalized EBITDA": NaN,
        "Total Unusual Items": NaN,
        "Total Unusual Items Excluding Goodwill": NaN,
        "Net Income From Continuing Operation Net Minority Interest": NaN,
        "Reconciled Depreciation": NaN,
        "Reconciled Cost Of Revenue": NaN,
        "EBITDA": NaN,
        "EBIT": NaN,
        "Net Interest Income": NaN,
        "Interest Expense": NaN,
        "Normalized Income": NaN,
        "Net Income From Continuing And Discontinued Operation": NaN,
        "Total Expenses": NaN,
        "Total Operating Income As Reported": NaN,
        "Diluted Average Shares": NaN,
        "Basic Average Shares": NaN,
        "Diluted EPS": NaN,
        "Basic EPS": NaN,
        "Diluted NI Availto Com Stockholders": NaN,
        "Net Income Common Stockholders": NaN,
        "Net Income": NaN,
        "Net Income Including Noncontrolling Interests": NaN,
        "Net Income Discontinuous Operations": NaN,
        "Net Income Continuous Operations": NaN,
        "Earnings From Equity Interest Net Of Tax": NaN,
        "Tax Provision": NaN,
        "Pretax Income": NaN,
        "Other Income Expense": NaN,
        "Other Non Operating Income Expenses": NaN,
        "Special Income Charges": 0.0,
        "Gain On Sale Of Ppe": NaN,
        "Impairment Of Capital Assets": NaN,
        "Restructuring And Mergern Acquisition": 0.0,
        "Gain On Sale Of Security": NaN,
        "Net Non Operating Interest Income Expense": NaN,
        "Interest Expense Non Operating": NaN,
        "Operating Income": NaN,
        "Operating Expense": NaN,
        "Other Operating Expenses": NaN,
        "Selling General And Administration": NaN,
        "General And Administrative Expense": 17996000.0,
        "Other Gand A": 17996000.0,
        "Salaries And Wages": -399000.0,
        "Gross Profit": NaN,
        "Cost Of Revenue": NaN,
        "Total Revenue": NaN,
        "Operating Revenue": NaN
    },
    "2023-09-30": {
        "Tax Effect Of Unusual Items": NaN,
        "Tax Rate For Calcs": NaN,
        "Normalized EBITDA": NaN,
        "Total Unusual Items": NaN,
        "Total Unusual Items Excluding Goodwill": NaN,
        "Net Income From Continuing Operation Net Minority Interest": NaN,
        "Reconciled Depreciation": NaN,
        "Reconciled Cost Of Revenue": NaN,
        "EBITDA": NaN,
        "EBIT": NaN,
        "Net Interest Income": NaN,
        "Interest Expense": NaN,
        "Normalized Income": NaN,
        "Net Income From Continuing And Discontinued Operation": NaN,
        "Total Expenses": NaN,
        "Total Operating Income As Reported": NaN,
        "Diluted Average Shares": NaN,
        "Basic Average Shares": NaN,
        "Diluted EPS": NaN,
        "Basic EPS": NaN,
        "Diluted NI Availto Com Stockholders": NaN,
        "Net Income Common Stockholders": NaN,
        "Net Income": NaN,
        "Minority Interests": NaN,
        "Net Income Including Noncontrolling Interests": NaN,
        "Net Income Discontinuous Operations": 1440000.0,
        "Net Income Continuous Operations": NaN,
        "Earnings From Equity Interest Net Of Tax": NaN,
        "Tax Provision": NaN,
        "Pretax Income": NaN,
        "Other Income Expense": NaN,
        "Other Non Operating Income Expenses": NaN,
        "Special Income Charges": NaN,
        "Gain On Sale Of Ppe": NaN,
        "Write Off": 0.0,
        "Impairment Of Capital Assets": 0.0,
        "Restructuring And Mergern Acquisition": NaN,
        "Gain On Sale Of Security": NaN,
        "Net Non Operating Interest Income Expense": NaN,
        "Interest Expense Non Operating": NaN,
        "Operating Income": NaN,
        "Operating Expense": NaN,
        "Other Operating Expenses": NaN,
        "Selling General And Administration": NaN,
        "General And Administrative Expense": 21162000.0,
        "Other Gand A": 21162000.0,
        "Salaries And Wages": NaN,
        "Gross Profit": NaN,
        "Cost Of Revenue": NaN,
        "Total Revenue": NaN,
        "Operating Revenue": NaN
    },
    "2023-12-31": {
        "Tax Effect Of Unusual Items": NaN,
        "Tax Rate For Calcs": NaN,
        "Normalized EBITDA": NaN,
        "Total Unusual Items": NaN,
        "Total Unusual Items Excluding Goodwill": NaN,
        "Net Income From Continuing Operation Net Minority Interest": NaN,
        "Reconciled Depreciation": NaN,
        "Reconciled Cost Of Revenue": NaN,
        "EBITDA": NaN,
        "EBIT": NaN,
        "Net Interest Income": NaN,
        "Interest Expense": NaN,
        "Normalized Income": NaN,
        "Net Income From Continuing And Discontinued Operation": NaN,
        "Total Expenses": NaN,
        "Total Operating Income As Reported": NaN,
        "Diluted Average Shares": NaN,
        "Basic Average Shares": NaN,
        "Diluted EPS": NaN,
        "Basic EPS": NaN,
        "Diluted NI Availto Com Stockholders": NaN,
        "Net Income Common Stockholders": NaN,
        "Net Income": NaN,
        "Minority Interests": NaN,
        "Net Income Including Noncontrolling Interests": NaN,
        "Net Income Discontinuous Operations": 0.0,
        "Net Income Continuous Operations": NaN,
        "Earnings From Equity Interest Net Of Tax": NaN,
        "Tax Provision": NaN,
        "Pretax Income": NaN,
        "Other Income Expense": NaN,
        "Other Non Operating Income Expenses": NaN,
        "Special Income Charges": NaN,
        "Gain On Sale Of Ppe": NaN,
        "Write Off": NaN,
        "Impairment Of Capital Assets": NaN,
        "Restructuring And Mergern Acquisition": NaN,
        "Gain On Sale Of Security": NaN,
        "Net Non Operating Interest Income Expense": NaN,
        "Interest Expense Non Operating": NaN,
        "Operating Income": NaN,
        "Operating Expense": NaN,
        "Other Operating Expenses": NaN,
        "Selling General And Administration": NaN,
        "General And Administrative Expense": 17059000.0,
        "Other Gand A": 17059000.0,
        "Salaries And Wages": -932000.0,
        "Gross Profit": NaN,
        "Cost Of Revenue": NaN,
        "Total Revenue": NaN,
        "Operating Revenue": NaN
    },
    "2024-03-31": {
        "Tax Effect Of Unusual Items": NaN,
        "Tax Rate For Calcs": NaN,
        "Normalized EBITDA": NaN,
        "Total Unusual Items": NaN,
        "Total Unusual Items Excluding Goodwill": NaN,
        "Net Income From Continuing Operation Net Minority Interest": NaN,
        "Reconciled Depreciation": NaN,
        "Reconciled Cost Of Revenue": NaN,
        "EBITDA": NaN,
        "EBIT": NaN,
        "Net Interest Income": NaN,
        "Interest Expense": NaN,
        "Normalized Income": NaN,
        "Net Income From Continuing And Discontinued Operation": NaN,
        "Total Expenses": NaN,
        "Total Operating Income As Reported": NaN,
        "Diluted Average Shares": NaN,
        "Basic Average Shares": NaN,
        "Diluted EPS": NaN,
        "Basic EPS": NaN,
        "Diluted NI Availto Com Stockholders": NaN,
        "Net Income Common Stockholders": NaN,
        "Net Income": NaN,
        "Minority Interests": 0.0,
        "Net Income Including Noncontrolling Interests": NaN,
        "Net Income Discontinuous Operations": NaN,
        "Net Income Continuous Operations": NaN,
        "Earnings From Equity Interest Net Of Tax": NaN,
        "Tax Provision": NaN,
        "Pretax Income": NaN,
        "Other Income Expense": NaN,
        "Other Non Operating Income Expenses": NaN,
        "Special Income Charges": NaN,
        "Gain On Sale Of Ppe": NaN,
        "Write Off": NaN,
        "Impairment Of Capital Assets": NaN,
        "Restructuring And Mergern Acquisition": NaN,
        "Gain On Sale Of Security": NaN,
        "Net Non Operating Interest Income Expense": NaN,
        "Interest Expense Non Operating": NaN,
        "Operating Income": NaN,
        "Operating Expense": NaN,
        "Other Operating Expenses": NaN,
        "Selling General And Administration": NaN,
        "General And Administrative Expense": 21075000.0,
        "Other Gand A": 21075000.0,
        "Salaries And Wages": -920000.0,
        "Gross Profit": NaN,
        "Cost Of Revenue": NaN,
        "Total Revenue": NaN,
        "Operating Revenue": NaN
    },
    "2024-06-30": {
        "Tax Effect Of Unusual Items": -1274280.0,
        "Tax Rate For Calcs": 0.21,
        "Normalized EBITDA": 68624000.0,
        "Total Unusual Items": -6068000.0,
        "Total Unusual Items Excluding Goodwill": -6068000.0,
        "Net Income From Continuing Operation Net Minority Interest": 8173000.0,
        "Reconciled Depreciation": 33511000.0,
        "Reconciled Cost Of Revenue": 370736000.0,
        "EBITDA": 62556000.0,
        "EBIT": 29045000.0,
        "Net Interest Income": -21270000.0,
        "Interest Expense": 21270000.0,
        "Normalized Income": 12966720.0,
        "Net Income From Continuing And Discontinued Operation": 11390000.0,
        "Total Expenses": 384780000.0,
        "Total Operating Income As Reported": 28197000.0,
        "Diluted Average Shares": 68790311.0,
        "Basic Average Shares": 65716362.0,
        "Diluted EPS": 0.17,
        "Basic EPS": 0.17,
        "Diluted NI Availto Com Stockholders": 11390000.0,
        "Net Income Common Stockholders": 11390000.0,
        "Net Income": 11390000.0,
        "Minority Interests": 0.0,
        "Net Income Including Noncontrolling Interests": 11390000.0,
        "Net Income Discontinuous Operations": 3217000.0,
        "Net Income Continuous Operations": 8173000.0,
        "Earnings From Equity Interest Net Of Tax": -451000.0,
        "Tax Provision": -849000.0,
        "Pretax Income": 7775000.0,
        "Other Income Expense": -5220000.0,
        "Other Non Operating Income Expenses": 848000.0,
        "Special Income Charges": -6626000.0,
        "Gain On Sale Of Ppe": NaN,
        "Write Off": NaN,
        "Impairment Of Capital Assets": NaN,
        "Restructuring And Mergern Acquisition": 6626000.0,
        "Gain On Sale Of Security": 558000.0,
        "Net Non Operating Interest Income Expense": -21270000.0,
        "Interest Expense Non Operating": 21270000.0,
        "Operating Income": 34265000.0,
        "Operating Expense": 14044000.0,
        "Other Operating Expenses": -7765000.0,
        "Selling General And Administration": 21809000.0,
        "General And Administrative Expense": 21809000.0,
        "Other Gand A": 21809000.0,
        "Salaries And Wages": -197000.0,
        "Gross Profit": 48309000.0,
        "Cost Of Revenue": 370736000.0,
        "Total Revenue": 419045000.0,
        "Operating Revenue": 419045000.0
    },
    "2024-09-30": {
        "Tax Effect Of Unusual Items": -4352750.0,
        "Tax Rate For Calcs": 0.125,
        "Normalized EBITDA": 53826000.0,
        "Total Unusual Items": -34822000.0,
        "Total Unusual Items Excluding Goodwill": -34822000.0,
        "Net Income From Continuing Operation Net Minority Interest": -32598000.0,
        "Reconciled Depreciation": 35194000.0,
        "Reconciled Cost Of Revenue": 357534000.0,
        "EBITDA": 19004000.0,
        "EBIT": -16190000.0,
        "Net Interest Income": -20479000.0,
        "Interest Expense": 20479000.0,
        "Normalized Income": -2128750.0,
        "Net Income From Continuing And Discontinued Operation": -32598000.0,
        "Total Expenses": 383081000.0,
        "Total Operating Income As Reported": -16800000.0,
        "Diluted Average Shares": 65892750.0,
        "Basic Average Shares": 65892750.0,
        "Diluted EPS": -0.49,
        "Basic EPS": -0.49,
        "Diluted NI Availto Com Stockholders": -32598000.0,
        "Net Income Common Stockholders": -32598000.0,
        "Net Income": -32598000.0,
        "Minority Interests": NaN,
        "Net Income Including Noncontrolling Interests": -32598000.0,
        "Net Income Discontinuous Operations": 0.0,
        "Net Income Continuous Operations": -32598000.0,
        "Earnings From Equity Interest Net Of Tax": -524000.0,
        "Tax Provision": -4595000.0,
        "Pretax Income": -36669000.0,
        "Other Income Expense": -34212000.0,
        "Other Non Operating Income Expenses": 610000.0,
        "Special Income Charges": -32994000.0,
        "Gain On Sale Of Ppe": -995000.0,
        "Write Off": 25169000.0,
        "Impairment Of Capital Assets": 25169000.0,
        "Restructuring And Mergern Acquisition": 6830000.0,
        "Gain On Sale Of Security": -1828000.0,
        "Net Non Operating Interest Income Expense": -20479000.0,
        "Interest Expense Non Operating": 20479000.0,
        "Operating Income": 18022000.0,
        "Operating Expense": 25547000.0,
        "Other Operating Expenses": 2862000.0,
        "Selling General And Administration": 22685000.0,
        "General And Administrative Expense": NaN,
        "Other Gand A": NaN,
        "Salaries And Wages": NaN,
        "Gross Profit": 43569000.0,
        "Cost Of Revenue": 357534000.0,
        "Total Revenue": 401103000.0,
        "Operating Revenue": 401103000.0
    },
    "2024-12-31": {
        "Tax Effect Of Unusual Items": -1347964.949776,
        "Tax Rate For Calcs": 0.160932,
        "Normalized EBITDA": 47956000.0,
        "Total Unusual Items": -8376000.0,
        "Total Unusual Items Excluding Goodwill": -8376000.0,
        "Net Income From Continuing Operation Net Minority Interest": -16219000.0,
        "Reconciled Depreciation": 35185000.0,
        "Reconciled Cost Of Revenue": 385561000.0,
        "EBITDA": 39580000.0,
        "EBIT": 4395000.0,
        "Net Interest Income": -23111000.0,
        "Interest Expense": 23111000.0,
        "Normalized Income": -9190964.949776,
        "Net Income From Continuing And Discontinued Operation": -16219000.0,
        "Total Expenses": 415196000.0,
        "Total Operating Income As Reported": 11009000.0,
        "Diluted Average Shares": 65929272.0,
        "Basic Average Shares": 65929272.0,
        "Diluted EPS": -0.25,
        "Basic EPS": -0.25,
        "Diluted NI Availto Com Stockholders": -16219000.0,
        "Net Income Common Stockholders": -16219000.0,
        "Net Income": -16219000.0,
        "Minority Interests": NaN,
        "Net Income Including Noncontrolling Interests": -15929000.0,
        "Net Income Discontinuous Operations": 0.0,
        "Net Income Continuous Operations": -15929000.0,
        "Earnings From Equity Interest Net Of Tax": -225000.0,
        "Tax Provision": -3012000.0,
        "Pretax Income": -18716000.0,
        "Other Income Expense": -2913000.0,
        "Other Non Operating Income Expenses": 3581000.0,
        "Special Income Charges": -14164000.0,
        "Gain On Sale Of Ppe": -1770000.0,
        "Write Off": 0.0,
        "Impairment Of Capital Assets": 0.0,
        "Restructuring And Mergern Acquisition": 2199000.0,
        "Gain On Sale Of Security": 5788000.0,
        "Net Non Operating Interest Income Expense": -23111000.0,
        "Interest Expense Non Operating": 23111000.0,
        "Operating Income": 7308000.0,
        "Operating Expense": 29635000.0,
        "Other Operating Expenses": 2946000.0,
        "Selling General And Administration": 26689000.0,
        "General And Administrative Expense": NaN,
        "Other Gand A": NaN,
        "Salaries And Wages": NaN,
        "Gross Profit": 36943000.0,
        "Cost Of Revenue": 385561000.0,
        "Total Revenue": 422504000.0,
        "Operating Revenue": 422504000.0
    },
    "2025-03-31": {
        "Tax Effect Of Unusual Items": -226950.0,
        "Tax Rate For Calcs": 0.15,
        "Normalized EBITDA": 19195000.0,
        "Total Unusual Items": -1513000.0,
        "Total Unusual Items Excluding Goodwill": -1513000.0,
        "Net Income From Continuing Operation Net Minority Interest": -31970000.0,
        "Reconciled Depreciation": 31251000.0,
        "Reconciled Cost Of Revenue": 331913000.0,
        "EBITDA": 17682000.0,
        "EBIT": -13569000.0,
        "Net Interest Income": -23603000.0,
        "Interest Expense": 23603000.0,
        "Normalized Income": -30683950.0,
        "Net Income From Continuing And Discontinued Operation": -31970000.0,
        "Total Expenses": 369547000.0,
        "Total Operating Income As Reported": -15093000.0,
        "Diluted Average Shares": 66216983.0,
        "Basic Average Shares": 66216983.0,
        "Diluted EPS": -0.49,
        "Basic EPS": -0.49,
        "Diluted NI Availto Com Stockholders": -31970000.0,
        "Net Income Common Stockholders": -31970000.0,
        "Net Income": -31970000.0,
        "Minority Interests": -18000.0,
        "Net Income Including Noncontrolling Interests": -31952000.0,
        "Net Income Discontinuous Operations": NaN,
        "Net Income Continuous Operations": -31952000.0,
        "Earnings From Equity Interest Net Of Tax": -372000.0,
        "Tax Provision": -5592000.0,
        "Pretax Income": -37172000.0,
        "Other Income Expense": 11000.0,
        "Other Non Operating Income Expenses": 1524000.0,
        "Special Income Charges": -405000.0,
        "Gain On Sale Of Ppe": NaN,
        "Write Off": NaN,
        "Impairment Of Capital Assets": NaN,
        "Restructuring And Mergern Acquisition": 405000.0,
        "Gain On Sale Of Security": -1108000.0,
        "Net Non Operating Interest Income Expense": -23603000.0,
        "Interest Expense Non Operating": 23603000.0,
        "Operating Income": -13580000.0,
        "Operating Expense": 37634000.0,
        "Other Operating Expenses": 14375000.0,
        "Selling General And Administration": 23259000.0,
        "General And Administrative Expense": 23259000.0,
        "Other Gand A": 23259000.0,
        "Salaries And Wages": NaN,
        "Gross Profit": 24054000.0,
        "Cost Of Revenue": 331913000.0,
        "Total Revenue": 355967000.0,
        "Operating Revenue": 355967000.0
    },
    "2025-06-30": {
        "Tax Effect Of Unusual Items": -827820.0,
        "Tax Rate For Calcs": 0.21,
        "Normalized EBITDA": 32663000.0,
        "Total Unusual Items": -3942000.0,
        "Total Unusual Items Excluding Goodwill": -3942000.0,
        "Net Income From Continuing Operation Net Minority Interest": -365867000.0,
        "Reconciled Depreciation": 31187000.0,
        "Reconciled Cost Of Revenue": 316407000.0,
        "EBITDA": 28721000.0,
        "EBIT": -2466000.0,
        "Net Interest Income": -23694000.0,
        "Interest Expense": 23694000.0,
        "Normalized Income": -362752820.0,
        "Net Income From Continuing And Discontinued Operation": -363197000.0,
        "Total Expenses": 337445000.0,
        "Total Operating Income As Reported": -1339000.0,
        "Diluted Average Shares": 66875897.0,
        "Basic Average Shares": 66875897.0,
        "Diluted EPS": -5.44,
        "Basic EPS": -5.44,
        "Diluted NI Availto Com Stockholders": -363197000.0,
        "Net Income Common Stockholders": -363197000.0,
        "Net Income": -363197000.0,
        "Minority Interests": -18000.0,
        "Net Income Including Noncontrolling Interests": -363179000.0,
        "Net Income Discontinuous Operations": 2670000.0,
        "Net Income Continuous Operations": -365849000.0,
        "Earnings From Equity Interest Net Of Tax": -487000.0,
        "Tax Provision": 339202000.0,
        "Pretax Income": -26160000.0,
        "Other Income Expense": -5069000.0,
        "Other Non Operating Income Expenses": -1127000.0,
        "Special Income Charges": -229000.0,
        "Gain On Sale Of Ppe": NaN,
        "Write Off": NaN,
        "Impairment Of Capital Assets": NaN,
        "Restructuring And Mergern Acquisition": 229000.0,
        "Gain On Sale Of Security": -3713000.0,
        "Net Non Operating Interest Income Expense": -23694000.0,
        "Interest Expense Non Operating": 23694000.0,
        "Operating Income": 2603000.0,
        "Operating Expense": 21038000.0,
        "Other Operating Expenses": 3073000.0,
        "Selling General And Administration": 17965000.0,
        "General And Administrative Expense": NaN,
        "Other Gand A": NaN,
        "Salaries And Wages": NaN,
        "Gross Profit": 23641000.0,
        "Cost Of Revenue": 316407000.0,
        "Total Revenue": 340048000.0,
        "Operating Revenue": 340048000.0
    }
}