{
    "2023-03-31": {
        "Tax Effect Of Unusual Items": NaN,
        "Tax Rate For Calcs": NaN,
        "Total Unusual Items": NaN,
        "Total Unusual Items Excluding Goodwill": NaN,
        "Net Income From Continuing Operation Net Minority Interest": NaN,
        "Reconciled Depreciation": NaN,
        "EBIT": NaN,
        "Net Interest Income": NaN,
        "Interest Expense": NaN,
        "Normalized Income": NaN,
        "Net Income From Continuing And Discontinued Operation": NaN,
        "Total Expenses": NaN,
        "Diluted Average Shares": 266978000.0,
        "Basic Average Shares": 113233651.0,
        "Diluted EPS": 0.11,
        "Basic EPS": 0.12,
        "Diluted NI Availto Com Stockholders": NaN,
        "Average Dilution Earnings": NaN,
        "Net Income Common Stockholders": NaN,
        "Otherunder Preferred Stock Dividend": NaN,
        "Net Income": NaN,
        "Minority Interests": NaN,
        "Net Income Including Noncontrolling Interests": NaN,
        "Net Income Continuous Operations": NaN,
        "Tax Provision": NaN,
        "Pretax Income": NaN,
        "Special Income Charges": NaN,
        "Restructuring And Mergern Acquisition": NaN,
        "Net Non Operating Interest Income Expense": NaN,
        "Interest Expense Non Operating": NaN,
        "Other Operating Expenses": NaN,
        "Depreciation And Amortization In Income Statement": NaN,
        "Amortization": NaN,
        "Depreciation Income Statement": NaN,
        "Selling General And Administration": NaN,
        "General And Administrative Expense": NaN,
        "Other Gand A": NaN,
        "Salaries And Wages": NaN,
        "Total Revenue": NaN,
        "Operating Revenue": NaN
    },
    "2022-12-31": {
        "Tax Effect Of Unusual Items": NaN,
        "Tax Rate For Calcs": NaN,
        "Total Unusual Items": NaN,
        "Total Unusual Items Excluding Goodwill": NaN,
        "Net Income From Continuing Operation Net Minority Interest": NaN,
        "Reconciled Depreciation": NaN,
        "EBIT": NaN,
        "Net Interest Income": NaN,
        "Interest Expense": NaN,
        "Normalized Income": NaN,
        "Net Income From Continuing And Discontinued Operation": NaN,
        "Total Expenses": NaN,
        "Diluted Average Shares": 267771000.0,
        "Basic Average Shares": 112437825.0,
        "Diluted EPS": 0.14,
        "Basic EPS": 0.16,
        "Diluted NI Availto Com Stockholders": NaN,
        "Average Dilution Earnings": NaN,
        "Net Income Common Stockholders": NaN,
        "Otherunder Preferred Stock Dividend": NaN,
        "Net Income": NaN,
        "Minority Interests": NaN,
        "Net Income Including Noncontrolling Interests": NaN,
        "Net Income Continuous Operations": NaN,
        "Tax Provision": NaN,
        "Pretax Income": NaN,
        "Special Income Charges": NaN,
        "Restructuring And Mergern Acquisition": NaN,
        "Net Non Operating Interest Income Expense": NaN,
        "Interest Expense Non Operating": NaN,
        "Other Operating Expenses": NaN,
        "Depreciation And Amortization In Income Statement": NaN,
        "Amortization": NaN,
        "Depreciation Income Statement": NaN,
        "Selling General And Administration": NaN,
        "General And Administrative Expense": NaN,
        "Other Gand A": NaN,
        "Salaries And Wages": NaN,
        "Total Revenue": NaN,
        "Operating Revenue": NaN
    },
    "2022-09-30": {
        "Tax Effect Of Unusual Items": -44161.2,
        "Tax Rate For Calcs": 0.1044,
        "Total Unusual Items": -423000.0,
        "Total Unusual Items Excluding Goodwill": -423000.0,
        "Net Income From Continuing Operation Net Minority Interest": 11745000.0,
        "Reconciled Depreciation": 27130000.0,
        "EBIT": 61554000.0,
        "Net Interest Income": -28864000.0,
        "Interest Expense": 28864000.0,
        "Normalized Income": 12123838.8,
        "Net Income From Continuing And Discontinued Operation": 11745000.0,
        "Total Expenses": 379306000.0,
        "Diluted Average Shares": 266352389.0,
        "Basic Average Shares": 109428073.0,
        "Diluted EPS": 0.09,
        "Basic EPS": 0.11,
        "Diluted NI Availto Com Stockholders": 24824000.0,
        "Average Dilution Earnings": 12914000.0,
        "Net Income Common Stockholders": 11910000.0,
        "Otherunder Preferred Stock Dividend": -165000.0,
        "Net Income": 11745000.0,
        "Minority Interests": -17534000.0,
        "Net Income Including Noncontrolling Interests": 29279000.0,
        "Net Income Continuous Operations": 29279000.0,
        "Tax Provision": 3411000.0,
        "Pretax Income": 32690000.0,
        "Special Income Charges": -423000.0,
        "Restructuring And Mergern Acquisition": 423000.0,
        "Net Non Operating Interest Income Expense": -28864000.0,
        "Interest Expense Non Operating": 28864000.0,
        "Other Operating Expenses": -66000.0,
        "Depreciation And Amortization In Income Statement": 27130000.0,
        "Amortization": 25667000.0,
        "Depreciation Income Statement": 1463000.0,
        "Selling General And Administration": 323099000.0,
        "General And Administrative Expense": 323099000.0,
        "Other Gand A": 48991000.0,
        "Salaries And Wages": 274108000.0,
        "Total Revenue": 411996000.0,
        "Operating Revenue": 411996000.0
    },
    "2022-06-30": {
        "Tax Effect Of Unusual Items": 34484.401142,
        "Tax Rate For Calcs": 0.137388,
        "Total Unusual Items": 251000.0,
        "Total Unusual Items Excluding Goodwill": 251000.0,
        "Net Income From Continuing Operation Net Minority Interest": 70120000.0,
        "Reconciled Depreciation": 27462000.0,
        "EBIT": 106134000.0,
        "Net Interest Income": -24846000.0,
        "Interest Expense": 24846000.0,
        "Normalized Income": 69903484.401142,
        "Net Income From Continuing And Discontinued Operation": 70120000.0,
        "Total Expenses": 410004000.0,
        "Diluted Average Shares": 120204902.0,
        "Basic Average Shares": 108054437.0,
        "Diluted EPS": 0.22,
        "Basic EPS": 0.23,
        "Diluted NI Availto Com Stockholders": 70120000.0,
        "Average Dilution Earnings": 1544000.0,
        "Net Income Common Stockholders": 70120000.0,
        "Otherunder Preferred Stock Dividend": -387000.0,
        "Net Income": 70120000.0,
        "Minority Interests": -45619000.0,
        "Net Income Including Noncontrolling Interests": 70120000.0,
        "Net Income Continuous Operations": 70120000.0,
        "Tax Provision": 11168000.0,
        "Pretax Income": 81288000.0,
        "Special Income Charges": 251000.0,
        "Restructuring And Mergern Acquisition": -251000.0,
        "Net Non Operating Interest Income Expense": -24846000.0,
        "Interest Expense Non Operating": 24846000.0,
        "Other Operating Expenses": -622000.0,
        "Depreciation And Amortization In Income Statement": 27462000.0,
        "Amortization": 26233000.0,
        "Depreciation Income Statement": 1229000.0,
        "Selling General And Administration": 358553000.0,
        "General And Administrative Expense": 358553000.0,
        "Other Gand A": 48495000.0,
        "Salaries And Wages": 310058000.0,
        "Total Revenue": 491292000.0,
        "Operating Revenue": 491292000.0
    },
    "2022-03-31": {
        "Diluted EPS": 0.06,
        "Total Revenue": 387,
        "Gross Profit": 387,
        "Operating Income": 43,
        "EBIT": 74,
        "Net Income": 7
    },
    "2021-12-31": {
        "Diluted EPS": 0.09,
        "Total Revenue": 379,
        "Gross Profit": 379,
        "Operating Income": 55,
        "EBIT": 85,
        "Net Income": 10
    },
    "2021-09-30": {
        "Diluted EPS": -0.16,
        "Total Revenue": 353,
        "Gross Profit": 353,
        "Operating Income": -1,
        "EBIT": 31,
        "Net Income": -1
    },
    "2021-06-30": {
        "Diluted EPS": 0.0,
        "Total Revenue": 390,
        "Gross Profit": 390,
        "Operating Income": 92,
        "EBIT": 123,
        "Net Income": 63
    },
    "2021-03-31": {
        "Diluted EPS": 0.0,
        "Total Revenue": 311,
        "Gross Profit": 311,
        "Operating Income": 40,
        "EBIT": 71,
        "Net Income": -6
    },
    "2020-12-31": {
        "Diluted EPS": 0.0,
        "Total Revenue": 327,
        "Gross Profit": 327,
        "Operating Income": 49,
        "EBIT": 82,
        "Net Income": -4
    },
    "2020-09-30": {
        "Diluted EPS": 0.0,
        "Total Revenue": 237,
        "Gross Profit": 237,
        "Operating Income": 26,
        "EBIT": 44,
        "Net Income": 10
    },
    "2020-06-30": {
        "Diluted EPS": 0.0,
        "Total Revenue": 246,
        "Gross Profit": 246,
        "Operating Income": 58,
        "EBIT": 68,
        "Net Income": 50
    },
    "2020-03-31": {
        "Diluted EPS": 0.0,
        "Total Revenue": 208,
        "Gross Profit": 208,
        "Operating Income": 27,
        "EBIT": 38,
        "Net Income": 12
    },
    "2019-12-31": {
        "Diluted EPS": 0.0,
        "Total Revenue": NaN,
        "Gross Profit": NaN,
        "Operating Income": NaN,
        "EBIT": NaN,
        "Net Income": NaN
    },
    "2023-06-30": {
        "Tax Effect Of Unusual Items": NaN,
        "Tax Rate For Calcs": NaN,
        "Total Unusual Items": NaN,
        "Total Unusual Items Excluding Goodwill": NaN,
        "Net Income From Continuing Operation Net Minority Interest": NaN,
        "Reconciled Depreciation": NaN,
        "EBIT": NaN,
        "Net Interest Income": NaN,
        "Interest Expense": NaN,
        "Normalized Income": NaN,
        "Net Income From Continuing And Discontinued Operation": NaN,
        "Total Expenses": NaN,
        "Diluted Average Shares": 123846000.0,
        "Basic Average Shares": 111400000.0,
        "Diluted EPS": 0.26,
        "Basic EPS": 0.27,
        "Diluted NI Availto Com Stockholders": NaN,
        "Average Dilution Earnings": NaN,
        "Net Income Common Stockholders": NaN,
        "Otherunder Preferred Stock Dividend": NaN,
        "Net Income": NaN,
        "Minority Interests": NaN,
        "Net Income Including Noncontrolling Interests": NaN,
        "Net Income Continuous Operations": NaN,
        "Tax Provision": NaN,
        "Pretax Income": NaN,
        "Special Income Charges": NaN,
        "Restructuring And Mergern Acquisition": NaN,
        "Net Non Operating Interest Income Expense": NaN,
        "Interest Expense Non Operating": NaN,
        "Other Operating Expenses": NaN,
        "Depreciation And Amortization In Income Statement": NaN,
        "Amortization": NaN,
        "Depreciation Income Statement": NaN,
        "Selling General And Administration": NaN,
        "General And Administrative Expense": NaN,
        "Other Gand A": NaN,
        "Salaries And Wages": NaN,
        "Total Revenue": NaN,
        "Operating Revenue": NaN
    },
    "2023-09-30": {
        "Tax Effect Of Unusual Items": NaN,
        "Tax Rate For Calcs": NaN,
        "Total Unusual Items": NaN,
        "Total Unusual Items Excluding Goodwill": NaN,
        "Net Income From Continuing Operation Net Minority Interest": NaN,
        "Reconciled Depreciation": NaN,
        "EBIT": NaN,
        "Net Interest Income": NaN,
        "Interest Expense": NaN,
        "Normalized Income": NaN,
        "Net Income From Continuing And Discontinued Operation": NaN,
        "Total Expenses": NaN,
        "Diluted Average Shares": NaN,
        "Basic Average Shares": NaN,
        "Diluted EPS": NaN,
        "Basic EPS": NaN,
        "Diluted NI Availto Com Stockholders": NaN,
        "Average Dilution Earnings": NaN,
        "Net Income Common Stockholders": NaN,
        "Otherunder Preferred Stock Dividend": 100000.0,
        "Net Income": NaN,
        "Minority Interests": NaN,
        "Net Income Including Noncontrolling Interests": NaN,
        "Net Income Continuous Operations": NaN,
        "Tax Provision": NaN,
        "Pretax Income": NaN,
        "Special Income Charges": NaN,
        "Restructuring And Mergern Acquisition": NaN,
        "Net Non Operating Interest Income Expense": NaN,
        "Interest Expense Non Operating": NaN,
        "Other Operating Expenses": NaN,
        "Depreciation And Amortization In Income Statement": NaN,
        "Amortization": NaN,
        "Depreciation Income Statement": NaN,
        "Selling General And Administration": NaN,
        "General And Administrative Expense": NaN,
        "Other Gand A": NaN,
        "Salaries And Wages": NaN,
        "Total Revenue": NaN,
        "Operating Revenue": NaN
    },
    "2023-12-31": {
        "Tax Effect Of Unusual Items": NaN,
        "Tax Rate For Calcs": NaN,
        "Total Unusual Items": NaN,
        "Total Unusual Items Excluding Goodwill": NaN,
        "Net Income From Continuing Operation Net Minority Interest": NaN,
        "Reconciled Depreciation": NaN,
        "EBIT": NaN,
        "Net Interest Income": NaN,
        "Interest Expense": NaN,
        "Normalized Income": NaN,
        "Net Income From Continuing And Discontinued Operation": NaN,
        "Total Expenses": NaN,
        "Diluted Average Shares": NaN,
        "Basic Average Shares": NaN,
        "Diluted EPS": NaN,
        "Basic EPS": NaN,
        "Diluted NI Availto Com Stockholders": NaN,
        "Average Dilution Earnings": NaN,
        "Net Income Common Stockholders": NaN,
        "Otherunder Preferred Stock Dividend": 697000.0,
        "Net Income": NaN,
        "Minority Interests": NaN,
        "Net Income Including Noncontrolling Interests": NaN,
        "Net Income Continuous Operations": NaN,
        "Tax Provision": NaN,
        "Pretax Income": NaN,
        "Special Income Charges": NaN,
        "Restructuring And Mergern Acquisition": NaN,
        "Net Non Operating Interest Income Expense": NaN,
        "Interest Expense Non Operating": NaN,
        "Other Operating Expenses": NaN,
        "Depreciation And Amortization In Income Statement": NaN,
        "Amortization": NaN,
        "Depreciation Income Statement": NaN,
        "Selling General And Administration": NaN,
        "General And Administrative Expense": NaN,
        "Other Gand A": NaN,
        "Salaries And Wages": NaN,
        "Total Revenue": NaN,
        "Operating Revenue": NaN
    },
    "2024-03-31": {
        "Tax Effect Of Unusual Items": NaN,
        "Tax Rate For Calcs": NaN,
        "Total Unusual Items": NaN,
        "Total Unusual Items Excluding Goodwill": NaN,
        "Net Income From Continuing Operation Net Minority Interest": NaN,
        "Reconciled Depreciation": NaN,
        "EBIT": NaN,
        "Net Interest Income": NaN,
        "Interest Expense": NaN,
        "Normalized Income": NaN,
        "Net Income From Continuing And Discontinued Operation": NaN,
        "Total Expenses": NaN,
        "Diluted Average Shares": NaN,
        "Basic Average Shares": NaN,
        "Diluted EPS": NaN,
        "Basic EPS": NaN,
        "Diluted NI Availto Com Stockholders": NaN,
        "Average Dilution Earnings": NaN,
        "Net Income Common Stockholders": NaN,
        "Otherunder Preferred Stock Dividend": 550000.0,
        "Net Income": NaN,
        "Minority Interests": NaN,
        "Net Income Including Noncontrolling Interests": NaN,
        "Net Income Continuous Operations": NaN,
        "Tax Provision": NaN,
        "Pretax Income": NaN,
        "Special Income Charges": NaN,
        "Restructuring And Mergern Acquisition": NaN,
        "Net Non Operating Interest Income Expense": NaN,
        "Interest Expense Non Operating": NaN,
        "Other Operating Expenses": NaN,
        "Depreciation And Amortization In Income Statement": NaN,
        "Amortization": NaN,
        "Depreciation Income Statement": NaN,
        "Selling General And Administration": NaN,
        "General And Administrative Expense": NaN,
        "Other Gand A": NaN,
        "Salaries And Wages": NaN,
        "Total Revenue": NaN,
        "Operating Revenue": NaN
    },
    "2024-06-30": {
        "Tax Effect Of Unusual Items": NaN,
        "Tax Rate For Calcs": NaN,
        "Total Unusual Items": NaN,
        "Total Unusual Items Excluding Goodwill": NaN,
        "Net Income From Continuing Operation Net Minority Interest": NaN,
        "Reconciled Depreciation": NaN,
        "EBIT": NaN,
        "Net Interest Income": NaN,
        "Interest Expense": NaN,
        "Normalized Income": NaN,
        "Net Income From Continuing And Discontinued Operation": NaN,
        "Total Expenses": NaN,
        "Diluted Average Shares": NaN,
        "Basic Average Shares": NaN,
        "Diluted EPS": NaN,
        "Basic EPS": NaN,
        "Diluted NI Availto Com Stockholders": NaN,
        "Average Dilution Earnings": NaN,
        "Net Income Common Stockholders": NaN,
        "Otherunder Preferred Stock Dividend": 1556000.0,
        "Net Income": NaN,
        "Minority Interests": NaN,
        "Net Income Including Noncontrolling Interests": NaN,
        "Net Income Continuous Operations": NaN,
        "Tax Provision": NaN,
        "Pretax Income": NaN,
        "Special Income Charges": NaN,
        "Restructuring And Mergern Acquisition": NaN,
        "Net Non Operating Interest Income Expense": NaN,
        "Interest Expense Non Operating": NaN,
        "Other Operating Expenses": NaN,
        "Depreciation And Amortization In Income Statement": NaN,
        "Amortization": NaN,
        "Depreciation Income Statement": NaN,
        "Selling General And Administration": NaN,
        "General And Administrative Expense": NaN,
        "Other Gand A": NaN,
        "Salaries And Wages": NaN,
        "Total Revenue": NaN,
        "Operating Revenue": NaN
    },
    "2024-09-30": {
        "Tax Effect Of Unusual Items": 76650.0,
        "Tax Rate For Calcs": 0.21,
        "Total Unusual Items": 365000.0,
        "Total Unusual Items Excluding Goodwill": 365000.0,
        "Net Income From Continuing Operation Net Minority Interest": 17589000.0,
        "Reconciled Depreciation": 41649000.0,
        "EBIT": 69069000.0,
        "Net Interest Income": -49388000.0,
        "Interest Expense": 49388000.0,
        "Normalized Income": 17300650.0,
        "Net Income From Continuing And Discontinued Operation": 17589000.0,
        "Total Expenses": 585013000.0,
        "Diluted Average Shares": 272686000.0,
        "Basic Average Shares": 117260000.0,
        "Diluted EPS": 0.09,
        "Basic EPS": 0.15,
        "Diluted NI Availto Com Stockholders": 25844000.0,
        "Average Dilution Earnings": 7886000.0,
        "Net Income Common Stockholders": 17958000.0,
        "Otherunder Preferred Stock Dividend": -369000.0,
        "Net Income": 17589000.0,
        "Minority Interests": -11054000.0,
        "Net Income Including Noncontrolling Interests": 28643000.0,
        "Net Income Continuous Operations": 28643000.0,
        "Tax Provision": -8962000.0,
        "Pretax Income": 19681000.0,
        "Special Income Charges": 365000.0,
        "Restructuring And Mergern Acquisition": -365000.0,
        "Net Non Operating Interest Income Expense": -49388000.0,
        "Interest Expense Non Operating": 49388000.0,
        "Other Operating Expenses": 16590000.0,
        "Depreciation And Amortization In Income Statement": 41649000.0,
        "Amortization": 39182000.0,
        "Depreciation Income Statement": 2467000.0,
        "Selling General And Administration": 481933000.0,
        "General And Administrative Expense": 481933000.0,
        "Other Gand A": 88684000.0,
        "Salaries And Wages": 393249000.0,
        "Total Revenue": 604694000.0,
        "Operating Revenue": 604694000.0
    },
    "2024-12-31": {
        "Tax Effect Of Unusual Items": 9081221.18741,
        "Tax Rate For Calcs": 0.383627,
        "Total Unusual Items": 23672000.0,
        "Total Unusual Items Excluding Goodwill": 23672000.0,
        "Net Income From Continuing Operation Net Minority Interest": 13754000.0,
        "Reconciled Depreciation": 63099000.0,
        "EBIT": 117573000.0,
        "Net Interest Income": -48532000.0,
        "Interest Expense": 48532000.0,
        "Normalized Income": -836778.81259,
        "Net Income From Continuing And Discontinued Operation": 13754000.0,
        "Total Expenses": 594488000.0,
        "Diluted Average Shares": 276993000.0,
        "Basic Average Shares": 125411089.0,
        "Diluted EPS": 0.1,
        "Basic EPS": 0.11,
        "Diluted NI Availto Com Stockholders": -64276000.0,
        "Average Dilution Earnings": -79369000.0,
        "Net Income Common Stockholders": 15093000.0,
        "Otherunder Preferred Stock Dividend": NaN,
        "Net Income": 13754000.0,
        "Minority Interests": -28801000.0,
        "Net Income Including Noncontrolling Interests": 42555000.0,
        "Net Income Continuous Operations": 42555000.0,
        "Tax Provision": 26486000.0,
        "Pretax Income": 69041000.0,
        "Special Income Charges": 23672000.0,
        "Restructuring And Mergern Acquisition": -23672000.0,
        "Net Non Operating Interest Income Expense": -48532000.0,
        "Interest Expense Non Operating": 48532000.0,
        "Other Operating Expenses": -3534000.0,
        "Depreciation And Amortization In Income Statement": 63099000.0,
        "Amortization": 60134000.0,
        "Depreciation Income Statement": 2965000.0,
        "Selling General And Administration": 514784000.0,
        "General And Administrative Expense": 514784000.0,
        "Other Gand A": 104532000.0,
        "Salaries And Wages": 410252000.0,
        "Total Revenue": 663529000.0,
        "Operating Revenue": 663529000.0
    },
    "2025-03-31": {
        "Tax Effect Of Unusual Items": 2948820.0,
        "Tax Rate For Calcs": 0.21,
        "Total Unusual Items": 14042000.0,
        "Total Unusual Items Excluding Goodwill": 14042000.0,
        "Net Income From Continuing Operation Net Minority Interest": -27642000.0,
        "Reconciled Depreciation": 67624000.0,
        "EBIT": 105549000.0,
        "Net Interest Income": -54508000.0,
        "Interest Expense": 54508000.0,
        "Normalized Income": -38735180.0,
        "Net Income From Continuing And Discontinued Operation": -27642000.0,
        "Total Expenses": 639125000.0,
        "Diluted Average Shares": 126032889.0,
        "Basic Average Shares": 126032889.0,
        "Diluted EPS": -0.22,
        "Basic EPS": -0.22,
        "Diluted NI Availto Com Stockholders": -27642000.0,
        "Average Dilution Earnings": 0.0,
        "Net Income Common Stockholders": -27642000.0,
        "Otherunder Preferred Stock Dividend": NaN,
        "Net Income": -27642000.0,
        "Minority Interests": -23253000.0,
        "Net Income Including Noncontrolling Interests": -4389000.0,
        "Net Income Continuous Operations": -4389000.0,
        "Tax Provision": 55430000.0,
        "Pretax Income": 51041000.0,
        "Special Income Charges": 14042000.0,
        "Restructuring And Mergern Acquisition": -14042000.0,
        "Net Non Operating Interest Income Expense": -54508000.0,
        "Interest Expense Non Operating": 54508000.0,
        "Other Operating Expenses": -377000.0,
        "Depreciation And Amortization In Income Statement": 67624000.0,
        "Amortization": 64985000.0,
        "Depreciation Income Statement": 2639000.0,
        "Selling General And Administration": 536349000.0,
        "General And Administrative Expense": 536349000.0,
        "Other Gand A": 106060000.0,
        "Salaries And Wages": 430289000.0,
        "Total Revenue": 690166000.0,
        "Operating Revenue": 690166000.0
    },
    "2025-06-30": {
        "Tax Effect Of Unusual Items": 72864.0,
        "Tax Rate For Calcs": 0.096,
        "Total Unusual Items": 759000.0,
        "Total Unusual Items Excluding Goodwill": 759000.0,
        "Net Income From Continuing Operation Net Minority Interest": 51976000.0,
        "Reconciled Depreciation": 72556000.0,
        "EBIT": 196065000.0,
        "Net Interest Income": -58334000.0,
        "Interest Expense": 58334000.0,
        "Normalized Income": 51289864.0,
        "Net Income From Continuing And Discontinued Operation": 51976000.0,
        "Total Expenses": 717439000.0,
        "Diluted Average Shares": 274145000.0,
        "Basic Average Shares": 126770732.0,
        "Diluted EPS": 0.38,
        "Basic EPS": 0.41,
        "Diluted NI Availto Com Stockholders": 104368000.0,
        "Average Dilution Earnings": 52392000.0,
        "Net Income Common Stockholders": 51976000.0,
        "Otherunder Preferred Stock Dividend": NaN,
        "Net Income": 51976000.0,
        "Minority Interests": -72729000.0,
        "Net Income Including Noncontrolling Interests": 124705000.0,
        "Net Income Continuous Operations": 124705000.0,
        "Tax Provision": 13026000.0,
        "Pretax Income": 137731000.0,
        "Special Income Charges": 759000.0,
        "Restructuring And Mergern Acquisition": -759000.0,
        "Net Non Operating Interest Income Expense": -58334000.0,
        "Interest Expense Non Operating": 58334000.0,
        "Other Operating Expenses": 143000.0,
        "Depreciation And Amortization In Income Statement": 72556000.0,
        "Amortization": 69668000.0,
        "Depreciation Income Statement": 2888000.0,
        "Selling General And Administration": 592321000.0,
        "General And Administrative Expense": 592321000.0,
        "Other Gand A": 107049000.0,
        "Salaries And Wages": 485272000.0,
        "Total Revenue": 855170000.0,
        "Operating Revenue": 855170000.0
    },
    "2025-09-30": {
        "Tax Effect Of Unusual Items": -2513280.0,
        "Tax Rate For Calcs": 0.21,
        "Total Unusual Items": -11968000.0,
        "Total Unusual Items Excluding Goodwill": -11968000.0,
        "Net Income From Continuing Operation Net Minority Interest": 31085000.0,
        "Reconciled Depreciation": 73795000.0,
        "EBIT": 116150000.0,
        "Net Interest Income": -56344000.0,
        "Interest Expense": 56344000.0,
        "Normalized Income": 40539720.0,
        "Net Income From Continuing And Discontinued Operation": 31085000.0,
        "Total Expenses": 694771000.0,
        "Diluted Average Shares": 273461634.0,
        "Basic Average Shares": 127940211.0,
        "Diluted EPS": 0.2,
        "Basic EPS": 0.24,
        "Diluted NI Availto Com Stockholders": 54461000.0,
        "Average Dilution Earnings": 23376000.0,
        "Net Income Common Stockholders": 31085000.0,
        "Otherunder Preferred Stock Dividend": NaN,
        "Net Income": 31085000.0,
        "Minority Interests": -31518000.0,
        "Net Income Including Noncontrolling Interests": 62603000.0,
        "Net Income Continuous Operations": 62603000.0,
        "Tax Provision": -2797000.0,
        "Pretax Income": 59806000.0,
        "Special Income Charges": -11968000.0,
        "Restructuring And Mergern Acquisition": 11968000.0,
        "Net Non Operating Interest Income Expense": -56344000.0,
        "Interest Expense Non Operating": 56344000.0,
        "Other Operating Expenses": -402000.0,
        "Depreciation And Amortization In Income Statement": 73795000.0,
        "Amortization": 70188000.0,
        "Depreciation Income Statement": 3607000.0,
        "Selling General And Administration": 558023000.0,
        "General And Administrative Expense": 558023000.0,
        "Other Gand A": 117589000.0,
        "Salaries And Wages": 440434000.0,
        "Total Revenue": 754577000.0,
        "Operating Revenue": 754577000.0
    }
}