{
    "2023-06-30": {
        "Tax Effect Of Unusual Items": NaN,
        "Tax Rate For Calcs": NaN,
        "Normalized EBITDA": NaN,
        "Total Unusual Items": NaN,
        "Total Unusual Items Excluding Goodwill": NaN,
        "Net Income From Continuing Operation Net Minority Interest": NaN,
        "Reconciled Depreciation": NaN,
        "Reconciled Cost Of Revenue": NaN,
        "EBITDA": NaN,
        "EBIT": NaN,
        "Net Interest Income": NaN,
        "Interest Expense": NaN,
        "Normalized Income": NaN,
        "Net Income From Continuing And Discontinued Operation": NaN,
        "Total Expenses": NaN,
        "Total Operating Income As Reported": NaN,
        "Diluted Average Shares": NaN,
        "Basic Average Shares": NaN,
        "Diluted EPS": NaN,
        "Basic EPS": NaN,
        "Diluted NI Availto Com Stockholders": NaN,
        "Net Income Common Stockholders": NaN,
        "Net Income": NaN,
        "Minority Interests": NaN,
        "Net Income Including Noncontrolling Interests": NaN,
        "Net Income Continuous Operations": NaN,
        "Tax Provision": NaN,
        "Pretax Income": NaN,
        "Other Income Expense": NaN,
        "Other Non Operating Income Expenses": NaN,
        "Special Income Charges": NaN,
        "Gain On Sale Of Ppe": 0.0,
        "Other Special Charges": NaN,
        "Restructuring And Mergern Acquisition": 0.0,
        "Net Non Operating Interest Income Expense": NaN,
        "Interest Expense Non Operating": NaN,
        "Operating Income": NaN,
        "Operating Expense": NaN,
        "Selling General And Administration": NaN,
        "Gross Profit": NaN,
        "Cost Of Revenue": NaN,
        "Total Revenue": NaN,
        "Operating Revenue": NaN
    },
    "2023-03-31": {
        "Tax Effect Of Unusual Items": NaN,
        "Tax Rate For Calcs": NaN,
        "Normalized EBITDA": NaN,
        "Total Unusual Items": NaN,
        "Total Unusual Items Excluding Goodwill": NaN,
        "Net Income From Continuing Operation Net Minority Interest": NaN,
        "Reconciled Depreciation": NaN,
        "Reconciled Cost Of Revenue": NaN,
        "EBITDA": NaN,
        "EBIT": NaN,
        "Net Interest Income": NaN,
        "Interest Expense": NaN,
        "Normalized Income": NaN,
        "Net Income From Continuing And Discontinued Operation": NaN,
        "Total Expenses": NaN,
        "Total Operating Income As Reported": NaN,
        "Diluted Average Shares": 37200000.0,
        "Basic Average Shares": 36500000.0,
        "Diluted EPS": 1.27,
        "Basic EPS": 1.3,
        "Diluted NI Availto Com Stockholders": NaN,
        "Net Income Common Stockholders": NaN,
        "Net Income": NaN,
        "Minority Interests": NaN,
        "Net Income Including Noncontrolling Interests": NaN,
        "Net Income Continuous Operations": NaN,
        "Tax Provision": NaN,
        "Pretax Income": NaN,
        "Other Income Expense": NaN,
        "Other Non Operating Income Expenses": NaN,
        "Special Income Charges": NaN,
        "Gain On Sale Of Ppe": NaN,
        "Restructuring And Mergern Acquisition": NaN,
        "Net Non Operating Interest Income Expense": NaN,
        "Interest Expense Non Operating": NaN,
        "Operating Income": NaN,
        "Operating Expense": NaN,
        "Selling General And Administration": NaN,
        "Gross Profit": NaN,
        "Cost Of Revenue": NaN,
        "Total Revenue": NaN,
        "Operating Revenue": NaN
    },
    "2022-12-31": {
        "Tax Effect Of Unusual Items": NaN,
        "Tax Rate For Calcs": NaN,
        "Normalized EBITDA": NaN,
        "Total Unusual Items": 0.0,
        "Total Unusual Items Excluding Goodwill": 0.0,
        "Net Income From Continuing Operation Net Minority Interest": NaN,
        "Reconciled Depreciation": NaN,
        "Reconciled Cost Of Revenue": NaN,
        "EBITDA": NaN,
        "EBIT": NaN,
        "Net Interest Income": NaN,
        "Interest Expense": NaN,
        "Normalized Income": NaN,
        "Net Income From Continuing And Discontinued Operation": NaN,
        "Total Expenses": NaN,
        "Total Operating Income As Reported": NaN,
        "Diluted Average Shares": NaN,
        "Basic Average Shares": NaN,
        "Diluted EPS": NaN,
        "Basic EPS": NaN,
        "Diluted NI Availto Com Stockholders": NaN,
        "Net Income Common Stockholders": NaN,
        "Net Income": NaN,
        "Minority Interests": NaN,
        "Net Income Including Noncontrolling Interests": NaN,
        "Net Income Continuous Operations": NaN,
        "Tax Provision": NaN,
        "Pretax Income": NaN,
        "Other Income Expense": NaN,
        "Other Non Operating Income Expenses": NaN,
        "Special Income Charges": 0.0,
        "Gain On Sale Of Ppe": 0.0,
        "Other Special Charges": 0.0,
        "Restructuring And Mergern Acquisition": NaN,
        "Net Non Operating Interest Income Expense": NaN,
        "Interest Expense Non Operating": NaN,
        "Operating Income": NaN,
        "Operating Expense": NaN,
        "Selling General And Administration": NaN,
        "Gross Profit": NaN,
        "Cost Of Revenue": NaN,
        "Total Revenue": NaN,
        "Operating Revenue": NaN
    },
    "2022-09-30": {
        "Tax Effect Of Unusual Items": NaN,
        "Tax Rate For Calcs": NaN,
        "Normalized EBITDA": NaN,
        "Total Unusual Items": -1500000.0,
        "Total Unusual Items Excluding Goodwill": -1500000.0,
        "Net Income From Continuing Operation Net Minority Interest": NaN,
        "Reconciled Depreciation": NaN,
        "Reconciled Cost Of Revenue": NaN,
        "EBITDA": NaN,
        "EBIT": NaN,
        "Net Interest Income": NaN,
        "Interest Expense": NaN,
        "Normalized Income": NaN,
        "Net Income From Continuing And Discontinued Operation": NaN,
        "Total Expenses": NaN,
        "Total Operating Income As Reported": NaN,
        "Diluted Average Shares": NaN,
        "Basic Average Shares": NaN,
        "Diluted EPS": NaN,
        "Basic EPS": NaN,
        "Diluted NI Availto Com Stockholders": NaN,
        "Net Income Common Stockholders": NaN,
        "Net Income": NaN,
        "Minority Interests": NaN,
        "Net Income Including Noncontrolling Interests": NaN,
        "Net Income Continuous Operations": NaN,
        "Tax Provision": NaN,
        "Pretax Income": NaN,
        "Other Income Expense": NaN,
        "Other Non Operating Income Expenses": NaN,
        "Special Income Charges": -1500000.0,
        "Gain On Sale Of Ppe": 0.0,
        "Other Special Charges": 1500000.0,
        "Net Non Operating Interest Income Expense": NaN,
        "Interest Expense Non Operating": NaN,
        "Operating Income": NaN,
        "Operating Expense": NaN,
        "Selling General And Administration": NaN,
        "Gross Profit": NaN,
        "Cost Of Revenue": NaN,
        "Total Revenue": NaN,
        "Operating Revenue": NaN
    },
    "2022-06-30": {
        "Tax Effect Of Unusual Items": 965200.0,
        "Tax Rate For Calcs": 0.254,
        "Normalized EBITDA": 282200000.0,
        "Total Unusual Items": 3800000.0,
        "Total Unusual Items Excluding Goodwill": 3800000.0,
        "Net Income From Continuing Operation Net Minority Interest": 196400000.0,
        "Reconciled Depreciation": 14500000.0,
        "Reconciled Cost Of Revenue": 1277600000.0,
        "EBITDA": 286000000.0,
        "EBIT": 271500000.0,
        "Net Interest Income": -8300000.0,
        "Interest Expense": 8300000.0,
        "Normalized Income": 193565200.0,
        "Net Income From Continuing And Discontinued Operation": 196400000.0,
        "Total Expenses": 1460500000.0,
        "Total Operating Income As Reported": 286800000.0,
        "Diluted Average Shares": 38524000.0,
        "Basic Average Shares": 37799000.0,
        "Diluted EPS": 5.1,
        "Basic EPS": 5.2,
        "Diluted NI Availto Com Stockholders": 196400000.0,
        "Net Income Common Stockholders": 196400000.0,
        "Net Income": 196400000.0,
        "Minority Interests": 0.0,
        "Net Income Including Noncontrolling Interests": 196400000.0,
        "Net Income Continuous Operations": 196400000.0,
        "Tax Provision": 66800000.0,
        "Pretax Income": 263200000.0,
        "Other Income Expense": -11500000.0,
        "Other Non Operating Income Expenses": -15300000.0,
        "Special Income Charges": 3800000.0,
        "Gain On Sale Of Ppe": 3800000.0,
        "Other Special Charges": NaN,
        "Net Non Operating Interest Income Expense": -8300000.0,
        "Interest Expense Non Operating": 8300000.0,
        "Operating Income": 283000000.0,
        "Operating Expense": 182900000.0,
        "Selling General And Administration": 182900000.0,
        "Gross Profit": 465900000.0,
        "Cost Of Revenue": 1277600000.0,
        "Total Revenue": 1743500000.0,
        "Operating Revenue": 1743500000.0
    },
    "2022-03-31": {
        "Diluted EPS": 4.17,
        "Total Revenue": NaN,
        "Gross Profit": 410,
        "Operating Income": 235,
        "EBIT": 248,
        "Net Income": 164
    },
    "2021-12-31": {
        "Diluted EPS": 2.72,
        "Total Revenue": NaN,
        "Gross Profit": 327,
        "Operating Income": 148,
        "EBIT": 164,
        "Net Income": 106
    },
    "2021-09-30": {
        "Diluted EPS": 1.27,
        "Total Revenue": NaN,
        "Gross Profit": 365,
        "Operating Income": 184,
        "EBIT": 198,
        "Net Income": 50
    },
    "2021-06-30": {
        "Diluted EPS": 2.91,
        "Total Revenue": NaN,
        "Gross Profit": 257,
        "Operating Income": 166,
        "EBIT": 179,
        "Net Income": 113
    },
    "2021-03-31": {
        "Diluted EPS": 0.66,
        "Total Revenue": NaN,
        "Gross Profit": 198,
        "Operating Income": 46,
        "EBIT": 60,
        "Net Income": 25
    },
    "2020-12-31": {
        "Diluted EPS": -0.44,
        "Total Revenue": 853,
        "Gross Profit": 154,
        "Operating Income": 5,
        "EBIT": 18,
        "Net Income": -17
    },
    "2020-09-30": {
        "Diluted EPS": -1.05,
        "Total Revenue": 832,
        "Gross Profit": 156,
        "Operating Income": 30,
        "EBIT": 44,
        "Net Income": -40
    },
    "2020-06-30": {
        "Diluted EPS": -0.67,
        "Total Revenue": 772,
        "Gross Profit": 116,
        "Operating Income": -11,
        "EBIT": 3,
        "Net Income": -26
    },
    "2020-03-31": {
        "Diluted EPS": 0.43,
        "Total Revenue": NaN,
        "Gross Profit": 196,
        "Operating Income": 40,
        "EBIT": 53,
        "Net Income": 16
    },
    "2019-12-31": {
        "Diluted EPS": 0.69,
        "Total Revenue": 962,
        "Gross Profit": 180,
        "Operating Income": 57,
        "EBIT": 72,
        "Net Income": 26
    },
    "2019-09-30": {
        "Diluted EPS": 0.27,
        "Total Revenue": NaN,
        "Gross Profit": 204,
        "Operating Income": 40,
        "EBIT": 56,
        "Net Income": 10
    },
    "2019-06-30": {
        "Diluted EPS": 0.43,
        "Total Revenue": NaN,
        "Gross Profit": 212,
        "Operating Income": 46,
        "EBIT": 61,
        "Net Income": 16
    },
    "2019-03-31": {
        "Diluted EPS": 0.78,
        "Total Revenue": NaN,
        "Gross Profit": 231,
        "Operating Income": 67,
        "EBIT": 82,
        "Net Income": 30
    },
    "2018-12-31": {
        "Diluted EPS": 0.01,
        "Total Revenue": NaN,
        "Gross Profit": 200,
        "Operating Income": 27,
        "EBIT": 43,
        "Net Income": 1
    },
    "2018-09-30": {
        "Diluted EPS": 2.06,
        "Total Revenue": NaN,
        "Gross Profit": 208,
        "Operating Income": 32,
        "EBIT": 46,
        "Net Income": 78
    },
    "2018-06-30": {
        "Diluted EPS": 0.46,
        "Total Revenue": NaN,
        "Gross Profit": 185,
        "Operating Income": 46,
        "EBIT": 58,
        "Net Income": 18
    },
    "2018-03-31": {
        "Diluted EPS": 0.28,
        "Total Revenue": 941,
        "Gross Profit": 165,
        "Operating Income": 34,
        "EBIT": 46,
        "Net Income": 10
    },
    "2017-12-31": {
        "Diluted EPS": -0.01,
        "Total Revenue": 811,
        "Gross Profit": 137,
        "Operating Income": 15,
        "EBIT": 28,
        "Net Income": NaN
    },
    "2017-09-30": {
        "Diluted EPS": 0.05,
        "Total Revenue": 864,
        "Gross Profit": 145,
        "Operating Income": 23,
        "EBIT": 35,
        "Net Income": 2
    },
    "2017-06-30": {
        "Diluted EPS": 0.02,
        "Total Revenue": 875,
        "Gross Profit": 140,
        "Operating Income": 22,
        "EBIT": 33,
        "Net Income": 1
    },
    "2017-03-31": {
        "Diluted EPS": 0.4,
        "Total Revenue": 815,
        "Gross Profit": 161,
        "Operating Income": 41,
        "EBIT": 52,
        "Net Income": 15
    },
    "2016-12-31": {
        "Diluted EPS": -0.28,
        "Total Revenue": 682,
        "Gross Profit": 115,
        "Operating Income": 0,
        "EBIT": 11,
        "Net Income": -9
    },
    "2016-09-30": {
        "Diluted EPS": 0.23,
        "Total Revenue": 735,
        "Gross Profit": 145,
        "Operating Income": 34,
        "EBIT": 44,
        "Net Income": 8
    },
    "2016-06-30": {
        "Diluted EPS": 0.17,
        "Total Revenue": 740,
        "Gross Profit": 163,
        "Operating Income": 50,
        "EBIT": 61,
        "Net Income": 6
    },
    "2016-03-31": {
        "Diluted EPS": 0.42,
        "Total Revenue": 703,
        "Gross Profit": 148,
        "Operating Income": 38,
        "EBIT": 49,
        "Net Income": 14
    },
    "2015-12-31": {
        "Diluted EPS": -0.64,
        "Total Revenue": 669,
        "Gross Profit": 102,
        "Operating Income": -12,
        "EBIT": -2,
        "Net Income": -21
    },
    "2015-09-30": {
        "Diluted EPS": 0.21,
        "Total Revenue": 790,
        "Gross Profit": 150,
        "Operating Income": 37,
        "EBIT": 49,
        "Net Income": 7
    },
    "2015-06-30": {
        "Diluted EPS": 0.49,
        "Total Revenue": 840,
        "Gross Profit": 166,
        "Operating Income": 50,
        "EBIT": 61,
        "Net Income": 16
    },
    "2015-03-31": {
        "Diluted EPS": -0.08,
        "Total Revenue": 868,
        "Gross Profit": 150,
        "Operating Income": 34,
        "EBIT": 45,
        "Net Income": -3
    },
    "2014-12-31": {
        "Diluted EPS": 0.04,
        "Total Revenue": 868,
        "Gross Profit": 142,
        "Operating Income": 26,
        "EBIT": 37,
        "Net Income": 5
    },
    "2014-09-30": {
        "Diluted EPS": -1.26,
        "Total Revenue": 948,
        "Gross Profit": 150,
        "Operating Income": -3,
        "EBIT": 8,
        "Net Income": -35
    },
    "2014-06-30": {
        "Diluted EPS": 0.13,
        "Total Revenue": 932,
        "Gross Profit": 154,
        "Operating Income": 34,
        "EBIT": 46,
        "Net Income": 3
    },
    "2014-03-31": {
        "Diluted EPS": 0.08,
        "Total Revenue": 874,
        "Gross Profit": 148,
        "Operating Income": 30,
        "EBIT": 41,
        "Net Income": 2
    },
    "2013-12-31": {
        "Diluted EPS": 5.57,
        "Total Revenue": 803,
        "Gross Profit": 147,
        "Operating Income": 29,
        "EBIT": 41,
        "Net Income": 118
    },
    "2013-09-30": {
        "Diluted EPS": 0.14,
        "Total Revenue": 860,
        "Gross Profit": 155,
        "Operating Income": 34,
        "EBIT": 46,
        "Net Income": 3
    },
    "2013-06-30": {
        "Diluted EPS": 0.02,
        "Total Revenue": 907,
        "Gross Profit": 159,
        "Operating Income": 28,
        "EBIT": 40,
        "Net Income": 1
    },
    "2013-03-31": {
        "Diluted EPS": 0.26,
        "Total Revenue": 891,
        "Gross Profit": 156,
        "Operating Income": 33,
        "EBIT": 45,
        "Net Income": 6
    },
    "2012-12-31": {
        "Diluted EPS": 0.0,
        "Total Revenue": NaN,
        "Gross Profit": NaN,
        "Operating Income": NaN,
        "EBIT": NaN,
        "Net Income": NaN
    },
    "2012-06-30": {
        "Diluted EPS": 0.0,
        "Total Revenue": NaN,
        "Gross Profit": 184,
        "Operating Income": 52,
        "EBIT": 64,
        "Net Income": 16
    },
    "2012-03-31": {
        "Diluted EPS": 0.0,
        "Total Revenue": NaN,
        "Gross Profit": 191,
        "Operating Income": 59,
        "EBIT": 70,
        "Net Income": 25
    },
    "2011-12-31": {
        "Diluted EPS": 0.0,
        "Total Revenue": NaN,
        "Gross Profit": 165,
        "Operating Income": 24,
        "EBIT": 34,
        "Net Income": 13
    },
    "2011-09-30": {
        "Diluted EPS": 0.0,
        "Total Revenue": NaN,
        "Gross Profit": 174,
        "Operating Income": 33,
        "EBIT": 44,
        "Net Income": -1
    },
    "2011-06-30": {
        "Diluted EPS": 0.0,
        "Total Revenue": NaN,
        "Gross Profit": 164,
        "Operating Income": 21,
        "EBIT": 32,
        "Net Income": -18
    },
    "2011-03-31": {
        "Diluted EPS": 0.0,
        "Total Revenue": NaN,
        "Gross Profit": 157,
        "Operating Income": 21,
        "EBIT": 32,
        "Net Income": -2
    },
    "2010-12-31": {
        "Diluted EPS": 0.0,
        "Total Revenue": 972,
        "Gross Profit": 134,
        "Operating Income": -12,
        "EBIT": -2,
        "Net Income": -43
    },
    "2010-09-30": {
        "Diluted EPS": 0.0,
        "Total Revenue": NaN,
        "Gross Profit": 139,
        "Operating Income": 10,
        "EBIT": 20,
        "Net Income": -25
    },
    "2010-06-30": {
        "Diluted EPS": 0.0,
        "Total Revenue": NaN,
        "Gross Profit": 133,
        "Operating Income": 7,
        "EBIT": 16,
        "Net Income": -22
    },
    "2010-03-31": {
        "Diluted EPS": 0.0,
        "Total Revenue": 872,
        "Gross Profit": 134,
        "Operating Income": 15,
        "EBIT": 24,
        "Net Income": -15
    },
    "2009-12-31": {
        "Diluted EPS": 0.0,
        "Total Revenue": NaN,
        "Gross Profit": NaN,
        "Operating Income": NaN,
        "EBIT": NaN,
        "Net Income": NaN
    },
    "2009-09-30": {
        "Diluted EPS": 0.0,
        "Total Revenue": 777,
        "Gross Profit": 152,
        "Operating Income": 32,
        "EBIT": 32,
        "Net Income": -7
    },
    "2023-09-30": {
        "Tax Effect Of Unusual Items": NaN,
        "Tax Rate For Calcs": NaN,
        "Normalized EBITDA": NaN,
        "Total Unusual Items": 0.0,
        "Total Unusual Items Excluding Goodwill": 0.0,
        "Net Income From Continuing Operation Net Minority Interest": NaN,
        "Reconciled Depreciation": NaN,
        "Reconciled Cost Of Revenue": NaN,
        "EBITDA": NaN,
        "EBIT": NaN,
        "Net Interest Income": NaN,
        "Interest Expense": NaN,
        "Normalized Income": NaN,
        "Net Income From Continuing And Discontinued Operation": NaN,
        "Total Expenses": NaN,
        "Total Operating Income As Reported": NaN,
        "Diluted Average Shares": NaN,
        "Basic Average Shares": NaN,
        "Diluted EPS": NaN,
        "Basic EPS": NaN,
        "Diluted NI Availto Com Stockholders": NaN,
        "Net Income Common Stockholders": NaN,
        "Net Income": NaN,
        "Minority Interests": NaN,
        "Net Income Including Noncontrolling Interests": NaN,
        "Net Income Continuous Operations": NaN,
        "Tax Provision": NaN,
        "Pretax Income": NaN,
        "Other Income Expense": NaN,
        "Other Non Operating Income Expenses": NaN,
        "Special Income Charges": 0.0,
        "Gain On Sale Of Ppe": 0.0,
        "Other Special Charges": NaN,
        "Restructuring And Mergern Acquisition": 0.0,
        "Net Non Operating Interest Income Expense": NaN,
        "Interest Expense Non Operating": NaN,
        "Operating Income": NaN,
        "Operating Expense": NaN,
        "Selling General And Administration": NaN,
        "Gross Profit": NaN,
        "Cost Of Revenue": NaN,
        "Total Revenue": NaN,
        "Operating Revenue": NaN
    },
    "2023-12-31": {
        "Tax Effect Of Unusual Items": NaN,
        "Tax Rate For Calcs": NaN,
        "Normalized EBITDA": NaN,
        "Total Unusual Items": 0.0,
        "Total Unusual Items Excluding Goodwill": 0.0,
        "Net Income From Continuing Operation Net Minority Interest": NaN,
        "Reconciled Depreciation": NaN,
        "Reconciled Cost Of Revenue": NaN,
        "EBITDA": NaN,
        "EBIT": NaN,
        "Net Interest Income": NaN,
        "Interest Expense": NaN,
        "Normalized Income": NaN,
        "Net Income From Continuing And Discontinued Operation": NaN,
        "Total Expenses": NaN,
        "Total Operating Income As Reported": NaN,
        "Diluted Average Shares": NaN,
        "Basic Average Shares": NaN,
        "Diluted EPS": NaN,
        "Basic EPS": NaN,
        "Diluted NI Availto Com Stockholders": NaN,
        "Net Income Common Stockholders": NaN,
        "Net Income": NaN,
        "Minority Interests": NaN,
        "Net Income Including Noncontrolling Interests": NaN,
        "Net Income Continuous Operations": NaN,
        "Tax Provision": NaN,
        "Pretax Income": NaN,
        "Other Income Expense": NaN,
        "Other Non Operating Income Expenses": NaN,
        "Special Income Charges": 0.0,
        "Gain On Sale Of Ppe": 0.0,
        "Other Special Charges": NaN,
        "Restructuring And Mergern Acquisition": NaN,
        "Net Non Operating Interest Income Expense": NaN,
        "Interest Expense Non Operating": NaN,
        "Operating Income": NaN,
        "Operating Expense": NaN,
        "Selling General And Administration": NaN,
        "Gross Profit": NaN,
        "Cost Of Revenue": NaN,
        "Total Revenue": NaN,
        "Operating Revenue": NaN
    },
    "2024-03-31": {
        "Tax Effect Of Unusual Items": NaN,
        "Tax Rate For Calcs": NaN,
        "Normalized EBITDA": NaN,
        "Total Unusual Items": NaN,
        "Total Unusual Items Excluding Goodwill": NaN,
        "Net Income From Continuing Operation Net Minority Interest": NaN,
        "Reconciled Depreciation": NaN,
        "Reconciled Cost Of Revenue": NaN,
        "EBITDA": NaN,
        "EBIT": NaN,
        "Net Interest Income": NaN,
        "Interest Expense": NaN,
        "Normalized Income": NaN,
        "Net Income From Continuing And Discontinued Operation": NaN,
        "Total Expenses": NaN,
        "Total Operating Income As Reported": NaN,
        "Diluted Average Shares": NaN,
        "Basic Average Shares": NaN,
        "Diluted EPS": NaN,
        "Basic EPS": NaN,
        "Diluted NI Availto Com Stockholders": NaN,
        "Net Income Common Stockholders": NaN,
        "Net Income": NaN,
        "Minority Interests": NaN,
        "Net Income Including Noncontrolling Interests": NaN,
        "Net Income Continuous Operations": NaN,
        "Tax Provision": NaN,
        "Pretax Income": NaN,
        "Other Income Expense": -200000.0,
        "Other Non Operating Income Expenses": NaN,
        "Special Income Charges": NaN,
        "Other Special Charges": NaN,
        "Restructuring And Mergern Acquisition": NaN,
        "Net Non Operating Interest Income Expense": NaN,
        "Interest Expense Non Operating": NaN,
        "Operating Income": NaN,
        "Operating Expense": NaN,
        "Selling General And Administration": NaN,
        "Gross Profit": NaN,
        "Cost Of Revenue": NaN,
        "Total Revenue": NaN,
        "Operating Revenue": NaN
    },
    "2024-06-30": {
        "Tax Effect Of Unusual Items": NaN,
        "Tax Rate For Calcs": NaN,
        "Normalized EBITDA": NaN,
        "Total Unusual Items": -1700000.0,
        "Total Unusual Items Excluding Goodwill": -1700000.0,
        "Net Income From Continuing Operation Net Minority Interest": NaN,
        "Reconciled Depreciation": NaN,
        "Reconciled Cost Of Revenue": NaN,
        "EBITDA": NaN,
        "EBIT": NaN,
        "Net Interest Income": NaN,
        "Interest Expense": NaN,
        "Normalized Income": NaN,
        "Net Income From Continuing And Discontinued Operation": NaN,
        "Total Expenses": NaN,
        "Total Operating Income As Reported": NaN,
        "Diluted Average Shares": NaN,
        "Basic Average Shares": NaN,
        "Diluted EPS": NaN,
        "Basic EPS": NaN,
        "Diluted NI Availto Com Stockholders": NaN,
        "Net Income Common Stockholders": NaN,
        "Net Income": NaN,
        "Minority Interests": NaN,
        "Net Income Including Noncontrolling Interests": NaN,
        "Net Income Continuous Operations": NaN,
        "Tax Provision": NaN,
        "Pretax Income": NaN,
        "Other Income Expense": 100000.0,
        "Other Non Operating Income Expenses": NaN,
        "Special Income Charges": -1700000.0,
        "Other Special Charges": NaN,
        "Restructuring And Mergern Acquisition": 1700000.0,
        "Net Non Operating Interest Income Expense": NaN,
        "Interest Expense Non Operating": NaN,
        "Operating Income": NaN,
        "Operating Expense": NaN,
        "Selling General And Administration": NaN,
        "Gross Profit": NaN,
        "Cost Of Revenue": NaN,
        "Total Revenue": NaN,
        "Operating Revenue": NaN
    },
    "2024-09-30": {
        "Tax Effect Of Unusual Items": 12500.0,
        "Tax Rate For Calcs": 0.0625,
        "Normalized EBITDA": 24400000.0,
        "Total Unusual Items": 200000.0,
        "Total Unusual Items Excluding Goodwill": 200000.0,
        "Net Income From Continuing Operation Net Minority Interest": -6600000.0,
        "Reconciled Depreciation": 19500000.0,
        "Reconciled Cost Of Revenue": 924600000.0,
        "EBITDA": 24600000.0,
        "EBIT": 5100000.0,
        "Net Interest Income": -11500000.0,
        "Interest Expense": 11500000.0,
        "Normalized Income": -6787500.0,
        "Net Income From Continuing And Discontinued Operation": -6600000.0,
        "Total Expenses": 1121500000.0,
        "Total Operating Income As Reported": 5300000.0,
        "Diluted Average Shares": 32746000.0,
        "Basic Average Shares": 32746000.0,
        "Diluted EPS": -0.2,
        "Basic EPS": -0.2,
        "Diluted NI Availto Com Stockholders": -6600000.0,
        "Net Income Common Stockholders": -6600000.0,
        "Net Income": -6600000.0,
        "Minority Interests": -600000.0,
        "Net Income Including Noncontrolling Interests": -6000000.0,
        "Net Income Continuous Operations": -6000000.0,
        "Tax Provision": -400000.0,
        "Pretax Income": -6400000.0,
        "Other Income Expense": NaN,
        "Other Non Operating Income Expenses": -200000.0,
        "Special Income Charges": 200000.0,
        "Other Special Charges": -1300000.0,
        "Restructuring And Mergern Acquisition": 1100000.0,
        "Net Non Operating Interest Income Expense": -11500000.0,
        "Interest Expense Non Operating": 11500000.0,
        "Operating Income": 5100000.0,
        "Operating Expense": 196900000.0,
        "Selling General And Administration": 196900000.0,
        "Gross Profit": 202000000.0,
        "Cost Of Revenue": 924600000.0,
        "Total Revenue": 1126600000.0,
        "Operating Revenue": 1126600000.0
    },
    "2024-12-31": {
        "Tax Effect Of Unusual Items": 0.0,
        "Tax Rate For Calcs": 0.125,
        "Normalized EBITDA": 28000000.0,
        "Total Unusual Items": 0.0,
        "Total Unusual Items Excluding Goodwill": 0.0,
        "Net Income From Continuing Operation Net Minority Interest": -4300000.0,
        "Reconciled Depreciation": 22700000.0,
        "Reconciled Cost Of Revenue": 816300000.0,
        "EBITDA": 28000000.0,
        "EBIT": 5300000.0,
        "Net Interest Income": -10100000.0,
        "Interest Expense": 10100000.0,
        "Normalized Income": -4300000.0,
        "Net Income From Continuing And Discontinued Operation": -4300000.0,
        "Total Expenses": 1004800000.0,
        "Total Operating Income As Reported": 2600000.0,
        "Diluted Average Shares": 31800000.0,
        "Basic Average Shares": 31800000.0,
        "Diluted EPS": -0.13,
        "Basic EPS": -0.13,
        "Diluted NI Availto Com Stockholders": -4300000.0,
        "Net Income Common Stockholders": -4300000.0,
        "Net Income": -4300000.0,
        "Minority Interests": -100000.0,
        "Net Income Including Noncontrolling Interests": -4200000.0,
        "Net Income Continuous Operations": -4200000.0,
        "Tax Provision": -600000.0,
        "Pretax Income": -4800000.0,
        "Other Income Expense": 2700000.0,
        "Other Non Operating Income Expenses": 2700000.0,
        "Special Income Charges": 0.0,
        "Other Special Charges": -300000.0,
        "Restructuring And Mergern Acquisition": 300000.0,
        "Net Non Operating Interest Income Expense": -10100000.0,
        "Interest Expense Non Operating": 10100000.0,
        "Operating Income": 2600000.0,
        "Operating Expense": 188500000.0,
        "Selling General And Administration": 188500000.0,
        "Gross Profit": 191100000.0,
        "Cost Of Revenue": 816300000.0,
        "Total Revenue": 1007400000.0,
        "Operating Revenue": 1007400000.0
    },
    "2025-03-31": {
        "Tax Effect Of Unusual Items": 0.0,
        "Tax Rate For Calcs": 0.232,
        "Normalized EBITDA": 21800000.0,
        "Total Unusual Items": NaN,
        "Total Unusual Items Excluding Goodwill": NaN,
        "Net Income From Continuing Operation Net Minority Interest": -5600000.0,
        "Reconciled Depreciation": 19200000.0,
        "Reconciled Cost Of Revenue": 931300000.0,
        "EBITDA": 21800000.0,
        "EBIT": 2600000.0,
        "Net Interest Income": -9500000.0,
        "Interest Expense": 9500000.0,
        "Normalized Income": -5600000.0,
        "Net Income From Continuing And Discontinued Operation": -5600000.0,
        "Total Expenses": 1133400000.0,
        "Total Operating Income As Reported": 2300000.0,
        "Diluted Average Shares": 31900000.0,
        "Basic Average Shares": 31900000.0,
        "Diluted EPS": -0.18,
        "Basic EPS": -0.18,
        "Diluted NI Availto Com Stockholders": -5600000.0,
        "Net Income Common Stockholders": -5600000.0,
        "Net Income": -5600000.0,
        "Minority Interests": -300000.0,
        "Net Income Including Noncontrolling Interests": -5300000.0,
        "Net Income Continuous Operations": -5300000.0,
        "Tax Provision": -1600000.0,
        "Pretax Income": -6900000.0,
        "Other Income Expense": 300000.0,
        "Other Non Operating Income Expenses": 300000.0,
        "Special Income Charges": NaN,
        "Other Special Charges": NaN,
        "Restructuring And Mergern Acquisition": NaN,
        "Net Non Operating Interest Income Expense": -9500000.0,
        "Interest Expense Non Operating": 9500000.0,
        "Operating Income": 2300000.0,
        "Operating Expense": 202100000.0,
        "Selling General And Administration": 202100000.0,
        "Gross Profit": 204400000.0,
        "Cost Of Revenue": 931300000.0,
        "Total Revenue": 1135700000.0,
        "Operating Revenue": 1135700000.0
    },
    "2025-06-30": {
        "Tax Effect Of Unusual Items": 0.0,
        "Tax Rate For Calcs": 0.21,
        "Normalized EBITDA": 22900000.0,
        "Total Unusual Items": 0.0,
        "Total Unusual Items Excluding Goodwill": 0.0,
        "Net Income From Continuing Operation Net Minority Interest": 1900000.0,
        "Reconciled Depreciation": 19400000.0,
        "Reconciled Cost Of Revenue": 959900000.0,
        "EBITDA": 22900000.0,
        "EBIT": 3500000.0,
        "Net Interest Income": -9800000.0,
        "Interest Expense": 9800000.0,
        "Normalized Income": 1900000.0,
        "Net Income From Continuing And Discontinued Operation": 1900000.0,
        "Total Expenses": 1163500000.0,
        "Total Operating Income As Reported": 5800000.0,
        "Diluted Average Shares": 32351000.0,
        "Basic Average Shares": 32196000.0,
        "Diluted EPS": 0.06,
        "Basic EPS": 0.06,
        "Diluted NI Availto Com Stockholders": 1900000.0,
        "Net Income Common Stockholders": 1900000.0,
        "Net Income": 1900000.0,
        "Minority Interests": -200000.0,
        "Net Income Including Noncontrolling Interests": 2100000.0,
        "Net Income Continuous Operations": 2100000.0,
        "Tax Provision": -8400000.0,
        "Pretax Income": -6300000.0,
        "Other Income Expense": -2300000.0,
        "Other Non Operating Income Expenses": -2300000.0,
        "Special Income Charges": 0.0,
        "Other Special Charges": NaN,
        "Restructuring And Mergern Acquisition": 0.0,
        "Net Non Operating Interest Income Expense": -9800000.0,
        "Interest Expense Non Operating": 9800000.0,
        "Operating Income": 5800000.0,
        "Operating Expense": 203600000.0,
        "Selling General And Administration": 203600000.0,
        "Gross Profit": 209400000.0,
        "Cost Of Revenue": 959900000.0,
        "Total Revenue": 1169300000.0,
        "Operating Revenue": 1169300000.0
    },
    "2025-09-30": {
        "Tax Effect Of Unusual Items": 0.0,
        "Tax Rate For Calcs": 0.21,
        "Normalized EBITDA": 20000000.0,
        "Total Unusual Items": 0.0,
        "Total Unusual Items Excluding Goodwill": 0.0,
        "Net Income From Continuing Operation Net Minority Interest": -14800000.0,
        "Reconciled Depreciation": 20200000.0,
        "Reconciled Cost Of Revenue": 962000000.0,
        "EBITDA": 20000000.0,
        "EBIT": -200000.0,
        "Net Interest Income": -10100000.0,
        "Interest Expense": 10100000.0,
        "Normalized Income": -14800000.0,
        "Net Income From Continuing And Discontinued Operation": -14800000.0,
        "Total Expenses": 1162500000.0,
        "Total Operating Income As Reported": -1000000.0,
        "Diluted Average Shares": 32199000.0,
        "Basic Average Shares": 32199000.0,
        "Diluted EPS": -0.46,
        "Basic EPS": -0.46,
        "Diluted NI Availto Com Stockholders": -14800000.0,
        "Net Income Common Stockholders": -14800000.0,
        "Net Income": -14800000.0,
        "Minority Interests": -400000.0,
        "Net Income Including Noncontrolling Interests": -14400000.0,
        "Net Income Continuous Operations": -14400000.0,
        "Tax Provision": 4100000.0,
        "Pretax Income": -10300000.0,
        "Other Income Expense": 800000.0,
        "Other Non Operating Income Expenses": 800000.0,
        "Special Income Charges": 0.0,
        "Other Special Charges": NaN,
        "Restructuring And Mergern Acquisition": 0.0,
        "Net Non Operating Interest Income Expense": -10100000.0,
        "Interest Expense Non Operating": 10100000.0,
        "Operating Income": -1000000.0,
        "Operating Expense": 200500000.0,
        "Selling General And Administration": 200500000.0,
        "Gross Profit": 199500000.0,
        "Cost Of Revenue": 962000000.0,
        "Total Revenue": 1161500000.0,
        "Operating Revenue": 1161500000.0
    }
}