{
    "2023-03-31": {
        "Tax Effect Of Unusual Items": NaN,
        "Tax Rate For Calcs": NaN,
        "Normalized EBITDA": NaN,
        "Total Unusual Items": NaN,
        "Total Unusual Items Excluding Goodwill": NaN,
        "Net Income From Continuing Operation Net Minority Interest": NaN,
        "Reconciled Depreciation": NaN,
        "Reconciled Cost Of Revenue": NaN,
        "EBITDA": NaN,
        "EBIT": NaN,
        "Net Interest Income": NaN,
        "Interest Expense": NaN,
        "Normalized Income": NaN,
        "Net Income From Continuing And Discontinued Operation": NaN,
        "Total Expenses": NaN,
        "Total Operating Income As Reported": NaN,
        "Diluted Average Shares": 328928000.0,
        "Basic Average Shares": 328928000.0,
        "Diluted EPS": -0.32,
        "Basic EPS": -0.32,
        "Diluted NI Availto Com Stockholders": NaN,
        "Net Income Common Stockholders": NaN,
        "Preferred Stock Dividends": 5346000.0,
        "Net Income": NaN,
        "Minority Interests": NaN,
        "Net Income Including Noncontrolling Interests": NaN,
        "Net Income Discontinuous Operations": NaN,
        "Net Income Continuous Operations": NaN,
        "Tax Provision": NaN,
        "Pretax Income": NaN,
        "Other Income Expense": NaN,
        "Other Non Operating Income Expenses": NaN,
        "Special Income Charges": NaN,
        "Other Special Charges": NaN,
        "Earnings From Equity Interest": NaN,
        "Net Non Operating Interest Income Expense": NaN,
        "Interest Expense Non Operating": NaN,
        "Operating Income": NaN,
        "Operating Expense": NaN,
        "Selling General And Administration": NaN,
        "Gross Profit": NaN,
        "Cost Of Revenue": NaN,
        "Total Revenue": NaN,
        "Operating Revenue": NaN
    },
    "2022-12-31": {
        "Tax Effect Of Unusual Items": NaN,
        "Tax Rate For Calcs": NaN,
        "Normalized EBITDA": NaN,
        "Total Unusual Items": NaN,
        "Total Unusual Items Excluding Goodwill": NaN,
        "Net Income From Continuing Operation Net Minority Interest": NaN,
        "Reconciled Depreciation": NaN,
        "Reconciled Cost Of Revenue": NaN,
        "EBITDA": NaN,
        "EBIT": NaN,
        "Net Interest Income": NaN,
        "Interest Expense": NaN,
        "Normalized Income": NaN,
        "Net Income From Continuing And Discontinued Operation": NaN,
        "Total Expenses": NaN,
        "Total Operating Income As Reported": NaN,
        "Diluted Average Shares": 328440000.0,
        "Basic Average Shares": 328440000.0,
        "Diluted EPS": -0.5,
        "Basic EPS": -0.5,
        "Diluted NI Availto Com Stockholders": NaN,
        "Net Income Common Stockholders": NaN,
        "Preferred Stock Dividends": 5346000.0,
        "Net Income": NaN,
        "Minority Interests": NaN,
        "Net Income Including Noncontrolling Interests": NaN,
        "Net Income Discontinuous Operations": NaN,
        "Net Income Continuous Operations": NaN,
        "Tax Provision": NaN,
        "Pretax Income": NaN,
        "Other Income Expense": NaN,
        "Other Non Operating Income Expenses": NaN,
        "Special Income Charges": NaN,
        "Other Special Charges": 940000.0,
        "Earnings From Equity Interest": NaN,
        "Net Non Operating Interest Income Expense": NaN,
        "Interest Expense Non Operating": NaN,
        "Operating Income": NaN,
        "Operating Expense": NaN,
        "Selling General And Administration": NaN,
        "Gross Profit": NaN,
        "Cost Of Revenue": NaN,
        "Total Revenue": NaN,
        "Operating Revenue": NaN
    },
    "2022-09-30": {
        "Tax Effect Of Unusual Items": 0.0,
        "Tax Rate For Calcs": 0.049517,
        "Normalized EBITDA": -20664000.0,
        "Total Unusual Items": 0.0,
        "Total Unusual Items Excluding Goodwill": 0.0,
        "Net Income From Continuing Operation Net Minority Interest": -134930000.0,
        "Reconciled Depreciation": 43359000.0,
        "Reconciled Cost Of Revenue": 547570000.0,
        "EBITDA": -20664000.0,
        "EBIT": -64023000.0,
        "Net Interest Income": -77120000.0,
        "Interest Expense": 77120000.0,
        "Normalized Income": -134930000.0,
        "Net Income From Continuing And Discontinued Operation": -135376000.0,
        "Total Expenses": 719929000.0,
        "Total Operating Income As Reported": -56535000.0,
        "Diluted Average Shares": 328228000.0,
        "Basic Average Shares": 328228000.0,
        "Diluted EPS": -0.43,
        "Basic EPS": -0.43,
        "Diluted NI Availto Com Stockholders": -140722000.0,
        "Net Income Common Stockholders": -140722000.0,
        "Preferred Stock Dividends": 5346000.0,
        "Net Income": -135376000.0,
        "Minority Interests": -776000.0,
        "Net Income Including Noncontrolling Interests": -134600000.0,
        "Net Income Discontinuous Operations": -446000.0,
        "Net Income Continuous Operations": -134154000.0,
        "Tax Provision": -6989000.0,
        "Pretax Income": -141143000.0,
        "Other Income Expense": -7488000.0,
        "Other Non Operating Income Expenses": -7687000.0,
        "Special Income Charges": 0.0,
        "Other Special Charges": NaN,
        "Earnings From Equity Interest": 199000.0,
        "Net Non Operating Interest Income Expense": -77120000.0,
        "Interest Expense Non Operating": 77120000.0,
        "Operating Income": -56535000.0,
        "Operating Expense": 172359000.0,
        "Selling General And Administration": 172359000.0,
        "Gross Profit": 115824000.0,
        "Cost Of Revenue": 547570000.0,
        "Total Revenue": 663394000.0,
        "Operating Revenue": 663394000.0
    },
    "2022-06-30": {
        "Tax Effect Of Unusual Items": 0.0,
        "Tax Rate For Calcs": 0.4,
        "Normalized EBITDA": -64718000.0,
        "Total Unusual Items": 0.0,
        "Total Unusual Items Excluding Goodwill": 0.0,
        "Net Income From Continuing Operation Net Minority Interest": -187103000.0,
        "Reconciled Depreciation": 49226000.0,
        "Reconciled Cost Of Revenue": 551417000.0,
        "EBITDA": -64718000.0,
        "EBIT": -113944000.0,
        "Net Interest Income": -66884000.0,
        "Interest Expense": 66884000.0,
        "Normalized Income": -187103000.0,
        "Net Income From Continuing And Discontinued Operation": -187387000.0,
        "Total Expenses": 727725000.0,
        "Total Operating Income As Reported": -70193000.0,
        "Diluted Average Shares": 326573000.0,
        "Basic Average Shares": 326573000.0,
        "Diluted EPS": -0.59,
        "Basic EPS": -0.59,
        "Diluted NI Availto Com Stockholders": -192734000.0,
        "Net Income Common Stockholders": -192734000.0,
        "Preferred Stock Dividends": 5347000.0,
        "Net Income": -187387000.0,
        "Minority Interests": -885000.0,
        "Net Income Including Noncontrolling Interests": -186502000.0,
        "Net Income Discontinuous Operations": -284000.0,
        "Net Income Continuous Operations": -186218000.0,
        "Tax Provision": 5390000.0,
        "Pretax Income": -180828000.0,
        "Other Income Expense": -43751000.0,
        "Other Non Operating Income Expenses": -43937000.0,
        "Special Income Charges": 0.0,
        "Other Special Charges": NaN,
        "Earnings From Equity Interest": 186000.0,
        "Net Non Operating Interest Income Expense": -66884000.0,
        "Interest Expense Non Operating": 66884000.0,
        "Operating Income": -70193000.0,
        "Operating Expense": 176308000.0,
        "Selling General And Administration": 176308000.0,
        "Gross Profit": 106115000.0,
        "Cost Of Revenue": 551417000.0,
        "Total Revenue": 657532000.0,
        "Operating Revenue": 657532000.0
    },
    "2023-06-30": {
        "Tax Effect Of Unusual Items": NaN,
        "Tax Rate For Calcs": NaN,
        "Normalized EBITDA": NaN,
        "Total Unusual Items": NaN,
        "Total Unusual Items Excluding Goodwill": NaN,
        "Net Income From Continuing Operation Net Minority Interest": NaN,
        "Reconciled Depreciation": NaN,
        "Reconciled Cost Of Revenue": NaN,
        "EBITDA": NaN,
        "EBIT": NaN,
        "Net Interest Income": NaN,
        "Interest Expense": NaN,
        "Normalized Income": NaN,
        "Net Income From Continuing And Discontinued Operation": NaN,
        "Total Expenses": NaN,
        "Total Operating Income As Reported": NaN,
        "Diluted Average Shares": NaN,
        "Basic Average Shares": NaN,
        "Diluted EPS": NaN,
        "Basic EPS": NaN,
        "Diluted NI Availto Com Stockholders": NaN,
        "Net Income Common Stockholders": NaN,
        "Preferred Stock Dividends": 5347000.0,
        "Net Income": NaN,
        "Minority Interests": NaN,
        "Net Income Including Noncontrolling Interests": NaN,
        "Net Income Discontinuous Operations": NaN,
        "Net Income Continuous Operations": NaN,
        "Tax Provision": NaN,
        "Pretax Income": NaN,
        "Other Income Expense": NaN,
        "Other Non Operating Income Expenses": NaN,
        "Special Income Charges": NaN,
        "Other Special Charges": -12543000.0,
        "Earnings From Equity Interest": NaN,
        "Net Non Operating Interest Income Expense": NaN,
        "Interest Expense Non Operating": NaN,
        "Operating Income": NaN,
        "Operating Expense": NaN,
        "Selling General And Administration": NaN,
        "Gross Profit": NaN,
        "Cost Of Revenue": NaN,
        "Total Revenue": NaN,
        "Operating Revenue": NaN
    },
    "2022-03-31": {
        "Diluted EPS": 0.12,
        "Total Revenue": 585,
        "Gross Profit": 88,
        "Operating Income": -80,
        "EBIT": -15,
        "Net Income": 42
    },
    "2021-12-31": {
        "Diluted EPS": -0.58,
        "Total Revenue": 501,
        "Gross Profit": 37,
        "Operating Income": -126,
        "EBIT": -53,
        "Net Income": -192
    },
    "2021-09-30": {
        "Diluted EPS": -0.75,
        "Total Revenue": 441,
        "Gross Profit": 1,
        "Operating Income": -157,
        "EBIT": -74,
        "Net Income": -241
    },
    "2021-06-30": {
        "Diluted EPS": -0.79,
        "Total Revenue": 420,
        "Gross Profit": -21,
        "Operating Income": -180,
        "EBIT": -95,
        "Net Income": -251
    },
    "2021-03-31": {
        "Diluted EPS": -0.84,
        "Total Revenue": 327,
        "Gross Profit": -72,
        "Operating Income": -203,
        "EBIT": -111,
        "Net Income": -266
    },
    "2020-12-31": {
        "Diluted EPS": -1.01,
        "Total Revenue": 314,
        "Gross Profit": -80,
        "Operating Income": -220,
        "EBIT": -114,
        "Net Income": -325
    },
    "2020-09-30": {
        "Diluted EPS": -1.06,
        "Total Revenue": 278,
        "Gross Profit": -113,
        "Operating Income": -233,
        "EBIT": -121,
        "Net Income": -310
    },
    "2020-06-30": {
        "Diluted EPS": -1.6,
        "Total Revenue": 83,
        "Gross Profit": -260,
        "Operating Income": -384,
        "EBIT": -268,
        "Net Income": -443
    },
    "2020-03-31": {
        "Diluted EPS": -0.78,
        "Total Revenue": 659,
        "Gross Profit": 52,
        "Operating Income": -151,
        "EBIT": -36,
        "Net Income": -213
    },
    "2019-12-31": {
        "Diluted EPS": 0.04,
        "Total Revenue": 941,
        "Gross Profit": 223,
        "Operating Income": 58,
        "EBIT": 184,
        "Net Income": 10
    },
    "2019-09-30": {
        "Diluted EPS": 0.23,
        "Total Revenue": 984,
        "Gross Profit": 242,
        "Operating Income": 113,
        "EBIT": 239,
        "Net Income": 64
    },
    "2019-06-30": {
        "Diluted EPS": 0.1,
        "Total Revenue": NaN,
        "Gross Profit": 237,
        "Operating Income": 82,
        "EBIT": 208,
        "Net Income": 28
    },
    "2019-03-31": {
        "Diluted EPS": 0.2,
        "Total Revenue": NaN,
        "Gross Profit": 262,
        "Operating Income": 110,
        "EBIT": 234,
        "Net Income": 57
    },
    "2018-12-31": {
        "Diluted EPS": 0.31,
        "Total Revenue": 924,
        "Gross Profit": 289,
        "Operating Income": 121,
        "EBIT": 248,
        "Net Income": 84
    },
    "2018-09-30": {
        "Diluted EPS": 0.26,
        "Total Revenue": 970,
        "Gross Profit": 267,
        "Operating Income": 137,
        "EBIT": 259,
        "Net Income": 73
    },
    "2018-06-30": {
        "Diluted EPS": 0.33,
        "Total Revenue": 984,
        "Gross Profit": 263,
        "Operating Income": 139,
        "EBIT": 262,
        "Net Income": 92
    },
    "2018-03-31": {
        "Diluted EPS": 0.32,
        "Total Revenue": 988,
        "Gross Profit": 296,
        "Operating Income": 165,
        "EBIT": 288,
        "Net Income": 88
    },
    "2017-12-31": {
        "Diluted EPS": 0.29,
        "Total Revenue": 882,
        "Gross Profit": 251,
        "Operating Income": 135,
        "EBIT": 258,
        "Net Income": 82
    },
    "2017-09-30": {
        "Diluted EPS": 0.33,
        "Total Revenue": 901,
        "Gross Profit": 269,
        "Operating Income": 177,
        "EBIT": 293,
        "Net Income": 91
    },
    "2017-06-30": {
        "Diluted EPS": -0.02,
        "Total Revenue": 901,
        "Gross Profit": 258,
        "Operating Income": 19,
        "EBIT": 129,
        "Net Income": -6
    },
    "2017-03-31": {
        "Diluted EPS": 0.27,
        "Total Revenue": 915,
        "Gross Profit": 308,
        "Operating Income": 163,
        "EBIT": 288,
        "Net Income": 76
    },
    "2016-12-31": {
        "Diluted EPS": 0.1,
        "Total Revenue": 830,
        "Gross Profit": 246,
        "Operating Income": 56,
        "EBIT": 181,
        "Net Income": 25
    },
    "2016-09-30": {
        "Diluted EPS": 0.14,
        "Total Revenue": 839,
        "Gross Profit": 245,
        "Operating Income": 90,
        "EBIT": 219,
        "Net Income": 41
    },
    "2016-06-30": {
        "Diluted EPS": 0.25,
        "Total Revenue": 845,
        "Gross Profit": 289,
        "Operating Income": 142,
        "EBIT": 256,
        "Net Income": 72
    },
    "2016-03-31": {
        "Diluted EPS": 0.37,
        "Total Revenue": 860,
        "Gross Profit": 305,
        "Operating Income": 171,
        "EBIT": 282,
        "Net Income": 105
    },
    "2015-12-31": {
        "Diluted EPS": 0.45,
        "Total Revenue": 758,
        "Gross Profit": 254,
        "Operating Income": 109,
        "EBIT": 220,
        "Net Income": 129
    },
    "2015-09-30": {
        "Diluted EPS": 0.63,
        "Total Revenue": 785,
        "Gross Profit": 275,
        "Operating Income": 109,
        "EBIT": 208,
        "Net Income": 176
    },
    "2015-06-30": {
        "Diluted EPS": 0.12,
        "Total Revenue": 707,
        "Gross Profit": 246,
        "Operating Income": 123,
        "EBIT": 212,
        "Net Income": 32
    },
    "2015-03-31": {
        "Diluted EPS": 0.75,
        "Total Revenue": 710,
        "Gross Profit": 241,
        "Operating Income": 119,
        "EBIT": 222,
        "Net Income": 207
    },
    "2014-12-31": {
        "Diluted EPS": 0.21,
        "Total Revenue": 646,
        "Gross Profit": 219,
        "Operating Income": 104,
        "EBIT": 186,
        "Net Income": 46
    },
    "2014-09-30": {
        "Diluted EPS": 0.13,
        "Total Revenue": 672,
        "Gross Profit": 231,
        "Operating Income": 118,
        "EBIT": 198,
        "Net Income": 37
    },
    "2014-06-30": {
        "Diluted EPS": -0.05,
        "Total Revenue": 646,
        "Gross Profit": 224,
        "Operating Income": 96,
        "EBIT": 180,
        "Net Income": -13
    },
    "2014-03-31": {
        "Diluted EPS": -0.06,
        "Total Revenue": 666,
        "Gross Profit": 214,
        "Operating Income": 104,
        "EBIT": 198,
        "Net Income": -12
    },
    "2013-12-31": {
        "Diluted EPS": 0.09,
        "Total Revenue": 627,
        "Gross Profit": 345,
        "Operating Income": 682,
        "EBIT": 732,
        "Net Income": 27
    },
    "2013-09-30": {
        "Diluted EPS": -0.02,
        "Total Revenue": 776,
        "Gross Profit": 302,
        "Operating Income": 75,
        "EBIT": 162,
        "Net Income": -4
    },
    "2013-06-30": {
        "Diluted EPS": -0.71,
        "Total Revenue": 768,
        "Gross Profit": 301,
        "Operating Income": -47,
        "EBIT": 39,
        "Net Income": -126
    },
    "2013-03-31": {
        "Diluted EPS": -0.14,
        "Total Revenue": 759,
        "Gross Profit": 278,
        "Operating Income": 78,
        "EBIT": 168,
        "Net Income": -25
    },
    "2012-12-31": {
        "Diluted EPS": 0.0,
        "Total Revenue": NaN,
        "Gross Profit": NaN,
        "Operating Income": NaN,
        "EBIT": NaN,
        "Net Income": NaN
    },
    "2011-12-31": {
        "Diluted EPS": 0.0,
        "Total Revenue": NaN,
        "Gross Profit": NaN,
        "Operating Income": NaN,
        "EBIT": NaN,
        "Net Income": NaN
    },
    "2023-09-30": {
        "Tax Effect Of Unusual Items": NaN,
        "Tax Rate For Calcs": NaN,
        "Normalized EBITDA": NaN,
        "Total Unusual Items": NaN,
        "Total Unusual Items Excluding Goodwill": NaN,
        "Net Income From Continuing Operation Net Minority Interest": NaN,
        "Reconciled Depreciation": NaN,
        "Reconciled Cost Of Revenue": NaN,
        "EBITDA": NaN,
        "EBIT": NaN,
        "Net Interest Income": NaN,
        "Interest Expense": NaN,
        "Normalized Income": NaN,
        "Net Income From Continuing And Discontinued Operation": NaN,
        "Total Expenses": NaN,
        "Total Operating Income As Reported": NaN,
        "Diluted Average Shares": NaN,
        "Basic Average Shares": NaN,
        "Diluted EPS": NaN,
        "Basic EPS": NaN,
        "Diluted NI Availto Com Stockholders": NaN,
        "Net Income Common Stockholders": NaN,
        "Otherunder Preferred Stock Dividend": NaN,
        "Preferred Stock Dividends": 3564000.0,
        "Net Income": NaN,
        "Minority Interests": NaN,
        "Net Income Including Noncontrolling Interests": NaN,
        "Net Income Discontinuous Operations": NaN,
        "Net Income Continuous Operations": NaN,
        "Tax Provision": NaN,
        "Pretax Income": NaN,
        "Other Income Expense": NaN,
        "Other Non Operating Income Expenses": NaN,
        "Special Income Charges": NaN,
        "Other Special Charges": 121120000.0,
        "Earnings From Equity Interest": NaN,
        "Net Non Operating Interest Income Expense": NaN,
        "Interest Expense Non Operating": NaN,
        "Operating Income": NaN,
        "Operating Expense": NaN,
        "Selling General And Administration": NaN,
        "Gross Profit": NaN,
        "Cost Of Revenue": NaN,
        "Total Revenue": NaN,
        "Operating Revenue": NaN
    },
    "2023-12-31": {
        "Tax Effect Of Unusual Items": NaN,
        "Tax Rate For Calcs": NaN,
        "Normalized EBITDA": NaN,
        "Total Unusual Items": NaN,
        "Total Unusual Items Excluding Goodwill": NaN,
        "Net Income From Continuing Operation Net Minority Interest": NaN,
        "Reconciled Depreciation": NaN,
        "Reconciled Cost Of Revenue": NaN,
        "EBITDA": NaN,
        "EBIT": NaN,
        "Net Interest Income": NaN,
        "Interest Expense": NaN,
        "Normalized Income": NaN,
        "Net Income From Continuing And Discontinued Operation": NaN,
        "Total Expenses": NaN,
        "Total Operating Income As Reported": NaN,
        "Diluted Average Shares": NaN,
        "Basic Average Shares": NaN,
        "Diluted EPS": NaN,
        "Basic EPS": NaN,
        "Diluted NI Availto Com Stockholders": NaN,
        "Net Income Common Stockholders": NaN,
        "Otherunder Preferred Stock Dividend": NaN,
        "Preferred Stock Dividends": 0.0,
        "Net Income": NaN,
        "Minority Interests": NaN,
        "Net Income Including Noncontrolling Interests": NaN,
        "Net Income Discontinuous Operations": NaN,
        "Net Income Continuous Operations": NaN,
        "Tax Provision": NaN,
        "Pretax Income": NaN,
        "Other Income Expense": NaN,
        "Other Non Operating Income Expenses": NaN,
        "Special Income Charges": NaN,
        "Other Special Charges": 0.0,
        "Earnings From Equity Interest": NaN,
        "Net Non Operating Interest Income Expense": NaN,
        "Interest Expense Non Operating": NaN,
        "Operating Income": NaN,
        "Operating Expense": NaN,
        "Selling General And Administration": NaN,
        "Gross Profit": NaN,
        "Cost Of Revenue": NaN,
        "Total Revenue": NaN,
        "Operating Revenue": NaN
    },
    "2024-03-31": {
        "Tax Effect Of Unusual Items": NaN,
        "Tax Rate For Calcs": NaN,
        "Normalized EBITDA": NaN,
        "Total Unusual Items": NaN,
        "Total Unusual Items Excluding Goodwill": NaN,
        "Net Income From Continuing Operation Net Minority Interest": NaN,
        "Reconciled Depreciation": NaN,
        "Reconciled Cost Of Revenue": NaN,
        "EBITDA": NaN,
        "EBIT": NaN,
        "Net Interest Income": NaN,
        "Interest Expense": NaN,
        "Normalized Income": NaN,
        "Net Income From Continuing And Discontinued Operation": NaN,
        "Total Expenses": NaN,
        "Total Operating Income As Reported": NaN,
        "Diluted Average Shares": NaN,
        "Basic Average Shares": NaN,
        "Diluted EPS": NaN,
        "Basic EPS": NaN,
        "Diluted NI Availto Com Stockholders": NaN,
        "Net Income Common Stockholders": NaN,
        "Otherunder Preferred Stock Dividend": 0.0,
        "Net Income": NaN,
        "Minority Interests": NaN,
        "Net Income Including Noncontrolling Interests": NaN,
        "Net Income Discontinuous Operations": NaN,
        "Net Income Continuous Operations": NaN,
        "Tax Provision": NaN,
        "Pretax Income": NaN,
        "Other Income Expense": NaN,
        "Other Non Operating Income Expenses": NaN,
        "Special Income Charges": NaN,
        "Other Special Charges": 37994000.0,
        "Earnings From Equity Interest": NaN,
        "Net Non Operating Interest Income Expense": NaN,
        "Interest Expense Non Operating": NaN,
        "Operating Income": NaN,
        "Operating Expense": NaN,
        "Selling General And Administration": NaN,
        "Gross Profit": NaN,
        "Cost Of Revenue": NaN,
        "Total Revenue": NaN,
        "Operating Revenue": NaN
    },
    "2024-06-30": {
        "Tax Effect Of Unusual Items": 0.0,
        "Tax Rate For Calcs": 0.21,
        "Normalized EBITDA": 73355000.0,
        "Total Unusual Items": 0.0,
        "Total Unusual Items Excluding Goodwill": 0.0,
        "Net Income From Continuing Operation Net Minority Interest": -70006000.0,
        "Reconciled Depreciation": 20738000.0,
        "Reconciled Cost Of Revenue": 492390000.0,
        "EBITDA": 73355000.0,
        "EBIT": 52617000.0,
        "Net Interest Income": -116428000.0,
        "Interest Expense": 116428000.0,
        "Normalized Income": -70006000.0,
        "Net Income From Continuing And Discontinued Operation": -69760000.0,
        "Total Expenses": 646328000.0,
        "Total Operating Income As Reported": 48722000.0,
        "Diluted Average Shares": 383506000.0,
        "Basic Average Shares": 383506000.0,
        "Diluted EPS": -0.18,
        "Basic EPS": -0.18,
        "Diluted NI Availto Com Stockholders": -69760000.0,
        "Net Income Common Stockholders": -69760000.0,
        "Otherunder Preferred Stock Dividend": NaN,
        "Net Income": -69760000.0,
        "Minority Interests": -275000.0,
        "Net Income Including Noncontrolling Interests": -69485000.0,
        "Net Income Discontinuous Operations": 246000.0,
        "Net Income Continuous Operations": -69731000.0,
        "Tax Provision": 5920000.0,
        "Pretax Income": -63811000.0,
        "Other Income Expense": 3895000.0,
        "Other Non Operating Income Expenses": 3426000.0,
        "Special Income Charges": 0.0,
        "Other Special Charges": NaN,
        "Earnings From Equity Interest": 469000.0,
        "Net Non Operating Interest Income Expense": -116428000.0,
        "Interest Expense Non Operating": 116428000.0,
        "Operating Income": 48722000.0,
        "Operating Expense": 153938000.0,
        "Selling General And Administration": 153938000.0,
        "Gross Profit": 202660000.0,
        "Cost Of Revenue": 492390000.0,
        "Total Revenue": 695050000.0,
        "Operating Revenue": 695050000.0
    },
    "2024-09-30": {
        "Tax Effect Of Unusual Items": 0.0,
        "Tax Rate For Calcs": 0.21,
        "Normalized EBITDA": 114754000.0,
        "Total Unusual Items": 0.0,
        "Total Unusual Items Excluding Goodwill": 0.0,
        "Net Income From Continuing Operation Net Minority Interest": -62818000.0,
        "Reconciled Depreciation": 43318000.0,
        "Reconciled Cost Of Revenue": 533541000.0,
        "EBITDA": 114754000.0,
        "EBIT": 71436000.0,
        "Net Interest Income": -127669000.0,
        "Interest Expense": 127669000.0,
        "Normalized Income": -62818000.0,
        "Net Income From Continuing And Discontinued Operation": -62818000.0,
        "Total Expenses": 694587000.0,
        "Total Operating Income As Reported": 70127000.0,
        "Diluted Average Shares": 385729000.0,
        "Basic Average Shares": 385729000.0,
        "Diluted EPS": -0.16,
        "Basic EPS": -0.16,
        "Diluted NI Availto Com Stockholders": -62818000.0,
        "Net Income Common Stockholders": -62818000.0,
        "Otherunder Preferred Stock Dividend": NaN,
        "Net Income": -62818000.0,
        "Minority Interests": 315000.0,
        "Net Income Including Noncontrolling Interests": -63133000.0,
        "Net Income Discontinuous Operations": 0.0,
        "Net Income Continuous Operations": -63133000.0,
        "Tax Provision": 6900000.0,
        "Pretax Income": -56233000.0,
        "Other Income Expense": 1309000.0,
        "Other Non Operating Income Expenses": 879000.0,
        "Special Income Charges": 0.0,
        "Other Special Charges": NaN,
        "Earnings From Equity Interest": 430000.0,
        "Net Non Operating Interest Income Expense": -127669000.0,
        "Interest Expense Non Operating": 127669000.0,
        "Operating Income": 70127000.0,
        "Operating Expense": 161046000.0,
        "Selling General And Administration": 161046000.0,
        "Gross Profit": 231173000.0,
        "Cost Of Revenue": 533541000.0,
        "Total Revenue": 764714000.0,
        "Operating Revenue": 764714000.0
    },
    "2024-12-31": {
        "Tax Effect Of Unusual Items": 0.0,
        "Tax Rate For Calcs": 0.179285,
        "Normalized EBITDA": 67867000.0,
        "Total Unusual Items": 0.0,
        "Total Unusual Items Excluding Goodwill": 0.0,
        "Net Income From Continuing Operation Net Minority Interest": -74698000.0,
        "Reconciled Depreciation": 31269000.0,
        "Reconciled Cost Of Revenue": 503062000.0,
        "EBITDA": 67867000.0,
        "EBIT": 36598000.0,
        "Net Interest Income": -127933000.0,
        "Interest Expense": 127933000.0,
        "Normalized Income": -74698000.0,
        "Net Income From Continuing And Discontinued Operation": -74698000.0,
        "Total Expenses": 657633000.0,
        "Total Operating Income As Reported": 57091000.0,
        "Diluted Average Shares": 385880000.0,
        "Basic Average Shares": 385880000.0,
        "Diluted EPS": -0.19,
        "Basic EPS": -0.19,
        "Diluted NI Availto Com Stockholders": -74698000.0,
        "Net Income Common Stockholders": -74698000.0,
        "Otherunder Preferred Stock Dividend": NaN,
        "Net Income": -74698000.0,
        "Minority Interests": 262000.0,
        "Net Income Including Noncontrolling Interests": -74960000.0,
        "Net Income Discontinuous Operations": 0.0,
        "Net Income Continuous Operations": -74960000.0,
        "Tax Provision": -16375000.0,
        "Pretax Income": -91335000.0,
        "Other Income Expense": -20493000.0,
        "Other Non Operating Income Expenses": -21240000.0,
        "Special Income Charges": 0.0,
        "Other Special Charges": 0.0,
        "Earnings From Equity Interest": 747000.0,
        "Net Non Operating Interest Income Expense": -127933000.0,
        "Interest Expense Non Operating": 127933000.0,
        "Operating Income": 57091000.0,
        "Operating Expense": 154571000.0,
        "Selling General And Administration": 154571000.0,
        "Gross Profit": 211662000.0,
        "Cost Of Revenue": 503062000.0,
        "Total Revenue": 714724000.0,
        "Operating Revenue": 714724000.0
    },
    "2025-03-31": {
        "Tax Effect Of Unusual Items": 0.0,
        "Tax Rate For Calcs": 0.21,
        "Normalized EBITDA": 137625000.0,
        "Total Unusual Items": 0.0,
        "Total Unusual Items Excluding Goodwill": 0.0,
        "Net Income From Continuing Operation Net Minority Interest": 35335000.0,
        "Reconciled Depreciation": 29786000.0,
        "Reconciled Cost Of Revenue": 529937000.0,
        "EBITDA": 137625000.0,
        "EBIT": 107839000.0,
        "Net Interest Income": -129353000.0,
        "Interest Expense": 129353000.0,
        "Normalized Income": 35335000.0,
        "Net Income From Continuing And Discontinued Operation": 35335000.0,
        "Total Expenses": 673219000.0,
        "Total Operating Income As Reported": 103398000.0,
        "Diluted Average Shares": 455260000.0,
        "Basic Average Shares": 386271000.0,
        "Diluted EPS": 0.09,
        "Basic EPS": 0.09,
        "Diluted NI Availto Com Stockholders": 39538000.0,
        "Net Income Common Stockholders": 39538000.0,
        "Otherunder Preferred Stock Dividend": -4203000.0,
        "Net Income": 35335000.0,
        "Minority Interests": -213000.0,
        "Net Income Including Noncontrolling Interests": 35548000.0,
        "Net Income Discontinuous Operations": 0.0,
        "Net Income Continuous Operations": 35548000.0,
        "Tax Provision": -57062000.0,
        "Pretax Income": -21514000.0,
        "Other Income Expense": 4441000.0,
        "Other Non Operating Income Expenses": 3776000.0,
        "Special Income Charges": 0.0,
        "Other Special Charges": NaN,
        "Earnings From Equity Interest": 665000.0,
        "Net Non Operating Interest Income Expense": -129353000.0,
        "Interest Expense Non Operating": 129353000.0,
        "Operating Income": 103398000.0,
        "Operating Expense": 143282000.0,
        "Selling General And Administration": 143282000.0,
        "Gross Profit": 246680000.0,
        "Cost Of Revenue": 529937000.0,
        "Total Revenue": 776617000.0,
        "Operating Revenue": 776617000.0
    },
    "2025-06-30": {
        "Tax Effect Of Unusual Items": -17888220.0,
        "Tax Rate For Calcs": 0.21,
        "Normalized EBITDA": 107856000.0,
        "Total Unusual Items": -85182000.0,
        "Total Unusual Items Excluding Goodwill": -85182000.0,
        "Net Income From Continuing Operation Net Minority Interest": -200850000.0,
        "Reconciled Depreciation": 21186000.0,
        "Reconciled Cost Of Revenue": 468848000.0,
        "EBITDA": 22674000.0,
        "EBIT": 1488000.0,
        "Net Interest Income": -111244000.0,
        "Interest Expense": 111244000.0,
        "Normalized Income": -133556220.0,
        "Net Income From Continuing And Discontinued Operation": -256364000.0,
        "Total Expenses": 598015000.0,
        "Total Operating Income As Reported": 89134000.0,
        "Diluted Average Shares": 390905000.0,
        "Basic Average Shares": 390905000.0,
        "Diluted EPS": -0.65,
        "Basic EPS": -0.65,
        "Diluted NI Availto Com Stockholders": -256364000.0,
        "Net Income Common Stockholders": -256364000.0,
        "Otherunder Preferred Stock Dividend": NaN,
        "Net Income": -256364000.0,
        "Minority Interests": 168000.0,
        "Net Income Including Noncontrolling Interests": -256532000.0,
        "Net Income Discontinuous Operations": -55514000.0,
        "Net Income Continuous Operations": -201018000.0,
        "Tax Provision": 91262000.0,
        "Pretax Income": -109756000.0,
        "Other Income Expense": -87646000.0,
        "Other Non Operating Income Expenses": -3202000.0,
        "Special Income Charges": -85182000.0,
        "Other Special Charges": 85182000.0,
        "Earnings From Equity Interest": 738000.0,
        "Net Non Operating Interest Income Expense": -111244000.0,
        "Interest Expense Non Operating": 111244000.0,
        "Operating Income": 89134000.0,
        "Operating Expense": 129167000.0,
        "Selling General And Administration": 129167000.0,
        "Gross Profit": 218301000.0,
        "Cost Of Revenue": 468848000.0,
        "Total Revenue": 687149000.0,
        "Operating Revenue": 687149000.0
    }
}