{
    "2023-06-30": {
        "Tax Effect Of Unusual Items": 0.0,
        "Tax Rate For Calcs": 0.247,
        "Normalized EBITDA": 166390000.0,
        "Net Income From Continuing Operation Net Minority Interest": 91319000.0,
        "Reconciled Depreciation": 44658000.0,
        "Reconciled Cost Of Revenue": 539807000.0,
        "EBITDA": 166390000.0,
        "EBIT": 121732000.0,
        "Net Interest Income": 29000.0,
        "Interest Expense": 458000.0,
        "Interest Income": 487000.0,
        "Normalized Income": 91319000.0,
        "Net Income From Continuing And Discontinued Operation": 91319000.0,
        "Total Expenses": 574367000.0,
        "Total Operating Income As Reported": 120255000.0,
        "Diluted Average Shares": 26736000.0,
        "Basic Average Shares": 26634000.0,
        "Diluted EPS": 3.42,
        "Basic EPS": 3.43,
        "Diluted NI Availto Com Stockholders": 91319000.0,
        "Net Income Common Stockholders": 91319000.0,
        "Net Income": 91319000.0,
        "Net Income Including Noncontrolling Interests": 91319000.0,
        "Net Income Continuous Operations": 91319000.0,
        "Tax Provision": 29955000.0,
        "Pretax Income": 121274000.0,
        "Other Income Expense": 990000.0,
        "Other Non Operating Income Expenses": 990000.0,
        "Net Non Operating Interest Income Expense": 29000.0,
        "Interest Expense Non Operating": 458000.0,
        "Interest Income Non Operating": 487000.0,
        "Operating Income": 120255000.0,
        "Operating Expense": 34560000.0,
        "Other Operating Expenses": 147000.0,
        "Other Taxes": 17457000.0,
        "Selling General And Administration": 16956000.0,
        "General And Administrative Expense": 16956000.0,
        "Insurance And Claims": 16956000.0,
        "Gross Profit": 154815000.0,
        "Cost Of Revenue": 539807000.0,
        "Total Revenue": 694622000.0,
        "Operating Revenue": 694622000.0
    },
    "2023-03-31": {
        "Tax Effect Of Unusual Items": 0.0,
        "Tax Rate For Calcs": 0.232,
        "Normalized EBITDA": 142666000.0,
        "Net Income From Continuing Operation Net Minority Interest": 76097000.0,
        "Reconciled Depreciation": 42880000.0,
        "Reconciled Cost Of Revenue": 530188000.0,
        "EBITDA": 142666000.0,
        "EBIT": 99786000.0,
        "Net Interest Income": -548000.0,
        "Interest Expense": 688000.0,
        "Interest Income": 140000.0,
        "Normalized Income": 76097000.0,
        "Net Income From Continuing And Discontinued Operation": 76097000.0,
        "Total Expenses": 561392000.0,
        "Total Operating Income As Reported": 99143000.0,
        "Diluted Average Shares": 26702000.0,
        "Basic Average Shares": 26600000.0,
        "Diluted EPS": 2.85,
        "Basic EPS": 2.86,
        "Diluted NI Availto Com Stockholders": 76097000.0,
        "Net Income Common Stockholders": 76097000.0,
        "Net Income": 76097000.0,
        "Net Income Including Noncontrolling Interests": 76097000.0,
        "Net Income Continuous Operations": 76097000.0,
        "Tax Provision": 23001000.0,
        "Pretax Income": 99098000.0,
        "Other Income Expense": 503000.0,
        "Other Non Operating Income Expenses": 503000.0,
        "Net Non Operating Interest Income Expense": -548000.0,
        "Interest Expense Non Operating": 688000.0,
        "Interest Income Non Operating": 140000.0,
        "Operating Income": 99143000.0,
        "Operating Expense": 31204000.0,
        "Other Operating Expenses": 80000.0,
        "Other Taxes": 17065000.0,
        "Selling General And Administration": 14059000.0,
        "General And Administrative Expense": 14059000.0,
        "Insurance And Claims": 14059000.0,
        "Gross Profit": 130347000.0,
        "Cost Of Revenue": 530188000.0,
        "Total Revenue": 660535000.0,
        "Operating Revenue": 660535000.0
    },
    "2022-12-31": {
        "Tax Effect Of Unusual Items": 0.0,
        "Tax Rate For Calcs": 0.2402,
        "Normalized EBITDA": 133559000.0,
        "Net Income From Continuing Operation Net Minority Interest": 70862000.0,
        "Reconciled Depreciation": 39625000.0,
        "Reconciled Cost Of Revenue": 532473000.0,
        "EBITDA": 133559000.0,
        "EBIT": 93934000.0,
        "Net Interest Income": -670000.0,
        "Interest Expense": 670000.0,
        "Interest Income": NaN,
        "Normalized Income": 70862000.0,
        "Net Income From Continuing And Discontinued Operation": 70862000.0,
        "Total Expenses": 563195000.0,
        "Total Operating Income As Reported": 92691000.0,
        "Diluted Average Shares": 26691000.0,
        "Basic Average Shares": 26561000.0,
        "Diluted EPS": 2.65,
        "Basic EPS": 2.67,
        "Diluted NI Availto Com Stockholders": 70862000.0,
        "Net Income Common Stockholders": 70862000.0,
        "Net Income": 70862000.0,
        "Net Income Including Noncontrolling Interests": 70862000.0,
        "Net Income Continuous Operations": 70862000.0,
        "Tax Provision": 22402000.0,
        "Pretax Income": 93264000.0,
        "Other Income Expense": 1403000.0,
        "Other Non Operating Income Expenses": 1243000.0,
        "Net Non Operating Interest Income Expense": -670000.0,
        "Interest Expense Non Operating": 670000.0,
        "Interest Income Non Operating": NaN,
        "Operating Income": 92531000.0,
        "Operating Expense": 30722000.0,
        "Other Operating Expenses": NaN,
        "Other Taxes": 15011000.0,
        "Selling General And Administration": 15661000.0,
        "General And Administrative Expense": 15661000.0,
        "Insurance And Claims": 15661000.0,
        "Gross Profit": 123253000.0,
        "Cost Of Revenue": 532473000.0,
        "Total Revenue": 655726000.0,
        "Operating Revenue": 655726000.0
    },
    "2022-09-30": {
        "Tax Effect Of Unusual Items": NaN,
        "Tax Rate For Calcs": NaN,
        "Normalized EBITDA": NaN,
        "Total Unusual Items": -115000.0,
        "Total Unusual Items Excluding Goodwill": -115000.0,
        "Net Income From Continuing Operation Net Minority Interest": NaN,
        "Reconciled Depreciation": NaN,
        "Reconciled Cost Of Revenue": NaN,
        "EBITDA": NaN,
        "EBIT": NaN,
        "Net Interest Income": NaN,
        "Interest Expense": NaN,
        "Interest Income": NaN,
        "Normalized Income": NaN,
        "Net Income From Continuing And Discontinued Operation": NaN,
        "Total Expenses": NaN,
        "Total Operating Income As Reported": NaN,
        "Diluted Average Shares": NaN,
        "Basic Average Shares": NaN,
        "Diluted EPS": NaN,
        "Basic EPS": NaN,
        "Diluted NI Availto Com Stockholders": NaN,
        "Net Income Common Stockholders": NaN,
        "Net Income": NaN,
        "Net Income Including Noncontrolling Interests": NaN,
        "Net Income Continuous Operations": NaN,
        "Tax Provision": NaN,
        "Pretax Income": NaN,
        "Other Income Expense": NaN,
        "Other Non Operating Income Expenses": NaN,
        "Special Income Charges": -115000.0,
        "Gain On Sale Of Ppe": -115000.0,
        "Net Non Operating Interest Income Expense": NaN,
        "Interest Expense Non Operating": NaN,
        "Interest Income Non Operating": NaN,
        "Operating Income": NaN,
        "Operating Expense": NaN,
        "Other Operating Expenses": NaN,
        "Other Taxes": NaN,
        "Selling General And Administration": NaN,
        "General And Administrative Expense": NaN,
        "Insurance And Claims": NaN,
        "Gross Profit": NaN,
        "Cost Of Revenue": NaN,
        "Total Revenue": NaN,
        "Operating Revenue": NaN
    },
    "2022-06-30": {
        "Tax Effect Of Unusual Items": -5124.0,
        "Tax Rate For Calcs": 0.244,
        "Normalized EBITDA": 182189000.0,
        "Total Unusual Items": -21000.0,
        "Total Unusual Items Excluding Goodwill": -21000.0,
        "Net Income From Continuing Operation Net Minority Interest": 109245000.0,
        "Reconciled Depreciation": 36944000.0,
        "Reconciled Cost Of Revenue": 569345000.0,
        "EBITDA": 182168000.0,
        "EBIT": 145224000.0,
        "Net Interest Income": -668000.0,
        "Interest Expense": 668000.0,
        "Interest Income": NaN,
        "Normalized Income": 109260876.0,
        "Net Income From Continuing And Discontinued Operation": 109245000.0,
        "Total Expenses": 599540000.0,
        "Total Operating Income As Reported": 145993000.0,
        "Diluted Average Shares": 26665000.0,
        "Basic Average Shares": 26507000.0,
        "Diluted EPS": 4.1,
        "Basic EPS": 4.12,
        "Diluted NI Availto Com Stockholders": 109245000.0,
        "Net Income Common Stockholders": 109245000.0,
        "Net Income": 109245000.0,
        "Net Income Including Noncontrolling Interests": 109245000.0,
        "Net Income Continuous Operations": 109245000.0,
        "Tax Provision": 35311000.0,
        "Pretax Income": 144556000.0,
        "Other Income Expense": -790000.0,
        "Other Non Operating Income Expenses": -769000.0,
        "Special Income Charges": -21000.0,
        "Gain On Sale Of Ppe": -21000.0,
        "Net Non Operating Interest Income Expense": -668000.0,
        "Interest Expense Non Operating": 668000.0,
        "Interest Income Non Operating": NaN,
        "Operating Income": 146014000.0,
        "Operating Expense": 30195000.0,
        "Other Operating Expenses": NaN,
        "Other Taxes": 15979000.0,
        "Selling General And Administration": 14216000.0,
        "General And Administrative Expense": 14216000.0,
        "Insurance And Claims": 14216000.0,
        "Gross Profit": 176209000.0,
        "Cost Of Revenue": 569345000.0,
        "Total Revenue": 745554000.0,
        "Operating Revenue": 745554000.0
    },
    "2022-03-31": {
        "Diluted EPS": 2.98,
        "Total Revenue": 661,
        "Gross Profit": 460,
        "Operating Income": 103,
        "EBIT": 143,
        "Net Income": 79
    },
    "2021-12-31": {
        "Diluted EPS": 2.76,
        "Total Revenue": 617,
        "Gross Profit": 440,
        "Operating Income": 97,
        "EBIT": 133,
        "Net Income": 74
    },
    "2021-09-30": {
        "Diluted EPS": 2.98,
        "Total Revenue": 616,
        "Gross Profit": 445,
        "Operating Income": 106,
        "EBIT": 142,
        "Net Income": 80
    },
    "2021-06-30": {
        "Diluted EPS": 2.34,
        "Total Revenue": 571,
        "Gross Profit": 418,
        "Operating Income": 83,
        "EBIT": 118,
        "Net Income": 62
    },
    "2021-03-31": {
        "Diluted EPS": 1.4,
        "Total Revenue": 484,
        "Gross Profit": 354,
        "Operating Income": 49,
        "EBIT": 84,
        "Net Income": 37
    },
    "2020-12-31": {
        "Diluted EPS": 1.51,
        "Total Revenue": 476,
        "Gross Profit": 355,
        "Operating Income": 51,
        "EBIT": 85,
        "Net Income": 40
    },
    "2020-09-30": {
        "Diluted EPS": 1.56,
        "Total Revenue": 481,
        "Gross Profit": 367,
        "Operating Income": 55,
        "EBIT": 89,
        "Net Income": 42
    },
    "2020-06-30": {
        "Diluted EPS": 1.07,
        "Total Revenue": 418,
        "Gross Profit": 326,
        "Operating Income": 36,
        "EBIT": 69,
        "Net Income": 28
    },
    "2020-03-31": {
        "Diluted EPS": 1.06,
        "Total Revenue": 446,
        "Gross Profit": 333,
        "Operating Income": 39,
        "EBIT": 71,
        "Net Income": 28
    },
    "2019-12-31": {
        "Diluted EPS": 0.8,
        "Total Revenue": 443,
        "Gross Profit": 325,
        "Operating Income": 27,
        "EBIT": 59,
        "Net Income": 21
    },
    "2019-09-30": {
        "Diluted EPS": 1.25,
        "Total Revenue": 469,
        "Gross Profit": 349,
        "Operating Income": 45,
        "EBIT": 77,
        "Net Income": 33
    },
    "2019-06-30": {
        "Diluted EPS": 1.4,
        "Total Revenue": 464,
        "Gross Profit": 345,
        "Operating Income": 51,
        "EBIT": 80,
        "Net Income": 37
    },
    "2019-03-31": {
        "Diluted EPS": 0.85,
        "Total Revenue": 411,
        "Gross Profit": 299,
        "Operating Income": 29,
        "EBIT": 55,
        "Net Income": 22
    },
    "2018-12-31": {
        "Diluted EPS": 0.97,
        "Total Revenue": 407,
        "Gross Profit": 298,
        "Operating Income": 33,
        "EBIT": 61,
        "Net Income": 25
    },
    "2018-09-30": {
        "Diluted EPS": 1.07,
        "Total Revenue": 426,
        "Gross Profit": 313,
        "Operating Income": 39,
        "EBIT": 65,
        "Net Income": 28
    },
    "2018-06-30": {
        "Diluted EPS": 1.15,
        "Total Revenue": 429,
        "Gross Profit": 310,
        "Operating Income": 42,
        "EBIT": 67,
        "Net Income": 30
    },
    "2018-03-31": {
        "Diluted EPS": 0.8,
        "Total Revenue": 393,
        "Gross Profit": 284,
        "Operating Income": 28,
        "EBIT": 51,
        "Net Income": 21
    },
    "2017-12-31": {
        "Diluted EPS": 1.82,
        "Total Revenue": 360,
        "Gross Profit": 261,
        "Operating Income": 23,
        "EBIT": 45,
        "Net Income": 48
    },
    "2017-09-30": {
        "Diluted EPS": 0.55,
        "Total Revenue": 357,
        "Gross Profit": 260,
        "Operating Income": 25,
        "EBIT": 47,
        "Net Income": 14
    },
    "2017-06-30": {
        "Diluted EPS": 0.68,
        "Total Revenue": 364,
        "Gross Profit": 270,
        "Operating Income": 30,
        "EBIT": 52,
        "Net Income": 18
    },
    "2017-03-31": {
        "Diluted EPS": 0.44,
        "Total Revenue": 323,
        "Gross Profit": 238,
        "Operating Income": 18,
        "EBIT": 38,
        "Net Income": 11
    },
    "2016-12-31": {
        "Diluted EPS": 0.39,
        "Total Revenue": 332,
        "Gross Profit": 228,
        "Operating Income": 17,
        "EBIT": 37,
        "Net Income": 10
    },
    "2016-09-30": {
        "Diluted EPS": 0.54,
        "Total Revenue": 316,
        "Gross Profit": 241,
        "Operating Income": 23,
        "EBIT": 43,
        "Net Income": 14
    },
    "2016-06-30": {
        "Diluted EPS": 0.52,
        "Total Revenue": 312,
        "Gross Profit": 239,
        "Operating Income": 22,
        "EBIT": 41,
        "Net Income": 13
    },
    "2016-03-31": {
        "Diluted EPS": 0.42,
        "Total Revenue": 290,
        "Gross Profit": 223,
        "Operating Income": 18,
        "EBIT": 35,
        "Net Income": 11
    },
    "2015-12-31": {
        "Diluted EPS": 0.46,
        "Total Revenue": 288,
        "Gross Profit": 214,
        "Operating Income": 18,
        "EBIT": 34,
        "Net Income": 11
    },
    "2015-09-30": {
        "Diluted EPS": 0.46,
        "Total Revenue": 317,
        "Gross Profit": 233,
        "Operating Income": 20,
        "EBIT": 37,
        "Net Income": 12
    },
    "2015-06-30": {
        "Diluted EPS": 0.75,
        "Total Revenue": 323,
        "Gross Profit": 234,
        "Operating Income": 31,
        "EBIT": 48,
        "Net Income": 19
    },
    "2015-03-31": {
        "Diluted EPS": 0.49,
        "Total Revenue": 293,
        "Gross Profit": 208,
        "Operating Income": 21,
        "EBIT": 36,
        "Net Income": 13
    },
    "2014-12-31": {
        "Diluted EPS": 0.53,
        "Total Revenue": 310,
        "Gross Profit": 214,
        "Operating Income": 21,
        "EBIT": 35,
        "Net Income": 14
    },
    "2014-09-30": {
        "Diluted EPS": 0.64,
        "Total Revenue": 333,
        "Gross Profit": 225,
        "Operating Income": 27,
        "EBIT": 42,
        "Net Income": 16
    },
    "2014-06-30": {
        "Diluted EPS": 0.53,
        "Total Revenue": 330,
        "Gross Profit": 221,
        "Operating Income": 23,
        "EBIT": 38,
        "Net Income": 14
    },
    "2014-03-31": {
        "Diluted EPS": 0.34,
        "Total Revenue": 300,
        "Gross Profit": 198,
        "Operating Income": 15,
        "EBIT": 29,
        "Net Income": 9
    },
    "2013-12-31": {
        "Diluted EPS": 0.31,
        "Total Revenue": 280,
        "Gross Profit": 188,
        "Operating Income": 15,
        "EBIT": 28,
        "Net Income": 8
    },
    "2013-09-30": {
        "Diluted EPS": 0.51,
        "Total Revenue": 293,
        "Gross Profit": 198,
        "Operating Income": 22,
        "EBIT": 36,
        "Net Income": 13
    },
    "2013-06-30": {
        "Diluted EPS": 0.54,
        "Total Revenue": 293,
        "Gross Profit": 195,
        "Operating Income": 23,
        "EBIT": 36,
        "Net Income": 14
    },
    "2013-03-31": {
        "Diluted EPS": 0.37,
        "Total Revenue": 274,
        "Gross Profit": 178,
        "Operating Income": 15,
        "EBIT": 26,
        "Net Income": 9
    },
    "2012-12-31": {
        "Diluted EPS": 0.21,
        "Total Revenue": 264,
        "Gross Profit": 174,
        "Operating Income": 10,
        "EBIT": 22,
        "Net Income": 5
    },
    "2012-09-30": {
        "Diluted EPS": 0.37,
        "Total Revenue": 278,
        "Gross Profit": 183,
        "Operating Income": 16,
        "EBIT": 29,
        "Net Income": 9
    },
    "2012-06-30": {
        "Diluted EPS": 0.48,
        "Total Revenue": 288,
        "Gross Profit": 189,
        "Operating Income": 21,
        "EBIT": 33,
        "Net Income": 12
    },
    "2012-03-31": {
        "Diluted EPS": 0.23,
        "Total Revenue": 269,
        "Gross Profit": 170,
        "Operating Income": 11,
        "EBIT": 22,
        "Net Income": 6
    },
    "2011-12-31": {
        "Diluted EPS": 0.1,
        "Total Revenue": 253,
        "Gross Profit": 163,
        "Operating Income": 6,
        "EBIT": 16,
        "Net Income": 2
    },
    "2011-09-30": {
        "Diluted EPS": 0.2,
        "Total Revenue": 268,
        "Gross Profit": 169,
        "Operating Income": 10,
        "EBIT": 19,
        "Net Income": 5
    },
    "2011-06-30": {
        "Diluted EPS": 0.14,
        "Total Revenue": 266,
        "Gross Profit": 165,
        "Operating Income": 8,
        "EBIT": 17,
        "Net Income": 3
    },
    "2011-03-31": {
        "Diluted EPS": 0.03,
        "Total Revenue": 243,
        "Gross Profit": 152,
        "Operating Income": 4,
        "EBIT": 13,
        "Net Income": 1
    },
    "2010-12-31": {
        "Diluted EPS": 0.03,
        "Total Revenue": 224,
        "Gross Profit": 144,
        "Operating Income": -452,
        "EBIT": -443,
        "Net Income": 1
    },
    "2010-09-30": {
        "Diluted EPS": 0.11,
        "Total Revenue": 235,
        "Gross Profit": 154,
        "Operating Income": 235,
        "EBIT": 244,
        "Net Income": 2
    },
    "2010-06-30": {
        "Diluted EPS": 0.08,
        "Total Revenue": 231,
        "Gross Profit": 151,
        "Operating Income": 231,
        "EBIT": 241,
        "Net Income": 2
    },
    "2010-03-31": {
        "Diluted EPS": -0.14,
        "Total Revenue": 212,
        "Gross Profit": 139,
        "Operating Income": -2,
        "EBIT": 7,
        "Net Income": -3
    },
    "2009-12-31": {
        "Diluted EPS": -0.15,
        "Total Revenue": 202,
        "Gross Profit": 135,
        "Operating Income": -4,
        "EBIT": 6,
        "Net Income": -3
    },
    "2009-09-30": {
        "Diluted EPS": 0.16,
        "Total Revenue": 222,
        "Gross Profit": 152,
        "Operating Income": 8,
        "EBIT": 18,
        "Net Income": 3
    },
    "2009-06-30": {
        "Diluted EPS": -0.09,
        "Total Revenue": 218,
        "Gross Profit": 153,
        "Operating Income": 0,
        "EBIT": 9,
        "Net Income": -2
    },
    "2009-03-31": {
        "Diluted EPS": -0.31,
        "Total Revenue": 206,
        "Gross Profit": 147,
        "Operating Income": -7,
        "EBIT": 3,
        "Net Income": -6
    },
    "2023-09-30": {
        "Tax Effect Of Unusual Items": 0.0,
        "Tax Rate For Calcs": 0.246,
        "Normalized EBITDA": 176319000.0,
        "Net Income From Continuing Operation Net Minority Interest": 98213000.0,
        "Reconciled Depreciation": 45618000.0,
        "Reconciled Cost Of Revenue": 611251000.0,
        "EBITDA": 176319000.0,
        "EBIT": 130701000.0,
        "Net Interest Income": 1969000.0,
        "Interest Expense": 454000.0,
        "Interest Income": 2423000.0,
        "Normalized Income": 98213000.0,
        "Net Income From Continuing And Discontinued Operation": 98213000.0,
        "Total Expenses": 646709000.0,
        "Total Operating Income As Reported": 128435000.0,
        "Diluted Average Shares": 26779000.0,
        "Basic Average Shares": 26644000.0,
        "Diluted EPS": 3.67,
        "Basic EPS": 3.69,
        "Diluted NI Availto Com Stockholders": 98213000.0,
        "Net Income Common Stockholders": 98213000.0,
        "Net Income": 98213000.0,
        "Net Income Including Noncontrolling Interests": 98213000.0,
        "Net Income Continuous Operations": 98213000.0,
        "Tax Provision": 32034000.0,
        "Pretax Income": 130247000.0,
        "Other Income Expense": -157000.0,
        "Other Non Operating Income Expenses": -157000.0,
        "Net Non Operating Interest Income Expense": 1969000.0,
        "Interest Expense Non Operating": 454000.0,
        "Interest Income Non Operating": 2423000.0,
        "Operating Income": 128435000.0,
        "Operating Expense": 35458000.0,
        "Other Operating Expenses": 416000.0,
        "Other Taxes": 17018000.0,
        "Selling General And Administration": 18024000.0,
        "General And Administrative Expense": 18024000.0,
        "Insurance And Claims": 18024000.0,
        "Gross Profit": 163893000.0,
        "Cost Of Revenue": 611251000.0,
        "Total Revenue": 775144000.0,
        "Operating Revenue": 775144000.0
    },
    "2023-12-31": {
        "Tax Effect Of Unusual Items": 0.0,
        "Tax Rate For Calcs": 0.228185,
        "Normalized EBITDA": 162232000.0,
        "Net Income From Continuing Operation Net Minority Interest": 89228000.0,
        "Reconciled Depreciation": 45689000.0,
        "Reconciled Cost Of Revenue": 601255000.0,
        "EBITDA": 162232000.0,
        "EBIT": 116543000.0,
        "Net Interest Income": 2223000.0,
        "Interest Expense": 935000.0,
        "Interest Income": 3158000.0,
        "Normalized Income": 89228000.0,
        "Net Income From Continuing And Discontinued Operation": 89228000.0,
        "Total Expenses": 638469000.0,
        "Total Operating Income As Reported": 112663000.0,
        "Diluted Average Shares": 26785000.0,
        "Basic Average Shares": 26648000.0,
        "Diluted EPS": 3.33,
        "Basic EPS": 3.35,
        "Diluted NI Availto Com Stockholders": 89228000.0,
        "Net Income Common Stockholders": 89228000.0,
        "Net Income": 89228000.0,
        "Net Income Including Noncontrolling Interests": 89228000.0,
        "Net Income Continuous Operations": 89228000.0,
        "Tax Provision": 26380000.0,
        "Pretax Income": 115608000.0,
        "Other Income Expense": 722000.0,
        "Other Non Operating Income Expenses": 722000.0,
        "Net Non Operating Interest Income Expense": 2223000.0,
        "Interest Expense Non Operating": 935000.0,
        "Interest Income Non Operating": 3158000.0,
        "Operating Income": 112663000.0,
        "Operating Expense": 37214000.0,
        "Other Operating Expenses": 267000.0,
        "Other Taxes": 18002000.0,
        "Selling General And Administration": 18945000.0,
        "General And Administrative Expense": 18945000.0,
        "Insurance And Claims": 18945000.0,
        "Gross Profit": 149877000.0,
        "Cost Of Revenue": 601255000.0,
        "Total Revenue": 751132000.0,
        "Operating Revenue": 751132000.0
    },
    "2024-03-31": {
        "Tax Effect Of Unusual Items": 0.0,
        "Tax Rate For Calcs": 0.237,
        "Normalized EBITDA": 168304000.0,
        "Net Income From Continuing Operation Net Minority Interest": 90695000.0,
        "Reconciled Depreciation": 48849000.0,
        "Reconciled Cost Of Revenue": 599394000.0,
        "EBITDA": 168304000.0,
        "EBIT": 119455000.0,
        "Net Interest Income": 213000.0,
        "Interest Expense": 542000.0,
        "Interest Income": 755000.0,
        "Normalized Income": 90695000.0,
        "Net Income From Continuing And Discontinued Operation": 90695000.0,
        "Total Expenses": 636863000.0,
        "Total Operating Income As Reported": 117912000.0,
        "Diluted Average Shares": 26794000.0,
        "Basic Average Shares": 26672000.0,
        "Diluted EPS": 3.38,
        "Basic EPS": 3.4,
        "Diluted NI Availto Com Stockholders": 90695000.0,
        "Net Income Common Stockholders": 90695000.0,
        "Net Income": 90695000.0,
        "Net Income Including Noncontrolling Interests": 90695000.0,
        "Net Income Continuous Operations": 90695000.0,
        "Tax Provision": 28218000.0,
        "Pretax Income": 118913000.0,
        "Other Income Expense": 788000.0,
        "Other Non Operating Income Expenses": 788000.0,
        "Net Non Operating Interest Income Expense": 213000.0,
        "Interest Expense Non Operating": 542000.0,
        "Interest Income Non Operating": 755000.0,
        "Operating Income": 117912000.0,
        "Operating Expense": 37469000.0,
        "Other Operating Expenses": 240000.0,
        "Other Taxes": 19766000.0,
        "Selling General And Administration": 17463000.0,
        "General And Administrative Expense": 17463000.0,
        "Insurance And Claims": 17463000.0,
        "Gross Profit": 155381000.0,
        "Cost Of Revenue": 599394000.0,
        "Total Revenue": 754775000.0,
        "Operating Revenue": 754775000.0
    },
    "2024-06-30": {
        "Tax Effect Of Unusual Items": 0.0,
        "Tax Rate For Calcs": 0.244,
        "Normalized EBITDA": 190565000.0,
        "Net Income From Continuing Operation Net Minority Interest": 102519000.0,
        "Reconciled Depreciation": 52536000.0,
        "Reconciled Cost Of Revenue": 646700000.0,
        "EBITDA": 190565000.0,
        "EBIT": 138029000.0,
        "Net Interest Income": -2302000.0,
        "Interest Expense": 2412000.0,
        "Interest Income": 110000.0,
        "Normalized Income": 102519000.0,
        "Net Income From Continuing And Discontinued Operation": 102519000.0,
        "Total Expenses": 685651000.0,
        "Total Operating Income As Reported": 137593000.0,
        "Diluted Average Shares": 26802000.0,
        "Basic Average Shares": 26691000.0,
        "Diluted EPS": 3.83,
        "Basic EPS": 3.84,
        "Diluted NI Availto Com Stockholders": 102519000.0,
        "Net Income Common Stockholders": 102519000.0,
        "Net Income": 102519000.0,
        "Net Income Including Noncontrolling Interests": 102519000.0,
        "Net Income Continuous Operations": 102519000.0,
        "Tax Provision": 33098000.0,
        "Pretax Income": 135617000.0,
        "Other Income Expense": 326000.0,
        "Other Non Operating Income Expenses": 326000.0,
        "Net Non Operating Interest Income Expense": -2302000.0,
        "Interest Expense Non Operating": 2412000.0,
        "Interest Income Non Operating": 110000.0,
        "Operating Income": 137593000.0,
        "Operating Expense": 38951000.0,
        "Other Operating Expenses": 430000.0,
        "Other Taxes": 19693000.0,
        "Selling General And Administration": 18828000.0,
        "General And Administrative Expense": 18828000.0,
        "Insurance And Claims": 18828000.0,
        "Gross Profit": 176544000.0,
        "Cost Of Revenue": 646700000.0,
        "Total Revenue": 823244000.0,
        "Operating Revenue": 823244000.0
    },
    "2024-09-30": {
        "Tax Effect Of Unusual Items": 0.0,
        "Tax Rate For Calcs": 0.244,
        "Normalized EBITDA": 180332000.0,
        "Net Income From Continuing Operation Net Minority Interest": 92748000.0,
        "Reconciled Depreciation": 54656000.0,
        "Reconciled Cost Of Revenue": 677107000.0,
        "EBITDA": 180332000.0,
        "EBIT": 125676000.0,
        "Net Interest Income": -2952000.0,
        "Interest Expense": 2997000.0,
        "Interest Income": 45000.0,
        "Normalized Income": 92748000.0,
        "Net Income From Continuing And Discontinued Operation": 92748000.0,
        "Total Expenses": 716932000.0,
        "Total Operating Income As Reported": 125171000.0,
        "Diluted Average Shares": 26789000.0,
        "Basic Average Shares": 26695000.0,
        "Diluted EPS": 3.46,
        "Basic EPS": 3.47,
        "Diluted NI Availto Com Stockholders": 92748000.0,
        "Net Income Common Stockholders": 92748000.0,
        "Net Income": 92748000.0,
        "Net Income Including Noncontrolling Interests": 92748000.0,
        "Net Income Continuous Operations": 92748000.0,
        "Tax Provision": 29931000.0,
        "Pretax Income": 122679000.0,
        "Other Income Expense": 460000.0,
        "Other Non Operating Income Expenses": 460000.0,
        "Net Non Operating Interest Income Expense": -2952000.0,
        "Interest Expense Non Operating": 2997000.0,
        "Interest Income Non Operating": 45000.0,
        "Operating Income": 125171000.0,
        "Operating Expense": 39825000.0,
        "Other Operating Expenses": 609000.0,
        "Other Taxes": 19942000.0,
        "Selling General And Administration": 19274000.0,
        "General And Administrative Expense": 19274000.0,
        "Insurance And Claims": 19274000.0,
        "Gross Profit": 164996000.0,
        "Cost Of Revenue": 677107000.0,
        "Total Revenue": 842103000.0,
        "Operating Revenue": 842103000.0
    }
}