{
    "2023-03-31": {
        "Tax Effect Of Unusual Items": -661266.0,
        "Tax Rate For Calcs": 0.306,
        "Normalized EBITDA": 1555000.0,
        "Total Unusual Items": -2161000.0,
        "Total Unusual Items Excluding Goodwill": -2161000.0,
        "Net Income From Continuing Operation Net Minority Interest": -5154000.0,
        "Reconciled Depreciation": 3393000.0,
        "Reconciled Cost Of Revenue": 57179000.0,
        "EBITDA": -606000.0,
        "EBIT": -3999000.0,
        "Net Interest Income": -3418000.0,
        "Interest Expense": 3431000.0,
        "Interest Income": 13000.0,
        "Normalized Income": -3654266.0,
        "Net Income From Continuing And Discontinued Operation": -5154000.0,
        "Total Expenses": 65568000.0,
        "Total Operating Income As Reported": -4180000.0,
        "Diluted Average Shares": 27216787.0,
        "Basic Average Shares": 27216787.0,
        "Diluted EPS": -0.19,
        "Basic EPS": -0.19,
        "Diluted NI Availto Com Stockholders": -5154000.0,
        "Net Income Common Stockholders": -5154000.0,
        "Net Income": -5154000.0,
        "Net Income Including Noncontrolling Interests": -5154000.0,
        "Net Income Continuous Operations": -5154000.0,
        "Tax Provision": -2276000.0,
        "Pretax Income": -7430000.0,
        "Other Income Expense": -1933000.0,
        "Other Non Operating Income Expenses": 220000.0,
        "Special Income Charges": -2161000.0,
        "Gain On Sale Of Ppe": 21000.0,
        "Other Special Charges": 60000.0,
        "Write Off": 2124000.0,
        "Impairment Of Capital Assets": 2124000.0,
        "Restructuring And Mergern Acquisition": -2000.0,
        "Earnings From Equity Interest": 8000.0,
        "Net Non Operating Interest Income Expense": -3418000.0,
        "Interest Expense Non Operating": 3431000.0,
        "Interest Income Non Operating": 13000.0,
        "Operating Income": -2079000.0,
        "Operating Expense": 8389000.0,
        "Other Operating Expenses": 4996000.0,
        "Depreciation Amortization Depletion Income Statement": 3393000.0,
        "Depreciation And Amortization In Income Statement": 3393000.0,
        "Amortization": 543000.0,
        "Amortization Of Intangibles Income Statement": 543000.0,
        "Depreciation Income Statement": 2850000.0,
        "Selling General And Administration": NaN,
        "General And Administrative Expense": NaN,
        "Other Gand A": NaN,
        "Gross Profit": 6310000.0,
        "Cost Of Revenue": 57179000.0,
        "Total Revenue": 63489000.0,
        "Operating Revenue": 63489000.0
    },
    "2022-12-31": {
        "Tax Effect Of Unusual Items": -493290.0,
        "Tax Rate For Calcs": 0.21,
        "Normalized EBITDA": 7230000.0,
        "Total Unusual Items": -2349000.0,
        "Total Unusual Items Excluding Goodwill": -2349000.0,
        "Net Income From Continuing Operation Net Minority Interest": -2207000.0,
        "Reconciled Depreciation": 3111000.0,
        "Reconciled Cost Of Revenue": 57527000.0,
        "EBITDA": 4881000.0,
        "EBIT": 1770000.0,
        "Net Interest Income": -3130000.0,
        "Interest Expense": 3135000.0,
        "Interest Income": 5000.0,
        "Normalized Income": -351290.0,
        "Net Income From Continuing And Discontinued Operation": -2207000.0,
        "Total Expenses": 64764000.0,
        "Total Operating Income As Reported": 1634000.0,
        "Diluted Average Shares": 27216787.0,
        "Basic Average Shares": 27216787.0,
        "Diluted EPS": -0.08,
        "Basic EPS": -0.08,
        "Diluted NI Availto Com Stockholders": -2207000.0,
        "Net Income Common Stockholders": -2207000.0,
        "Net Income": -2207000.0,
        "Net Income Including Noncontrolling Interests": -2207000.0,
        "Net Income Continuous Operations": -2207000.0,
        "Tax Provision": 842000.0,
        "Pretax Income": -1365000.0,
        "Other Income Expense": -2284000.0,
        "Other Non Operating Income Expenses": 15000.0,
        "Special Income Charges": -2349000.0,
        "Gain On Sale Of Ppe": -85000.0,
        "Other Special Charges": -61000.0,
        "Write Off": 2325000.0,
        "Impairment Of Capital Assets": 0.0,
        "Restructuring And Mergern Acquisition": 0.0,
        "Earnings From Equity Interest": 50000.0,
        "Net Non Operating Interest Income Expense": -3130000.0,
        "Interest Expense Non Operating": 3135000.0,
        "Interest Income Non Operating": 5000.0,
        "Operating Income": 4049000.0,
        "Operating Expense": 7237000.0,
        "Other Operating Expenses": 4126000.0,
        "Depreciation Amortization Depletion Income Statement": 3111000.0,
        "Depreciation And Amortization In Income Statement": 3111000.0,
        "Amortization": 309000.0,
        "Amortization Of Intangibles Income Statement": 309000.0,
        "Depreciation Income Statement": 2802000.0,
        "Selling General And Administration": 4126000.0,
        "General And Administrative Expense": 4126000.0,
        "Other Gand A": 4126000.0,
        "Gross Profit": 11286000.0,
        "Cost Of Revenue": 57527000.0,
        "Total Revenue": 68813000.0,
        "Operating Revenue": 68813000.0
    },
    "2022-09-30": {
        "Tax Effect Of Unusual Items": -4687600.0,
        "Tax Rate For Calcs": 0.4,
        "Normalized EBITDA": 6069000.0,
        "Total Unusual Items": -11719000.0,
        "Total Unusual Items Excluding Goodwill": -11719000.0,
        "Net Income From Continuing Operation Net Minority Interest": -11885000.0,
        "Reconciled Depreciation": 3034000.0,
        "Reconciled Cost Of Revenue": 56053000.0,
        "EBITDA": -5650000.0,
        "EBIT": -8684000.0,
        "Net Interest Income": -3125000.0,
        "Interest Expense": 3142000.0,
        "Interest Income": 17000.0,
        "Normalized Income": -4853600.0,
        "Net Income From Continuing And Discontinued Operation": -11885000.0,
        "Total Expenses": 63927000.0,
        "Total Operating Income As Reported": -8784000.0,
        "Diluted Average Shares": 27216787.0,
        "Basic Average Shares": 27216787.0,
        "Diluted EPS": -0.44,
        "Basic EPS": -0.44,
        "Diluted NI Availto Com Stockholders": -11885000.0,
        "Net Income Common Stockholders": -11885000.0,
        "Net Income": -11885000.0,
        "Net Income Including Noncontrolling Interests": -11885000.0,
        "Net Income Continuous Operations": -11885000.0,
        "Tax Provision": 59000.0,
        "Pretax Income": -11826000.0,
        "Other Income Expense": -11636000.0,
        "Other Non Operating Income Expenses": -19000.0,
        "Special Income Charges": -11719000.0,
        "Gain On Sale Of Ppe": -167000.0,
        "Other Special Charges": 3827000.0,
        "Write Off": 7725000.0,
        "Impairment Of Capital Assets": 7725000.0,
        "Restructuring And Mergern Acquisition": 0.0,
        "Earnings From Equity Interest": 102000.0,
        "Net Non Operating Interest Income Expense": -3125000.0,
        "Interest Expense Non Operating": 3142000.0,
        "Interest Income Non Operating": 17000.0,
        "Operating Income": 2935000.0,
        "Operating Expense": 7874000.0,
        "Other Operating Expenses": 4840000.0,
        "Depreciation Amortization Depletion Income Statement": 3034000.0,
        "Depreciation And Amortization In Income Statement": 3034000.0,
        "Amortization": 297000.0,
        "Amortization Of Intangibles Income Statement": 297000.0,
        "Depreciation Income Statement": 2737000.0,
        "Selling General And Administration": 4840000.0,
        "General And Administrative Expense": 4840000.0,
        "Other Gand A": 4840000.0,
        "Gross Profit": 10809000.0,
        "Cost Of Revenue": 56053000.0,
        "Total Revenue": 66862000.0,
        "Operating Revenue": 66862000.0
    },
    "2022-06-30": {
        "Tax Effect Of Unusual Items": 1138400.0,
        "Tax Rate For Calcs": 0.4,
        "Normalized EBITDA": 11768000.0,
        "Total Unusual Items": 2846000.0,
        "Total Unusual Items Excluding Goodwill": 2846000.0,
        "Net Income From Continuing Operation Net Minority Interest": 9117000.0,
        "Reconciled Depreciation": 3190000.0,
        "Reconciled Cost Of Revenue": 56194000.0,
        "EBITDA": 14614000.0,
        "EBIT": 11424000.0,
        "Net Interest Income": -3240000.0,
        "Interest Expense": 3389000.0,
        "Interest Income": 149000.0,
        "Normalized Income": 7409400.0,
        "Net Income From Continuing And Discontinued Operation": 9117000.0,
        "Total Expenses": 64165000.0,
        "Total Operating Income As Reported": 7328000.0,
        "Diluted Average Shares": 27570881.0,
        "Basic Average Shares": 27214787.0,
        "Diluted EPS": 0.33,
        "Basic EPS": 0.33,
        "Diluted NI Availto Com Stockholders": 9117000.0,
        "Net Income Common Stockholders": 9117000.0,
        "Net Income": 9117000.0,
        "Net Income Including Noncontrolling Interests": 9117000.0,
        "Net Income Continuous Operations": 9117000.0,
        "Tax Provision": -1082000.0,
        "Pretax Income": 8035000.0,
        "Other Income Expense": 6758000.0,
        "Other Non Operating Income Expenses": -1000.0,
        "Special Income Charges": 2846000.0,
        "Gain On Sale Of Ppe": 6893000.0,
        "Other Special Charges": -15000.0,
        "Write Off": 3935000.0,
        "Impairment Of Capital Assets": 127000.0,
        "Restructuring And Mergern Acquisition": 0.0,
        "Earnings From Equity Interest": 3913000.0,
        "Net Non Operating Interest Income Expense": -3240000.0,
        "Interest Expense Non Operating": 3389000.0,
        "Interest Income Non Operating": 149000.0,
        "Operating Income": 4517000.0,
        "Operating Expense": 7971000.0,
        "Other Operating Expenses": 4781000.0,
        "Depreciation Amortization Depletion Income Statement": 3190000.0,
        "Depreciation And Amortization In Income Statement": 3190000.0,
        "Amortization": 332000.0,
        "Amortization Of Intangibles Income Statement": 332000.0,
        "Depreciation Income Statement": 2858000.0,
        "Selling General And Administration": 4781000.0,
        "General And Administrative Expense": 4781000.0,
        "Other Gand A": 4781000.0,
        "Gross Profit": 12488000.0,
        "Cost Of Revenue": 56194000.0,
        "Total Revenue": 68682000.0,
        "Operating Revenue": 68682000.0
    },
    "2022-03-31": {
        "Diluted EPS": 0.06,
        "Total Revenue": 63,
        "Gross Profit": 11,
        "Operating Income": 5,
        "EBIT": 8,
        "Net Income": 2
    },
    "2021-12-31": {
        "Diluted EPS": 0.62,
        "Total Revenue": 69,
        "Gross Profit": 15,
        "Operating Income": 20,
        "EBIT": 24,
        "Net Income": 17
    },
    "2021-09-30": {
        "Diluted EPS": 0.81,
        "Total Revenue": 66,
        "Gross Profit": 13,
        "Operating Income": 16,
        "EBIT": 19,
        "Net Income": 22
    },
    "2021-06-30": {
        "Diluted EPS": 0.08,
        "Total Revenue": 64,
        "Gross Profit": 13,
        "Operating Income": 6,
        "EBIT": 9,
        "Net Income": 2
    },
    "2021-03-31": {
        "Diluted EPS": 0.01,
        "Total Revenue": 59,
        "Gross Profit": 12,
        "Operating Income": 4,
        "EBIT": 8,
        "Net Income": 0
    },
    "2020-12-31": {
        "Diluted EPS": 0.12,
        "Total Revenue": 64,
        "Gross Profit": 14,
        "Operating Income": 6,
        "EBIT": 10,
        "Net Income": 3
    },
    "2020-09-30": {
        "Diluted EPS": 0.01,
        "Total Revenue": 61,
        "Gross Profit": 13,
        "Operating Income": 5,
        "EBIT": 8,
        "Net Income": 0
    },
    "2020-06-30": {
        "Diluted EPS": -0.09,
        "Total Revenue": 53,
        "Gross Profit": 7,
        "Operating Income": -1,
        "EBIT": -14,
        "Net Income": -3
    },
    "2020-03-31": {
        "Diluted EPS": -2.07,
        "Total Revenue": 58,
        "Gross Profit": 8,
        "Operating Income": -18,
        "EBIT": 3,
        "Net Income": -55
    },
    "2019-12-31": {
        "Diluted EPS": -0.17,
        "Total Revenue": 65,
        "Gross Profit": 14,
        "Operating Income": 2,
        "EBIT": 8,
        "Net Income": -5
    },
    "2019-09-30": {
        "Diluted EPS": -0.75,
        "Total Revenue": 64,
        "Gross Profit": 13,
        "Operating Income": -14,
        "EBIT": -10,
        "Net Income": -20
    },
    "2019-06-30": {
        "Diluted EPS": -0.14,
        "Total Revenue": 65,
        "Gross Profit": 14,
        "Operating Income": 6,
        "EBIT": 10,
        "Net Income": -4
    },
    "2019-03-31": {
        "Diluted EPS": 0.01,
        "Total Revenue": 60,
        "Gross Profit": 11,
        "Operating Income": -1,
        "EBIT": 4,
        "Net Income": 0
    },
    "2018-12-31": {
        "Diluted EPS": -0.12,
        "Total Revenue": 67,
        "Gross Profit": 15,
        "Operating Income": 4,
        "EBIT": 9,
        "Net Income": -3
    },
    "2018-09-30": {
        "Diluted EPS": 0.05,
        "Total Revenue": 66,
        "Gross Profit": 14,
        "Operating Income": 6,
        "EBIT": 11,
        "Net Income": 1
    },
    "2018-06-30": {
        "Diluted EPS": -0.08,
        "Total Revenue": 66,
        "Gross Profit": 15,
        "Operating Income": 1,
        "EBIT": 6,
        "Net Income": -2
    },
    "2018-03-31": {
        "Diluted EPS": 0.03,
        "Total Revenue": 64,
        "Gross Profit": 14,
        "Operating Income": 6,
        "EBIT": 10,
        "Net Income": 1
    },
    "2017-12-31": {
        "Diluted EPS": 0.85,
        "Total Revenue": 67,
        "Gross Profit": 16,
        "Operating Income": 5,
        "EBIT": 9,
        "Net Income": 22
    },
    "2017-09-30": {
        "Diluted EPS": -0.0,
        "Total Revenue": 65,
        "Gross Profit": 14,
        "Operating Income": 5,
        "EBIT": 10,
        "Net Income": 0
    },
    "2017-06-30": {
        "Diluted EPS": 0.05,
        "Total Revenue": 66,
        "Gross Profit": 16,
        "Operating Income": 9,
        "EBIT": 13,
        "Net Income": 1
    },
    "2017-03-31": {
        "Diluted EPS": 0.04,
        "Total Revenue": 65,
        "Gross Profit": 14,
        "Operating Income": 5,
        "EBIT": 9,
        "Net Income": 1
    },
    "2016-12-31": {
        "Diluted EPS": 0.12,
        "Total Revenue": 71,
        "Gross Profit": 18,
        "Operating Income": 3,
        "EBIT": 8,
        "Net Income": 3
    },
    "2016-09-30": {
        "Diluted EPS": 0.08,
        "Total Revenue": 71,
        "Gross Profit": 17,
        "Operating Income": 9,
        "EBIT": 13,
        "Net Income": 2
    },
    "2016-06-30": {
        "Diluted EPS": 0.13,
        "Total Revenue": 68,
        "Gross Profit": 16,
        "Operating Income": 10,
        "EBIT": 14,
        "Net Income": 3
    },
    "2016-03-31": {
        "Diluted EPS": 0.01,
        "Total Revenue": 65,
        "Gross Profit": 14,
        "Operating Income": 6,
        "EBIT": 10,
        "Net Income": 0
    },
    "2015-12-31": {
        "Diluted EPS": 0.2,
        "Total Revenue": 69,
        "Gross Profit": 17,
        "Operating Income": 9,
        "EBIT": 14,
        "Net Income": 5
    },
    "2015-09-30": {
        "Diluted EPS": 0.08,
        "Total Revenue": 67,
        "Gross Profit": 16,
        "Operating Income": 9,
        "EBIT": 14,
        "Net Income": 2
    },
    "2015-06-30": {
        "Diluted EPS": 0.14,
        "Total Revenue": 67,
        "Gross Profit": 17,
        "Operating Income": 9,
        "EBIT": 14,
        "Net Income": 4
    },
    "2015-03-31": {
        "Diluted EPS": 0.01,
        "Total Revenue": 62,
        "Gross Profit": 14,
        "Operating Income": 6,
        "EBIT": 10,
        "Net Income": 0
    },
    "2014-12-31": {
        "Diluted EPS": 0.0,
        "Total Revenue": 66,
        "Gross Profit": 16,
        "Operating Income": 7,
        "EBIT": 11,
        "Net Income": 0
    },
    "2014-09-30": {
        "Diluted EPS": 0.14,
        "Total Revenue": 70,
        "Gross Profit": 18,
        "Operating Income": 9,
        "EBIT": 14,
        "Net Income": 4
    },
    "2014-06-30": {
        "Diluted EPS": 0.05,
        "Total Revenue": 69,
        "Gross Profit": 17,
        "Operating Income": 7,
        "EBIT": 12,
        "Net Income": 1
    },
    "2014-03-31": {
        "Diluted EPS": 0.02,
        "Total Revenue": 62,
        "Gross Profit": 15,
        "Operating Income": 5,
        "EBIT": 10,
        "Net Income": 0
    },
    "2013-12-31": {
        "Diluted EPS": 0.23,
        "Total Revenue": 63,
        "Gross Profit": 14,
        "Operating Income": 10,
        "EBIT": 14,
        "Net Income": 5
    },
    "2013-09-30": {
        "Diluted EPS": 0.21,
        "Total Revenue": 58,
        "Gross Profit": 18,
        "Operating Income": 9,
        "EBIT": 13,
        "Net Income": 5
    },
    "2013-06-30": {
        "Diluted EPS": 0.2,
        "Total Revenue": 60,
        "Gross Profit": 19,
        "Operating Income": 9,
        "EBIT": 14,
        "Net Income": 5
    },
    "2013-03-31": {
        "Diluted EPS": -0.75,
        "Total Revenue": 56,
        "Gross Profit": 16,
        "Operating Income": 7,
        "EBIT": 11,
        "Net Income": -19
    },
    "2012-12-31": {
        "Diluted EPS": 0.09,
        "Total Revenue": 61,
        "Gross Profit": 15,
        "Operating Income": 10,
        "EBIT": 14,
        "Net Income": 2
    },
    "2012-09-30": {
        "Diluted EPS": 0.13,
        "Total Revenue": 57,
        "Gross Profit": 17,
        "Operating Income": 8,
        "EBIT": 12,
        "Net Income": 3
    },
    "2012-06-30": {
        "Diluted EPS": -0.07,
        "Total Revenue": 58,
        "Gross Profit": 18,
        "Operating Income": 4,
        "EBIT": 8,
        "Net Income": -2
    },
    "2012-03-31": {
        "Diluted EPS": 0.03,
        "Total Revenue": 54,
        "Gross Profit": 16,
        "Operating Income": 8,
        "EBIT": 12,
        "Net Income": 1
    },
    "2011-12-31": {
        "Diluted EPS": 0.03,
        "Total Revenue": 57,
        "Gross Profit": 19,
        "Operating Income": 11,
        "EBIT": 15,
        "Net Income": 0
    },
    "2011-09-30": {
        "Diluted EPS": 0.06,
        "Total Revenue": 55,
        "Gross Profit": 17,
        "Operating Income": 9,
        "EBIT": 13,
        "Net Income": 1
    },
    "2011-06-30": {
        "Diluted EPS": 0.04,
        "Total Revenue": 55,
        "Gross Profit": 18,
        "Operating Income": 10,
        "EBIT": 14,
        "Net Income": 1
    },
    "2011-03-31": {
        "Diluted EPS": 0.1,
        "Total Revenue": 51,
        "Gross Profit": 16,
        "Operating Income": 12,
        "EBIT": 16,
        "Net Income": 3
    },
    "2010-12-31": {
        "Diluted EPS": 0.03,
        "Total Revenue": 54,
        "Gross Profit": 19,
        "Operating Income": 10,
        "EBIT": 14,
        "Net Income": 1
    },
    "2010-09-30": {
        "Diluted EPS": 0.01,
        "Total Revenue": 51,
        "Gross Profit": 16,
        "Operating Income": 8,
        "EBIT": 12,
        "Net Income": 0
    },
    "2010-06-30": {
        "Diluted EPS": 0.03,
        "Total Revenue": 53,
        "Gross Profit": 17,
        "Operating Income": 10,
        "EBIT": 14,
        "Net Income": 1
    },
    "2010-03-31": {
        "Diluted EPS": 0.01,
        "Total Revenue": 48,
        "Gross Profit": 16,
        "Operating Income": 8,
        "EBIT": 12,
        "Net Income": 0
    },
    "2009-12-31": {
        "Diluted EPS": -0.07,
        "Total Revenue": 51,
        "Gross Profit": 22,
        "Operating Income": 11,
        "EBIT": 15,
        "Net Income": -2
    },
    "2009-09-30": {
        "Diluted EPS": -0.19,
        "Total Revenue": 49,
        "Gross Profit": 12,
        "Operating Income": -5,
        "EBIT": -1,
        "Net Income": -5
    },
    "2009-06-30": {
        "Diluted EPS": -0.21,
        "Total Revenue": 50,
        "Gross Profit": 16,
        "Operating Income": -5,
        "EBIT": -1,
        "Net Income": -5
    },
    "2009-03-31": {
        "Diluted EPS": 0.12,
        "Total Revenue": 49,
        "Gross Profit": 16,
        "Operating Income": 9,
        "EBIT": 13,
        "Net Income": 3
    },
    "2023-06-30": {
        "Tax Effect Of Unusual Items": -229310.124102,
        "Tax Rate For Calcs": 0.073285,
        "Normalized EBITDA": 2534000.0,
        "Total Unusual Items": -3129000.0,
        "Total Unusual Items Excluding Goodwill": -3129000.0,
        "Net Income From Continuing Operation Net Minority Interest": -7094000.0,
        "Reconciled Depreciation": 3521000.0,
        "Reconciled Cost Of Revenue": 58570000.0,
        "EBITDA": -595000.0,
        "EBIT": -4116000.0,
        "Net Interest Income": -3526000.0,
        "Interest Expense": 3539000.0,
        "Interest Income": 13000.0,
        "Normalized Income": -4194310.124102,
        "Net Income From Continuing And Discontinued Operation": -7094000.0,
        "Total Expenses": 66746000.0,
        "Total Operating Income As Reported": -4101000.0,
        "Diluted Average Shares": 27216787.0,
        "Basic Average Shares": 27216787.0,
        "Diluted EPS": -0.26,
        "Basic EPS": -0.26,
        "Diluted NI Availto Com Stockholders": -7094000.0,
        "Net Income Common Stockholders": -7094000.0,
        "Net Income": -7094000.0,
        "Net Income Including Noncontrolling Interests": -7094000.0,
        "Net Income Continuous Operations": -7094000.0,
        "Tax Provision": -561000.0,
        "Pretax Income": -7655000.0,
        "Other Income Expense": -3157000.0,
        "Other Non Operating Income Expenses": -9000.0,
        "Special Income Charges": -3129000.0,
        "Gain On Sale Of Ppe": -143000.0,
        "Other Special Charges": NaN,
        "Write Off": 1139000.0,
        "Impairment Of Capital Assets": 1847000.0,
        "Restructuring And Mergern Acquisition": 0.0,
        "Earnings From Equity Interest": -19000.0,
        "Net Non Operating Interest Income Expense": -3526000.0,
        "Interest Expense Non Operating": 3539000.0,
        "Interest Income Non Operating": 13000.0,
        "Operating Income": -972000.0,
        "Operating Expense": 8176000.0,
        "Other Operating Expenses": 4655000.0,
        "Depreciation Amortization Depletion Income Statement": 3521000.0,
        "Depreciation And Amortization In Income Statement": 3521000.0,
        "Amortization": 647000.0,
        "Amortization Of Intangibles Income Statement": 647000.0,
        "Depreciation Income Statement": 2874000.0,
        "Selling General And Administration": NaN,
        "General And Administrative Expense": NaN,
        "Other Gand A": NaN,
        "Gross Profit": 7204000.0,
        "Cost Of Revenue": 58570000.0,
        "Total Revenue": 65774000.0,
        "Operating Revenue": 65774000.0
    },
    "2023-09-30": {
        "Tax Effect Of Unusual Items": -7728510.0,
        "Tax Rate For Calcs": 0.219,
        "Normalized EBITDA": 2214000.0,
        "Total Unusual Items": -35290000.0,
        "Total Unusual Items Excluding Goodwill": -35290000.0,
        "Net Income From Continuing Operation Net Minority Interest": -31297000.0,
        "Reconciled Depreciation": 3377000.0,
        "Reconciled Cost Of Revenue": 56606000.0,
        "EBITDA": -33076000.0,
        "EBIT": -36453000.0,
        "Net Interest Income": -3612000.0,
        "Interest Expense": 3626000.0,
        "Interest Income": 14000.0,
        "Normalized Income": -3735510.0,
        "Net Income From Continuing And Discontinued Operation": -31297000.0,
        "Total Expenses": 64497000.0,
        "Total Operating Income As Reported": -36290000.0,
        "Diluted Average Shares": 27216787.0,
        "Basic Average Shares": 27216787.0,
        "Diluted EPS": -1.15,
        "Basic EPS": -1.15,
        "Diluted NI Availto Com Stockholders": -31297000.0,
        "Net Income Common Stockholders": -31297000.0,
        "Net Income": -31297000.0,
        "Net Income Including Noncontrolling Interests": -31297000.0,
        "Net Income Continuous Operations": -31297000.0,
        "Tax Provision": -8782000.0,
        "Pretax Income": -40079000.0,
        "Other Income Expense": -35467000.0,
        "Other Non Operating Income Expenses": -184000.0,
        "Special Income Charges": -35290000.0,
        "Gain On Sale Of Ppe": 456000.0,
        "Other Special Charges": NaN,
        "Write Off": 35113000.0,
        "Impairment Of Capital Assets": 733000.0,
        "Restructuring And Mergern Acquisition": -100000.0,
        "Earnings From Equity Interest": 7000.0,
        "Net Non Operating Interest Income Expense": -3612000.0,
        "Interest Expense Non Operating": 3626000.0,
        "Interest Income Non Operating": 14000.0,
        "Operating Income": -1000000.0,
        "Operating Expense": 7891000.0,
        "Other Operating Expenses": 4514000.0,
        "Depreciation Amortization Depletion Income Statement": 3377000.0,
        "Depreciation And Amortization In Income Statement": 3377000.0,
        "Amortization": 561000.0,
        "Amortization Of Intangibles Income Statement": 561000.0,
        "Depreciation Income Statement": 2816000.0,
        "Selling General And Administration": NaN,
        "General And Administrative Expense": NaN,
        "Other Gand A": NaN,
        "Gross Profit": 6891000.0,
        "Cost Of Revenue": 56606000.0,
        "Total Revenue": 63497000.0,
        "Operating Revenue": 63497000.0
    }
}