{
    "2023-06-30": {
        "Tax Effect Of Unusual Items": NaN,
        "Tax Rate For Calcs": NaN,
        "Normalized EBITDA": NaN,
        "Total Unusual Items": NaN,
        "Total Unusual Items Excluding Goodwill": NaN,
        "Net Income From Continuing Operation Net Minority Interest": NaN,
        "Reconciled Depreciation": NaN,
        "Reconciled Cost Of Revenue": NaN,
        "EBITDA": NaN,
        "EBIT": NaN,
        "Net Interest Income": NaN,
        "Interest Income": 1855000.0,
        "Normalized Income": NaN,
        "Net Income From Continuing And Discontinued Operation": NaN,
        "Total Expenses": NaN,
        "Total Operating Income As Reported": NaN,
        "Diluted Average Shares": NaN,
        "Basic Average Shares": NaN,
        "Diluted EPS": NaN,
        "Basic EPS": NaN,
        "Diluted NI Availto Com Stockholders": NaN,
        "Net Income Common Stockholders": NaN,
        "Net Income": NaN,
        "Net Income Including Noncontrolling Interests": NaN,
        "Net Income Continuous Operations": NaN,
        "Tax Provision": NaN,
        "Pretax Income": NaN,
        "Other Income Expense": NaN,
        "Other Non Operating Income Expenses": NaN,
        "Special Income Charges": NaN,
        "Impairment Of Capital Assets": NaN,
        "Net Non Operating Interest Income Expense": NaN,
        "Interest Income Non Operating": 1855000.0,
        "Operating Income": NaN,
        "Operating Expense": NaN,
        "Selling General And Administration": NaN,
        "Selling And Marketing Expense": NaN,
        "General And Administrative Expense": NaN,
        "Other Gand A": NaN,
        "Gross Profit": NaN,
        "Cost Of Revenue": NaN,
        "Total Revenue": NaN,
        "Excise Taxes": NaN,
        "Operating Revenue": NaN
    },
    "2023-03-31": {
        "Tax Effect Of Unusual Items": NaN,
        "Tax Rate For Calcs": NaN,
        "Normalized EBITDA": NaN,
        "Total Unusual Items": NaN,
        "Total Unusual Items Excluding Goodwill": NaN,
        "Net Income From Continuing Operation Net Minority Interest": NaN,
        "Reconciled Depreciation": NaN,
        "Reconciled Cost Of Revenue": NaN,
        "EBITDA": NaN,
        "EBIT": NaN,
        "Net Interest Income": NaN,
        "Interest Income": NaN,
        "Normalized Income": NaN,
        "Net Income From Continuing And Discontinued Operation": NaN,
        "Total Expenses": NaN,
        "Total Operating Income As Reported": NaN,
        "Diluted Average Shares": NaN,
        "Basic Average Shares": NaN,
        "Diluted EPS": NaN,
        "Basic EPS": NaN,
        "Diluted NI Availto Com Stockholders": NaN,
        "Net Income Common Stockholders": NaN,
        "Net Income": NaN,
        "Net Income Including Noncontrolling Interests": NaN,
        "Net Income Continuous Operations": NaN,
        "Tax Provision": NaN,
        "Pretax Income": NaN,
        "Other Income Expense": NaN,
        "Other Non Operating Income Expenses": NaN,
        "Special Income Charges": NaN,
        "Impairment Of Capital Assets": NaN,
        "Net Non Operating Interest Income Expense": NaN,
        "Total Other Finance Cost": -1644000.0,
        "Interest Income Non Operating": NaN,
        "Operating Income": NaN,
        "Operating Expense": NaN,
        "Selling General And Administration": NaN,
        "Selling And Marketing Expense": NaN,
        "General And Administrative Expense": NaN,
        "Other Gand A": NaN,
        "Gross Profit": NaN,
        "Cost Of Revenue": NaN,
        "Total Revenue": NaN,
        "Excise Taxes": NaN,
        "Operating Revenue": NaN
    },
    "2022-12-31": {
        "Tax Effect Of Unusual Items": NaN,
        "Tax Rate For Calcs": NaN,
        "Normalized EBITDA": NaN,
        "Total Unusual Items": NaN,
        "Total Unusual Items Excluding Goodwill": NaN,
        "Net Income From Continuing Operation Net Minority Interest": NaN,
        "Reconciled Depreciation": NaN,
        "Reconciled Cost Of Revenue": NaN,
        "EBITDA": NaN,
        "EBIT": NaN,
        "Net Interest Income": NaN,
        "Interest Income": NaN,
        "Normalized Income": NaN,
        "Net Income From Continuing And Discontinued Operation": NaN,
        "Total Expenses": NaN,
        "Total Operating Income As Reported": NaN,
        "Diluted Average Shares": NaN,
        "Basic Average Shares": NaN,
        "Diluted EPS": NaN,
        "Basic EPS": NaN,
        "Diluted NI Availto Com Stockholders": NaN,
        "Net Income Common Stockholders": NaN,
        "Net Income": NaN,
        "Net Income Including Noncontrolling Interests": NaN,
        "Net Income Continuous Operations": NaN,
        "Tax Provision": NaN,
        "Pretax Income": NaN,
        "Other Income Expense": NaN,
        "Other Non Operating Income Expenses": NaN,
        "Special Income Charges": NaN,
        "Other Special Charges": 49000.0,
        "Impairment Of Capital Assets": NaN,
        "Net Non Operating Interest Income Expense": NaN,
        "Total Other Finance Cost": NaN,
        "Interest Income Non Operating": NaN,
        "Operating Income": NaN,
        "Operating Expense": NaN,
        "Selling General And Administration": NaN,
        "Selling And Marketing Expense": NaN,
        "General And Administrative Expense": NaN,
        "Other Gand A": NaN,
        "Gross Profit": NaN,
        "Cost Of Revenue": NaN,
        "Total Revenue": NaN,
        "Excise Taxes": NaN,
        "Operating Revenue": NaN
    },
    "2022-09-30": {
        "Tax Effect Of Unusual Items": NaN,
        "Tax Rate For Calcs": NaN,
        "Normalized EBITDA": NaN,
        "Total Unusual Items": NaN,
        "Total Unusual Items Excluding Goodwill": NaN,
        "Net Income From Continuing Operation Net Minority Interest": NaN,
        "Reconciled Depreciation": NaN,
        "Reconciled Cost Of Revenue": NaN,
        "EBITDA": NaN,
        "EBIT": NaN,
        "Net Interest Income": NaN,
        "Interest Income": 759000.0,
        "Normalized Income": NaN,
        "Net Income From Continuing And Discontinued Operation": NaN,
        "Total Expenses": NaN,
        "Total Operating Income As Reported": NaN,
        "Diluted Average Shares": NaN,
        "Basic Average Shares": NaN,
        "Diluted EPS": NaN,
        "Basic EPS": NaN,
        "Diluted NI Availto Com Stockholders": NaN,
        "Net Income Common Stockholders": NaN,
        "Net Income": NaN,
        "Net Income Including Noncontrolling Interests": NaN,
        "Net Income Continuous Operations": NaN,
        "Tax Provision": NaN,
        "Pretax Income": NaN,
        "Other Income Expense": NaN,
        "Other Non Operating Income Expenses": NaN,
        "Special Income Charges": NaN,
        "Other Special Charges": NaN,
        "Impairment Of Capital Assets": NaN,
        "Net Non Operating Interest Income Expense": NaN,
        "Total Other Finance Cost": NaN,
        "Interest Income Non Operating": 759000.0,
        "Operating Income": NaN,
        "Operating Expense": NaN,
        "Selling General And Administration": NaN,
        "Selling And Marketing Expense": NaN,
        "General And Administrative Expense": NaN,
        "Other Gand A": NaN,
        "Gross Profit": NaN,
        "Cost Of Revenue": NaN,
        "Total Revenue": NaN,
        "Excise Taxes": NaN,
        "Operating Revenue": NaN
    },
    "2022-06-30": {
        "Tax Effect Of Unusual Items": -171738.0,
        "Tax Rate For Calcs": 0.261,
        "Normalized EBITDA": 92976000.0,
        "Total Unusual Items": -658000.0,
        "Total Unusual Items Excluding Goodwill": -658000.0,
        "Net Income From Continuing Operation Net Minority Interest": 53349000.0,
        "Reconciled Depreciation": 20275000.0,
        "Reconciled Cost Of Revenue": 350468000.0,
        "EBITDA": 92318000.0,
        "EBIT": 72043000.0,
        "Net Interest Income": 83000.0,
        "Interest Income": NaN,
        "Normalized Income": 53835262.0,
        "Net Income From Continuing And Discontinued Operation": 53349000.0,
        "Total Expenses": 544200000.0,
        "Total Operating Income As Reported": 71385000.0,
        "Diluted Average Shares": 12341000.0,
        "Basic Average Shares": 12319000.0,
        "Diluted EPS": 4.31,
        "Basic EPS": 4.33,
        "Diluted NI Availto Com Stockholders": 53349000.0,
        "Net Income Common Stockholders": 53349000.0,
        "Net Income": 53349000.0,
        "Net Income Including Noncontrolling Interests": 53349000.0,
        "Net Income Continuous Operations": 53349000.0,
        "Tax Provision": 17518000.0,
        "Pretax Income": 70867000.0,
        "Other Income Expense": -1259000.0,
        "Other Non Operating Income Expenses": -601000.0,
        "Special Income Charges": -658000.0,
        "Other Special Charges": 578000.0,
        "Impairment Of Capital Assets": 80000.0,
        "Net Non Operating Interest Income Expense": 83000.0,
        "Total Other Finance Cost": -83000.0,
        "Interest Income Non Operating": NaN,
        "Operating Income": 72043000.0,
        "Operating Expense": 193732000.0,
        "Selling General And Administration": 193732000.0,
        "Selling And Marketing Expense": 154883000.0,
        "General And Administrative Expense": 38849000.0,
        "Other Gand A": 38849000.0,
        "Gross Profit": 265775000.0,
        "Cost Of Revenue": 350468000.0,
        "Total Revenue": 616243000.0,
        "Excise Taxes": 38779000.0,
        "Operating Revenue": 655022000.0
    },
    "2022-03-31": {
        "Diluted EPS": -0.16,
        "Total Revenue": 430,
        "Gross Profit": 173,
        "Operating Income": -2,
        "EBIT": 17,
        "Net Income": -2
    },
    "2021-12-31": {
        "Diluted EPS": -4.08,
        "Total Revenue": 348,
        "Gross Profit": 100,
        "Operating Income": -73,
        "EBIT": -54,
        "Net Income": -52
    },
    "2021-09-30": {
        "Diluted EPS": -4.76,
        "Total Revenue": 562,
        "Gross Profit": 173,
        "Operating Income": -76,
        "EBIT": -57,
        "Net Income": -58
    },
    "2021-06-30": {
        "Diluted EPS": 4.75,
        "Total Revenue": 603,
        "Gross Profit": 276,
        "Operating Income": 80,
        "EBIT": 97,
        "Net Income": 59
    },
    "2021-03-31": {
        "Diluted EPS": 5.26,
        "Total Revenue": 545,
        "Gross Profit": 250,
        "Operating Income": 77,
        "EBIT": 94,
        "Net Income": 66
    },
    "2020-12-31": {
        "Diluted EPS": 2.65,
        "Total Revenue": 461,
        "Gross Profit": 216,
        "Operating Income": 42,
        "EBIT": 59,
        "Net Income": 33
    },
    "2020-09-30": {
        "Diluted EPS": 6.51,
        "Total Revenue": 493,
        "Gross Profit": 241,
        "Operating Income": 102,
        "EBIT": 118,
        "Net Income": 81
    },
    "2020-06-30": {
        "Diluted EPS": 4.88,
        "Total Revenue": 452,
        "Gross Profit": 210,
        "Operating Income": 79,
        "EBIT": 95,
        "Net Income": 60
    },
    "2020-03-31": {
        "Diluted EPS": 1.49,
        "Total Revenue": 331,
        "Gross Profit": 148,
        "Operating Income": 22,
        "EBIT": 37,
        "Net Income": 18
    },
    "2019-12-31": {
        "Diluted EPS": 1.13,
        "Total Revenue": 301,
        "Gross Profit": 143,
        "Operating Income": 18,
        "EBIT": 32,
        "Net Income": 14
    },
    "2019-09-30": {
        "Diluted EPS": 3.65,
        "Total Revenue": 378,
        "Gross Profit": 188,
        "Operating Income": 60,
        "EBIT": 76,
        "Net Income": 45
    },
    "2019-06-30": {
        "Diluted EPS": 2.36,
        "Total Revenue": 318,
        "Gross Profit": 159,
        "Operating Income": 38,
        "EBIT": 51,
        "Net Income": 28
    },
    "2019-03-31": {
        "Diluted EPS": 2.02,
        "Total Revenue": 252,
        "Gross Profit": 125,
        "Operating Income": 29,
        "EBIT": 42,
        "Net Income": 24
    },
    "2018-12-31": {
        "Diluted EPS": 1.85,
        "Total Revenue": 225,
        "Gross Profit": 117,
        "Operating Income": 29,
        "EBIT": 42,
        "Net Income": 22
    },
    "2018-09-30": {
        "Diluted EPS": 3.21,
        "Total Revenue": 307,
        "Gross Profit": 157,
        "Operating Income": 47,
        "EBIT": 60,
        "Net Income": 38
    },
    "2018-06-30": {
        "Diluted EPS": 1.98,
        "Total Revenue": 273,
        "Gross Profit": 142,
        "Operating Income": 31,
        "EBIT": 44,
        "Net Income": 24
    },
    "2018-03-31": {
        "Diluted EPS": 0.78,
        "Total Revenue": 190,
        "Gross Profit": 96,
        "Operating Income": 9,
        "EBIT": 22,
        "Net Income": 9
    },
    "2017-12-31": {
        "Diluted EPS": 2.51,
        "Total Revenue": 206,
        "Gross Profit": 108,
        "Operating Income": 15,
        "EBIT": 28,
        "Net Income": 31
    },
    "2017-09-30": {
        "Diluted EPS": 2.78,
        "Total Revenue": 247,
        "Gross Profit": 132,
        "Operating Income": 51,
        "EBIT": 64,
        "Net Income": 34
    },
    "2017-06-30": {
        "Diluted EPS": 2.35,
        "Total Revenue": 248,
        "Gross Profit": 134,
        "Operating Income": 45,
        "EBIT": 58,
        "Net Income": 29
    },
    "2017-03-31": {
        "Diluted EPS": 0.45,
        "Total Revenue": 162,
        "Gross Profit": 76,
        "Operating Income": 4,
        "EBIT": 17,
        "Net Income": 6
    },
    "2016-12-31": {
        "Diluted EPS": 1.72,
        "Total Revenue": 219,
        "Gross Profit": 108,
        "Operating Income": 34,
        "EBIT": 47,
        "Net Income": 22
    },
    "2016-09-30": {
        "Diluted EPS": 2.48,
        "Total Revenue": 253,
        "Gross Profit": 134,
        "Operating Income": 50,
        "EBIT": 63,
        "Net Income": 32
    },
    "2016-06-30": {
        "Diluted EPS": 2.06,
        "Total Revenue": 245,
        "Gross Profit": 127,
        "Operating Income": 42,
        "EBIT": 54,
        "Net Income": 27
    },
    "2016-03-31": {
        "Diluted EPS": 0.53,
        "Total Revenue": 189,
        "Gross Profit": 92,
        "Operating Income": 11,
        "EBIT": 23,
        "Net Income": 7
    },
    "2015-12-31": {
        "Diluted EPS": 1.22,
        "Total Revenue": 215,
        "Gross Profit": 109,
        "Operating Income": 26,
        "EBIT": 38,
        "Net Income": 16
    },
    "2015-09-30": {
        "Diluted EPS": 2.85,
        "Total Revenue": 293,
        "Gross Profit": 157,
        "Operating Income": 61,
        "EBIT": 72,
        "Net Income": 39
    },
    "2015-06-30": {
        "Diluted EPS": 2.18,
        "Total Revenue": 252,
        "Gross Profit": 136,
        "Operating Income": 47,
        "EBIT": 57,
        "Net Income": 30
    },
    "2015-03-31": {
        "Diluted EPS": 1.0,
        "Total Revenue": 200,
        "Gross Profit": 100,
        "Operating Income": 22,
        "EBIT": 32,
        "Net Income": 14
    },
    "2014-12-31": {
        "Diluted EPS": 1.4,
        "Total Revenue": 218,
        "Gross Profit": 108,
        "Operating Income": 32,
        "EBIT": 42,
        "Net Income": 19
    },
    "2014-09-30": {
        "Diluted EPS": 2.79,
        "Total Revenue": 270,
        "Gross Profit": 143,
        "Operating Income": 61,
        "EBIT": 70,
        "Net Income": 38
    },
    "2014-06-30": {
        "Diluted EPS": 1.88,
        "Total Revenue": 232,
        "Gross Profit": 123,
        "Operating Income": 40,
        "EBIT": 49,
        "Net Income": 25
    },
    "2014-03-31": {
        "Diluted EPS": 0.62,
        "Total Revenue": 184,
        "Gross Profit": 91,
        "Operating Income": 13,
        "EBIT": 21,
        "Net Income": 8
    },
    "2013-12-31": {
        "Diluted EPS": 1.33,
        "Total Revenue": 205,
        "Gross Profit": 105,
        "Operating Income": 29,
        "EBIT": 37,
        "Net Income": 18
    },
    "2013-09-30": {
        "Diluted EPS": 1.89,
        "Total Revenue": 216,
        "Gross Profit": 115,
        "Operating Income": 42,
        "EBIT": 49,
        "Net Income": 26
    },
    "2013-06-30": {
        "Diluted EPS": 1.45,
        "Total Revenue": 181,
        "Gross Profit": 97,
        "Operating Income": 32,
        "EBIT": 38,
        "Net Income": 20
    },
    "2013-03-31": {
        "Diluted EPS": 0.51,
        "Total Revenue": 136,
        "Gross Profit": 68,
        "Operating Income": 10,
        "EBIT": 15,
        "Net Income": 7
    },
    "2012-12-31": {
        "Diluted EPS": 1.24,
        "Total Revenue": 153,
        "Gross Profit": 80,
        "Operating Income": 27,
        "EBIT": 32,
        "Net Income": 17
    },
    "2012-09-30": {
        "Diluted EPS": 1.53,
        "Total Revenue": 166,
        "Gross Profit": 93,
        "Operating Income": 33,
        "EBIT": 39,
        "Net Income": 21
    },
    "2012-06-30": {
        "Diluted EPS": 1.06,
        "Total Revenue": 148,
        "Gross Profit": 80,
        "Operating Income": 23,
        "EBIT": 28,
        "Net Income": 14
    },
    "2012-03-31": {
        "Diluted EPS": 0.56,
        "Total Revenue": 113,
        "Gross Profit": 62,
        "Operating Income": 12,
        "EBIT": 17,
        "Net Income": 7
    },
    "2011-12-31": {
        "Diluted EPS": 1.33,
        "Total Revenue": 142,
        "Gross Profit": 80,
        "Operating Income": 26,
        "EBIT": 31,
        "Net Income": 18
    },
    "2011-09-30": {
        "Diluted EPS": 1.19,
        "Total Revenue": 135,
        "Gross Profit": 76,
        "Operating Income": 26,
        "EBIT": 31,
        "Net Income": 16
    },
    "2011-06-30": {
        "Diluted EPS": 2.01,
        "Total Revenue": 134,
        "Gross Profit": 76,
        "Operating Income": 45,
        "EBIT": 49,
        "Net Income": 28
    },
    "2011-03-31": {
        "Diluted EPS": 0.28,
        "Total Revenue": 102,
        "Gross Profit": 52,
        "Operating Income": 7,
        "EBIT": 11,
        "Net Income": 4
    },
    "2010-12-31": {
        "Diluted EPS": 0.86,
        "Total Revenue": 116,
        "Gross Profit": 66,
        "Operating Income": 19,
        "EBIT": 23,
        "Net Income": 12
    },
    "2010-09-30": {
        "Diluted EPS": 1.09,
        "Total Revenue": 124,
        "Gross Profit": 70,
        "Operating Income": 25,
        "EBIT": 30,
        "Net Income": 15
    },
    "2010-06-30": {
        "Diluted EPS": 1.13,
        "Total Revenue": 130,
        "Gross Profit": 72,
        "Operating Income": 27,
        "EBIT": 31,
        "Net Income": 16
    },
    "2010-03-31": {
        "Diluted EPS": 0.44,
        "Total Revenue": 94,
        "Gross Profit": 48,
        "Operating Income": 10,
        "EBIT": 15,
        "Net Income": 6
    },
    "2009-12-31": {
        "Diluted EPS": 0.52,
        "Total Revenue": 107,
        "Gross Profit": 55,
        "Operating Income": 13,
        "EBIT": 17,
        "Net Income": 7
    },
    "2009-09-30": {
        "Diluted EPS": 0.72,
        "Total Revenue": 109,
        "Gross Profit": 58,
        "Operating Income": 17,
        "EBIT": 21,
        "Net Income": 10
    },
    "2009-06-30": {
        "Diluted EPS": 0.83,
        "Total Revenue": 118,
        "Gross Profit": 62,
        "Operating Income": 21,
        "EBIT": 26,
        "Net Income": 12
    },
    "2009-03-31": {
        "Diluted EPS": 0.1,
        "Total Revenue": 81,
        "Gross Profit": 38,
        "Operating Income": 3,
        "EBIT": 7,
        "Net Income": 1
    },
    "2023-09-30": {
        "Tax Effect Of Unusual Items": NaN,
        "Tax Rate For Calcs": NaN,
        "Normalized EBITDA": NaN,
        "Total Unusual Items": NaN,
        "Total Unusual Items Excluding Goodwill": NaN,
        "Net Income From Continuing Operation Net Minority Interest": NaN,
        "Reconciled Depreciation": NaN,
        "Reconciled Cost Of Revenue": NaN,
        "EBITDA": NaN,
        "EBIT": NaN,
        "Net Interest Income": NaN,
        "Interest Income": 3478000.0,
        "Normalized Income": NaN,
        "Net Income From Continuing And Discontinued Operation": NaN,
        "Total Expenses": NaN,
        "Total Operating Income As Reported": NaN,
        "Diluted Average Shares": 12233000.0,
        "Basic Average Shares": 12228000.0,
        "Diluted EPS": 3.7,
        "Basic EPS": 3.7,
        "Diluted NI Availto Com Stockholders": NaN,
        "Net Income Common Stockholders": NaN,
        "Net Income": NaN,
        "Net Income Including Noncontrolling Interests": NaN,
        "Net Income Continuous Operations": NaN,
        "Tax Provision": NaN,
        "Pretax Income": NaN,
        "Other Income Expense": NaN,
        "Other Non Operating Income Expenses": NaN,
        "Special Income Charges": NaN,
        "Impairment Of Capital Assets": NaN,
        "Net Non Operating Interest Income Expense": NaN,
        "Interest Income Non Operating": 3478000.0,
        "Operating Income": NaN,
        "Operating Expense": NaN,
        "Selling General And Administration": NaN,
        "Selling And Marketing Expense": NaN,
        "General And Administrative Expense": NaN,
        "Other Gand A": NaN,
        "Gross Profit": NaN,
        "Cost Of Revenue": NaN,
        "Total Revenue": NaN,
        "Excise Taxes": NaN,
        "Operating Revenue": NaN
    },
    "2023-12-31": {
        "Tax Effect Of Unusual Items": -270643.823264,
        "Tax Rate For Calcs": 0.182867,
        "Normalized EBITDA": -1429000.0,
        "Total Unusual Items": -1480000.0,
        "Total Unusual Items Excluding Goodwill": -1480000.0,
        "Net Income From Continuing Operation Net Minority Interest": -18124000.0,
        "Reconciled Depreciation": 21538000.0,
        "Reconciled Cost Of Revenue": 245826000.0,
        "EBITDA": -2909000.0,
        "EBIT": -24447000.0,
        "Net Interest Income": 4018000.0,
        "Interest Income": NaN,
        "Normalized Income": -16914643.823264,
        "Net Income From Continuing And Discontinued Operation": -18124000.0,
        "Total Expenses": 418169000.0,
        "Total Operating Income As Reported": -25927000.0,
        "Diluted Average Shares": NaN,
        "Basic Average Shares": NaN,
        "Diluted EPS": NaN,
        "Basic EPS": NaN,
        "Diluted NI Availto Com Stockholders": -18124000.0,
        "Net Income Common Stockholders": -18124000.0,
        "Net Income": -18124000.0,
        "Net Income Including Noncontrolling Interests": -18124000.0,
        "Net Income Continuous Operations": -18124000.0,
        "Tax Provision": -4056000.0,
        "Pretax Income": -22180000.0,
        "Other Income Expense": -1751000.0,
        "Other Non Operating Income Expenses": -271000.0,
        "Special Income Charges": -1480000.0,
        "Impairment Of Capital Assets": 1480000.0,
        "Net Non Operating Interest Income Expense": 4018000.0,
        "Interest Income Non Operating": NaN,
        "Operating Income": -24447000.0,
        "Operating Expense": 172343000.0,
        "Selling General And Administration": 172343000.0,
        "Selling And Marketing Expense": 128629000.0,
        "General And Administrative Expense": 43714000.0,
        "Other Gand A": 43714000.0,
        "Gross Profit": 147896000.0,
        "Cost Of Revenue": 245826000.0,
        "Total Revenue": 393722000.0,
        "Excise Taxes": 23687000.0,
        "Operating Revenue": 417409000.0
    },
    "2024-03-31": {
        "Tax Effect Of Unusual Items": NaN,
        "Tax Rate For Calcs": NaN,
        "Normalized EBITDA": NaN,
        "Total Unusual Items": NaN,
        "Total Unusual Items Excluding Goodwill": NaN,
        "Net Income From Continuing Operation Net Minority Interest": NaN,
        "Reconciled Depreciation": NaN,
        "Reconciled Cost Of Revenue": NaN,
        "EBITDA": NaN,
        "EBIT": NaN,
        "Net Interest Income": NaN,
        "Interest Income": NaN,
        "Normalized Income": NaN,
        "Net Income From Continuing And Discontinued Operation": NaN,
        "Total Expenses": NaN,
        "Total Operating Income As Reported": NaN,
        "Diluted Average Shares": NaN,
        "Basic Average Shares": NaN,
        "Diluted EPS": NaN,
        "Basic EPS": NaN,
        "Diluted NI Availto Com Stockholders": NaN,
        "Average Dilution Earnings": -25000.0,
        "Net Income Common Stockholders": NaN,
        "Net Income": NaN,
        "Net Income Including Noncontrolling Interests": NaN,
        "Net Income Continuous Operations": NaN,
        "Tax Provision": NaN,
        "Pretax Income": NaN,
        "Other Income Expense": NaN,
        "Other Non Operating Income Expenses": NaN,
        "Special Income Charges": NaN,
        "Impairment Of Capital Assets": NaN,
        "Net Non Operating Interest Income Expense": NaN,
        "Interest Income Non Operating": NaN,
        "Operating Income": NaN,
        "Operating Expense": NaN,
        "Selling General And Administration": NaN,
        "Selling And Marketing Expense": NaN,
        "General And Administrative Expense": NaN,
        "Other Gand A": NaN,
        "Gross Profit": NaN,
        "Cost Of Revenue": NaN,
        "Total Revenue": NaN,
        "Excise Taxes": NaN,
        "Operating Revenue": NaN
    },
    "2024-06-30": {
        "Tax Effect Of Unusual Items": NaN,
        "Tax Rate For Calcs": NaN,
        "Normalized EBITDA": NaN,
        "Total Unusual Items": NaN,
        "Total Unusual Items Excluding Goodwill": NaN,
        "Net Income From Continuing Operation Net Minority Interest": NaN,
        "Reconciled Depreciation": NaN,
        "Reconciled Cost Of Revenue": NaN,
        "EBITDA": NaN,
        "EBIT": NaN,
        "Net Interest Income": NaN,
        "Interest Income": NaN,
        "Normalized Income": NaN,
        "Net Income From Continuing And Discontinued Operation": NaN,
        "Total Expenses": NaN,
        "Total Operating Income As Reported": NaN,
        "Diluted Average Shares": NaN,
        "Basic Average Shares": NaN,
        "Diluted EPS": NaN,
        "Basic EPS": NaN,
        "Diluted NI Availto Com Stockholders": NaN,
        "Average Dilution Earnings": -126000.0,
        "Net Income Common Stockholders": NaN,
        "Net Income": NaN,
        "Net Income Including Noncontrolling Interests": NaN,
        "Net Income Continuous Operations": NaN,
        "Tax Provision": NaN,
        "Pretax Income": NaN,
        "Other Income Expense": NaN,
        "Other Non Operating Income Expenses": NaN,
        "Special Income Charges": NaN,
        "Impairment Of Capital Assets": NaN,
        "Net Non Operating Interest Income Expense": NaN,
        "Interest Income Non Operating": NaN,
        "Operating Income": NaN,
        "Operating Expense": NaN,
        "Selling General And Administration": NaN,
        "Selling And Marketing Expense": NaN,
        "General And Administrative Expense": NaN,
        "Other Gand A": NaN,
        "Gross Profit": NaN,
        "Cost Of Revenue": NaN,
        "Total Revenue": NaN,
        "Excise Taxes": NaN,
        "Operating Revenue": NaN
    },
    "2024-09-30": {
        "Tax Effect Of Unusual Items": -13505468.0,
        "Tax Rate For Calcs": 0.317,
        "Normalized EBITDA": 154962000.0,
        "Total Unusual Items": -42604000.0,
        "Total Unusual Items Excluding Goodwill": -42604000.0,
        "Net Income From Continuing Operation Net Minority Interest": 33514000.0,
        "Reconciled Depreciation": 23921000.0,
        "Reconciled Cost Of Revenue": 325236000.0,
        "EBITDA": 112358000.0,
        "EBIT": 88437000.0,
        "Net Interest Income": 3582000.0,
        "Interest Income": 3582000.0,
        "Normalized Income": 62612532.0,
        "Net Income From Continuing And Discontinued Operation": 33514000.0,
        "Total Expenses": 517040000.0,
        "Total Operating Income As Reported": 45833000.0,
        "Diluted Average Shares": 11682000.0,
        "Basic Average Shares": 11682000.0,
        "Diluted EPS": 2.86,
        "Basic EPS": 2.87,
        "Diluted NI Availto Com Stockholders": 33514000.0,
        "Average Dilution Earnings": NaN,
        "Net Income Common Stockholders": 33514000.0,
        "Net Income": 33514000.0,
        "Net Income Including Noncontrolling Interests": 33514000.0,
        "Net Income Continuous Operations": 33514000.0,
        "Tax Provision": 15584000.0,
        "Pretax Income": 49098000.0,
        "Other Income Expense": -42921000.0,
        "Other Non Operating Income Expenses": -317000.0,
        "Special Income Charges": -42604000.0,
        "Impairment Of Capital Assets": 42604000.0,
        "Net Non Operating Interest Income Expense": 3582000.0,
        "Interest Income Non Operating": 3582000.0,
        "Operating Income": 88437000.0,
        "Operating Expense": 191804000.0,
        "Selling General And Administration": 191804000.0,
        "Selling And Marketing Expense": 147986000.0,
        "General And Administrative Expense": 43818000.0,
        "Other Gand A": 43818000.0,
        "Gross Profit": 280241000.0,
        "Cost Of Revenue": 325236000.0,
        "Total Revenue": 605477000.0,
        "Excise Taxes": 36654000.0,
        "Operating Revenue": 642131000.0
    },
    "2024-12-31": {
        "Tax Effect Of Unusual Items": -8176471.021519,
        "Tax Rate For Calcs": 0.27731,
        "Normalized EBITDA": 26029000.0,
        "Total Unusual Items": -29485000.0,
        "Total Unusual Items Excluding Goodwill": -29485000.0,
        "Net Income From Continuing Operation Net Minority Interest": -38755000.0,
        "Reconciled Depreciation": 23088000.0,
        "Reconciled Cost Of Revenue": 241614000.0,
        "EBITDA": -3456000.0,
        "EBIT": -26544000.0,
        "Net Interest Income": 3228000.0,
        "Interest Income": 3228000.0,
        "Normalized Income": -17446471.021519,
        "Net Income From Continuing And Discontinued Operation": -38755000.0,
        "Total Expenses": 428843000.0,
        "Total Operating Income As Reported": -56029000.0,
        "Diluted Average Shares": 11460000.0,
        "Basic Average Shares": 11460000.0,
        "Diluted EPS": -3.38,
        "Basic EPS": -3.38,
        "Diluted NI Availto Com Stockholders": -38895000.0,
        "Average Dilution Earnings": NaN,
        "Net Income Common Stockholders": -38755000.0,
        "Net Income": -38755000.0,
        "Net Income Including Noncontrolling Interests": -38755000.0,
        "Net Income Continuous Operations": -38755000.0,
        "Tax Provision": -14871000.0,
        "Pretax Income": -53626000.0,
        "Other Income Expense": -30310000.0,
        "Other Non Operating Income Expenses": -825000.0,
        "Special Income Charges": -29485000.0,
        "Impairment Of Capital Assets": 3433000.0,
        "Net Non Operating Interest Income Expense": 3228000.0,
        "Interest Income Non Operating": 3228000.0,
        "Operating Income": -26544000.0,
        "Operating Expense": 187229000.0,
        "Selling General And Administration": 187229000.0,
        "Selling And Marketing Expense": 139549000.0,
        "General And Administrative Expense": 47680000.0,
        "Other Gand A": 47680000.0,
        "Gross Profit": 160685000.0,
        "Cost Of Revenue": 241614000.0,
        "Total Revenue": 402299000.0,
        "Excise Taxes": 26948000.0,
        "Operating Revenue": 429247000.0
    },
    "2025-03-31": {
        "Tax Effect Of Unusual Items": 0.0,
        "Tax Rate For Calcs": 0.319,
        "Normalized EBITDA": 56590000.0,
        "Total Unusual Items": 0.0,
        "Total Unusual Items Excluding Goodwill": 0.0,
        "Net Income From Continuing Operation Net Minority Interest": 24412000.0,
        "Reconciled Depreciation": 22814000.0,
        "Reconciled Cost Of Revenue": 234604000.0,
        "EBITDA": 56590000.0,
        "EBIT": 33776000.0,
        "Net Interest Income": 2331000.0,
        "Interest Income": 2331000.0,
        "Normalized Income": 24412000.0,
        "Net Income From Continuing And Discontinued Operation": 24412000.0,
        "Total Expenses": 420091000.0,
        "Total Operating Income As Reported": 33776000.0,
        "Diluted Average Shares": 11277000.0,
        "Basic Average Shares": 11277000.0,
        "Diluted EPS": 2.16,
        "Basic EPS": 2.16,
        "Diluted NI Availto Com Stockholders": 24350000.0,
        "Average Dilution Earnings": -62000.0,
        "Net Income Common Stockholders": 24412000.0,
        "Net Income": 24412000.0,
        "Net Income Including Noncontrolling Interests": 24412000.0,
        "Net Income Continuous Operations": 24412000.0,
        "Tax Provision": 11431000.0,
        "Pretax Income": 35843000.0,
        "Other Income Expense": -264000.0,
        "Other Non Operating Income Expenses": -264000.0,
        "Special Income Charges": 0.0,
        "Impairment Of Capital Assets": 0.0,
        "Net Non Operating Interest Income Expense": 2331000.0,
        "Interest Income Non Operating": 2331000.0,
        "Operating Income": 33776000.0,
        "Operating Expense": 185487000.0,
        "Selling General And Administration": 185487000.0,
        "Selling And Marketing Expense": 137535000.0,
        "General And Administrative Expense": 47952000.0,
        "Other Gand A": 47952000.0,
        "Gross Profit": 219263000.0,
        "Cost Of Revenue": 234604000.0,
        "Total Revenue": 453867000.0,
        "Excise Taxes": 27490000.0,
        "Operating Revenue": 481357000.0
    },
    "2025-06-30": {
        "Tax Effect Of Unusual Items": -1400785.0,
        "Tax Rate For Calcs": 0.281,
        "Normalized EBITDA": 114403000.0,
        "Total Unusual Items": -4985000.0,
        "Total Unusual Items Excluding Goodwill": -4985000.0,
        "Net Income From Continuing Operation Net Minority Interest": 60433000.0,
        "Reconciled Depreciation": 22364000.0,
        "Reconciled Cost Of Revenue": 295431000.0,
        "EBITDA": 109418000.0,
        "EBIT": 87054000.0,
        "Net Interest Income": 2294000.0,
        "Interest Income": 2294000.0,
        "Normalized Income": 64017215.0,
        "Net Income From Continuing And Discontinued Operation": 60433000.0,
        "Total Expenses": 500895000.0,
        "Total Operating Income As Reported": 82069000.0,
        "Diluted Average Shares": 11090000.0,
        "Basic Average Shares": 11090000.0,
        "Diluted EPS": 5.45,
        "Basic EPS": 5.45,
        "Diluted NI Availto Com Stockholders": 60262000.0,
        "Average Dilution Earnings": -171000.0,
        "Net Income Common Stockholders": 60433000.0,
        "Net Income": 60433000.0,
        "Net Income Including Noncontrolling Interests": 60433000.0,
        "Net Income Continuous Operations": 60433000.0,
        "Tax Provision": 23621000.0,
        "Pretax Income": 84054000.0,
        "Other Income Expense": -5294000.0,
        "Other Non Operating Income Expenses": -309000.0,
        "Special Income Charges": -4985000.0,
        "Impairment Of Capital Assets": 4985000.0,
        "Net Non Operating Interest Income Expense": 2294000.0,
        "Interest Income Non Operating": 2294000.0,
        "Operating Income": 87054000.0,
        "Operating Expense": 205464000.0,
        "Selling General And Administration": 205464000.0,
        "Selling And Marketing Expense": 159713000.0,
        "General And Administrative Expense": 45751000.0,
        "Other Gand A": 45751000.0,
        "Gross Profit": 292518000.0,
        "Cost Of Revenue": 295431000.0,
        "Total Revenue": 587949000.0,
        "Excise Taxes": 37476000.0,
        "Operating Revenue": 625425000.0
    },
    "2025-09-30": {
        "Tax Effect Of Unusual Items": -397896.0,
        "Tax Rate For Calcs": 0.281,
        "Normalized EBITDA": 87429000.0,
        "Total Unusual Items": -1416000.0,
        "Total Unusual Items Excluding Goodwill": -1416000.0,
        "Net Income From Continuing Operation Net Minority Interest": 46155000.0,
        "Reconciled Depreciation": 22548000.0,
        "Reconciled Cost Of Revenue": 264377000.0,
        "EBITDA": 86013000.0,
        "EBIT": 63465000.0,
        "Net Interest Income": 2696000.0,
        "Interest Income": 2696000.0,
        "Normalized Income": 47173104.0,
        "Net Income From Continuing And Discontinued Operation": 46155000.0,
        "Total Expenses": 474029000.0,
        "Total Operating Income As Reported": 62049000.0,
        "Diluted Average Shares": 10855000.0,
        "Basic Average Shares": 10855000.0,
        "Diluted EPS": 4.25,
        "Basic EPS": 4.25,
        "Diluted NI Availto Com Stockholders": 46155000.0,
        "Average Dilution Earnings": NaN,
        "Net Income Common Stockholders": 46155000.0,
        "Net Income": 46155000.0,
        "Net Income Including Noncontrolling Interests": 46155000.0,
        "Net Income Continuous Operations": 46155000.0,
        "Tax Provision": 17995000.0,
        "Pretax Income": 64150000.0,
        "Other Income Expense": -2011000.0,
        "Other Non Operating Income Expenses": -595000.0,
        "Special Income Charges": -1416000.0,
        "Impairment Of Capital Assets": 1416000.0,
        "Net Non Operating Interest Income Expense": 2696000.0,
        "Interest Income Non Operating": 2696000.0,
        "Operating Income": 63465000.0,
        "Operating Expense": 209652000.0,
        "Selling General And Administration": 209652000.0,
        "Selling And Marketing Expense": 164739000.0,
        "General And Administrative Expense": 44913000.0,
        "Other Gand A": 44913000.0,
        "Gross Profit": 273117000.0,
        "Cost Of Revenue": 264377000.0,
        "Total Revenue": 537494000.0,
        "Excise Taxes": 33982000.0,
        "Operating Revenue": 571476000.0
    }
}