{
    "2023-06-30": {
        "Tax Effect Of Unusual Items": NaN,
        "Tax Rate For Calcs": NaN,
        "Normalized EBITDA": NaN,
        "Net Income From Continuing Operation Net Minority Interest": NaN,
        "Reconciled Depreciation": NaN,
        "Reconciled Cost Of Revenue": NaN,
        "EBITDA": NaN,
        "EBIT": NaN,
        "Net Interest Income": NaN,
        "Interest Expense": NaN,
        "Interest Income": NaN,
        "Normalized Income": NaN,
        "Net Income From Continuing And Discontinued Operation": NaN,
        "Total Expenses": NaN,
        "Diluted Average Shares": NaN,
        "Basic Average Shares": NaN,
        "Diluted EPS": NaN,
        "Basic EPS": NaN,
        "Diluted NI Availto Com Stockholders": NaN,
        "Net Income Common Stockholders": NaN,
        "Net Income": NaN,
        "Minority Interests": NaN,
        "Net Income Including Noncontrolling Interests": NaN,
        "Net Income Continuous Operations": NaN,
        "Tax Provision": NaN,
        "Pretax Income": NaN,
        "Other Income Expense": NaN,
        "Other Non Operating Income Expenses": NaN,
        "Net Non Operating Interest Income Expense": NaN,
        "Interest Expense Non Operating": NaN,
        "Interest Income Non Operating": NaN,
        "Operating Income": NaN,
        "Operating Expense": NaN,
        "Selling General And Administration": NaN,
        "General And Administrative Expense": NaN,
        "Other Gand A": NaN,
        "Salaries And Wages": 382000.0,
        "Gross Profit": NaN,
        "Cost Of Revenue": NaN,
        "Total Revenue": NaN,
        "Operating Revenue": NaN
    },
    "2023-03-31": {
        "Tax Effect Of Unusual Items": NaN,
        "Tax Rate For Calcs": NaN,
        "Normalized EBITDA": NaN,
        "Net Income From Continuing Operation Net Minority Interest": NaN,
        "Reconciled Depreciation": NaN,
        "Reconciled Cost Of Revenue": NaN,
        "EBITDA": NaN,
        "EBIT": NaN,
        "Net Interest Income": NaN,
        "Interest Expense": NaN,
        "Interest Income": NaN,
        "Normalized Income": NaN,
        "Net Income From Continuing And Discontinued Operation": NaN,
        "Total Expenses": NaN,
        "Diluted Average Shares": 9577901.0,
        "Basic Average Shares": 9548766.0,
        "Diluted EPS": 0.33,
        "Basic EPS": 0.34,
        "Diluted NI Availto Com Stockholders": NaN,
        "Net Income Common Stockholders": NaN,
        "Net Income": NaN,
        "Minority Interests": NaN,
        "Net Income Including Noncontrolling Interests": NaN,
        "Net Income Continuous Operations": NaN,
        "Tax Provision": NaN,
        "Pretax Income": NaN,
        "Other Income Expense": NaN,
        "Other Non Operating Income Expenses": NaN,
        "Net Non Operating Interest Income Expense": NaN,
        "Interest Expense Non Operating": NaN,
        "Interest Income Non Operating": NaN,
        "Operating Income": NaN,
        "Operating Expense": NaN,
        "Selling General And Administration": NaN,
        "General And Administrative Expense": NaN,
        "Other Gand A": NaN,
        "Salaries And Wages": 312000.0,
        "Gross Profit": NaN,
        "Cost Of Revenue": NaN,
        "Total Revenue": NaN,
        "Operating Revenue": NaN
    },
    "2022-12-31": {
        "Tax Effect Of Unusual Items": NaN,
        "Tax Rate For Calcs": NaN,
        "Normalized EBITDA": NaN,
        "Total Unusual Items": -28000.0,
        "Total Unusual Items Excluding Goodwill": -28000.0,
        "Net Income From Continuing Operation Net Minority Interest": NaN,
        "Reconciled Depreciation": NaN,
        "Reconciled Cost Of Revenue": NaN,
        "EBITDA": NaN,
        "EBIT": NaN,
        "Net Interest Income": NaN,
        "Interest Expense": NaN,
        "Interest Income": NaN,
        "Normalized Income": NaN,
        "Net Income From Continuing And Discontinued Operation": NaN,
        "Total Expenses": NaN,
        "Diluted Average Shares": NaN,
        "Basic Average Shares": NaN,
        "Diluted EPS": NaN,
        "Basic EPS": NaN,
        "Diluted NI Availto Com Stockholders": NaN,
        "Net Income Common Stockholders": NaN,
        "Net Income": NaN,
        "Minority Interests": NaN,
        "Net Income Including Noncontrolling Interests": NaN,
        "Net Income Continuous Operations": NaN,
        "Tax Provision": NaN,
        "Pretax Income": NaN,
        "Other Income Expense": NaN,
        "Other Non Operating Income Expenses": NaN,
        "Gain On Sale Of Security": -28000.0,
        "Net Non Operating Interest Income Expense": NaN,
        "Interest Expense Non Operating": NaN,
        "Interest Income Non Operating": NaN,
        "Operating Income": NaN,
        "Operating Expense": NaN,
        "Selling General And Administration": NaN,
        "General And Administrative Expense": NaN,
        "Other Gand A": NaN,
        "Salaries And Wages": NaN,
        "Gross Profit": NaN,
        "Cost Of Revenue": NaN,
        "Total Revenue": NaN,
        "Operating Revenue": NaN
    },
    "2022-09-30": {
        "Tax Effect Of Unusual Items": NaN,
        "Tax Rate For Calcs": NaN,
        "Normalized EBITDA": NaN,
        "Total Unusual Items": -2000.0,
        "Total Unusual Items Excluding Goodwill": -2000.0,
        "Net Income From Continuing Operation Net Minority Interest": NaN,
        "Reconciled Depreciation": NaN,
        "Reconciled Cost Of Revenue": NaN,
        "EBITDA": NaN,
        "EBIT": NaN,
        "Net Interest Income": NaN,
        "Interest Expense": NaN,
        "Interest Income": NaN,
        "Normalized Income": NaN,
        "Net Income From Continuing And Discontinued Operation": NaN,
        "Total Expenses": NaN,
        "Diluted Average Shares": NaN,
        "Basic Average Shares": NaN,
        "Diluted EPS": NaN,
        "Basic EPS": NaN,
        "Diluted NI Availto Com Stockholders": NaN,
        "Net Income Common Stockholders": NaN,
        "Net Income": NaN,
        "Minority Interests": NaN,
        "Net Income Including Noncontrolling Interests": NaN,
        "Net Income Continuous Operations": NaN,
        "Tax Provision": NaN,
        "Pretax Income": NaN,
        "Other Income Expense": NaN,
        "Other Non Operating Income Expenses": NaN,
        "Gain On Sale Of Security": -2000.0,
        "Net Non Operating Interest Income Expense": NaN,
        "Interest Expense Non Operating": NaN,
        "Interest Income Non Operating": NaN,
        "Operating Income": NaN,
        "Operating Expense": NaN,
        "Selling General And Administration": NaN,
        "General And Administrative Expense": NaN,
        "Other Gand A": NaN,
        "Salaries And Wages": 285000.0,
        "Gross Profit": NaN,
        "Cost Of Revenue": NaN,
        "Total Revenue": NaN,
        "Operating Revenue": NaN
    },
    "2022-06-30": {
        "Tax Effect Of Unusual Items": -198.968375,
        "Tax Rate For Calcs": 0.198968,
        "Normalized EBITDA": 12880000.0,
        "Total Unusual Items": -1000.0,
        "Total Unusual Items Excluding Goodwill": -1000.0,
        "Net Income From Continuing Operation Net Minority Interest": 5770000.0,
        "Reconciled Depreciation": 970000.0,
        "Reconciled Cost Of Revenue": 17971000.0,
        "EBITDA": 12879000.0,
        "EBIT": 11909000.0,
        "Net Interest Income": -80000.0,
        "Interest Expense": 83000.0,
        "Interest Income": 3000.0,
        "Normalized Income": 5770801.031625,
        "Net Income From Continuing And Discontinued Operation": 5770000.0,
        "Total Expenses": 20273000.0,
        "Diluted Average Shares": 9913437.0,
        "Basic Average Shares": 9887018.0,
        "Diluted EPS": 0.58,
        "Basic EPS": 0.58,
        "Diluted NI Availto Com Stockholders": 5770000.0,
        "Net Income Common Stockholders": 5770000.0,
        "Net Income": 5770000.0,
        "Minority Interests": -3703000.0,
        "Net Income Including Noncontrolling Interests": 9473000.0,
        "Net Income Continuous Operations": 9473000.0,
        "Tax Provision": 2353000.0,
        "Pretax Income": 11826000.0,
        "Other Income Expense": 6000.0,
        "Other Non Operating Income Expenses": 7000.0,
        "Gain On Sale Of Security": -1000.0,
        "Net Non Operating Interest Income Expense": -80000.0,
        "Interest Expense Non Operating": 83000.0,
        "Interest Income Non Operating": 3000.0,
        "Operating Income": 11900000.0,
        "Operating Expense": 2302000.0,
        "Selling General And Administration": 2302000.0,
        "General And Administrative Expense": 2302000.0,
        "Other Gand A": 2302000.0,
        "Salaries And Wages": NaN,
        "Gross Profit": 14202000.0,
        "Cost Of Revenue": 17971000.0,
        "Total Revenue": 32173000.0,
        "Operating Revenue": 32173000.0
    },
    "2022-03-31": {
        "Diluted EPS": 0.77,
        "Total Revenue": 34,
        "Gross Profit": 34,
        "Operating Income": 15,
        "EBIT": 16,
        "Net Income": 8
    },
    "2021-12-31": {
        "Diluted EPS": 0.53,
        "Total Revenue": 34,
        "Gross Profit": 34,
        "Operating Income": 9,
        "EBIT": 10,
        "Net Income": 5
    },
    "2021-09-30": {
        "Diluted EPS": 0.38,
        "Total Revenue": 33,
        "Gross Profit": 33,
        "Operating Income": 8,
        "EBIT": 9,
        "Net Income": 4
    },
    "2021-06-30": {
        "Diluted EPS": 0.35,
        "Total Revenue": 33,
        "Gross Profit": 33,
        "Operating Income": 7,
        "EBIT": 8,
        "Net Income": 3
    },
    "2021-03-31": {
        "Diluted EPS": 0.26,
        "Total Revenue": 31,
        "Gross Profit": 31,
        "Operating Income": 6,
        "EBIT": 7,
        "Net Income": 3
    },
    "2020-12-31": {
        "Diluted EPS": 0.19,
        "Total Revenue": 28,
        "Gross Profit": 28,
        "Operating Income": 3,
        "EBIT": 4,
        "Net Income": 2
    },
    "2020-09-30": {
        "Diluted EPS": 0.22,
        "Total Revenue": 27,
        "Gross Profit": 27,
        "Operating Income": 5,
        "EBIT": 6,
        "Net Income": 2
    },
    "2020-06-30": {
        "Diluted EPS": 0.05,
        "Total Revenue": 24,
        "Gross Profit": 24,
        "Operating Income": 1,
        "EBIT": 2,
        "Net Income": 0
    },
    "2020-03-31": {
        "Diluted EPS": 0.59,
        "Total Revenue": 28,
        "Gross Profit": 28,
        "Operating Income": 13,
        "EBIT": 14,
        "Net Income": 6
    },
    "2019-12-31": {
        "Diluted EPS": 0.26,
        "Total Revenue": 28,
        "Gross Profit": 28,
        "Operating Income": 4,
        "EBIT": 5,
        "Net Income": 2
    },
    "2019-09-30": {
        "Diluted EPS": 0.3,
        "Total Revenue": 28,
        "Gross Profit": 28,
        "Operating Income": 6,
        "EBIT": 7,
        "Net Income": 3
    },
    "2019-06-30": {
        "Diluted EPS": 0.22,
        "Total Revenue": 24,
        "Gross Profit": 24,
        "Operating Income": 4,
        "EBIT": 5,
        "Net Income": 2
    },
    "2019-03-31": {
        "Diluted EPS": 0.2,
        "Total Revenue": 23,
        "Gross Profit": 23,
        "Operating Income": 4,
        "EBIT": 5,
        "Net Income": 2
    },
    "2018-12-31": {
        "Diluted EPS": 0.35,
        "Total Revenue": 25,
        "Gross Profit": 25,
        "Operating Income": 5,
        "EBIT": 6,
        "Net Income": 3
    },
    "2018-09-30": {
        "Diluted EPS": 0.26,
        "Total Revenue": 25,
        "Gross Profit": 25,
        "Operating Income": 5,
        "EBIT": 6,
        "Net Income": 2
    },
    "2018-06-30": {
        "Diluted EPS": 0.28,
        "Total Revenue": 25,
        "Gross Profit": 25,
        "Operating Income": 5,
        "EBIT": 6,
        "Net Income": 2
    },
    "2018-03-31": {
        "Diluted EPS": 0.27,
        "Total Revenue": 24,
        "Gross Profit": 24,
        "Operating Income": 5,
        "EBIT": 6,
        "Net Income": 2
    },
    "2017-12-31": {
        "Diluted EPS": -0.01,
        "Total Revenue": 24,
        "Gross Profit": 24,
        "Operating Income": 5,
        "EBIT": 6,
        "Net Income": 0
    },
    "2017-09-30": {
        "Diluted EPS": 0.23,
        "Total Revenue": 23,
        "Gross Profit": 23,
        "Operating Income": 5,
        "EBIT": 6,
        "Net Income": 2
    },
    "2017-06-30": {
        "Diluted EPS": 0.23,
        "Total Revenue": 22,
        "Gross Profit": 22,
        "Operating Income": 5,
        "EBIT": 6,
        "Net Income": 2
    },
    "2017-03-31": {
        "Diluted EPS": 0.21,
        "Total Revenue": 22,
        "Gross Profit": 22,
        "Operating Income": 5,
        "EBIT": 5,
        "Net Income": 2
    },
    "2016-12-31": {
        "Diluted EPS": 0.15,
        "Total Revenue": 21,
        "Gross Profit": 21,
        "Operating Income": 3,
        "EBIT": 4,
        "Net Income": 1
    },
    "2016-09-30": {
        "Diluted EPS": 0.19,
        "Total Revenue": 20,
        "Gross Profit": 20,
        "Operating Income": 4,
        "EBIT": 5,
        "Net Income": 1
    },
    "2016-06-30": {
        "Diluted EPS": 0.12,
        "Total Revenue": 19,
        "Gross Profit": 19,
        "Operating Income": 4,
        "EBIT": 4,
        "Net Income": 1
    },
    "2016-03-31": {
        "Diluted EPS": 0.16,
        "Total Revenue": 19,
        "Gross Profit": 19,
        "Operating Income": 4,
        "EBIT": 4,
        "Net Income": 1
    },
    "2015-12-31": {
        "Diluted EPS": 0.11,
        "Total Revenue": 19,
        "Gross Profit": 19,
        "Operating Income": 4,
        "EBIT": 5,
        "Net Income": 1
    },
    "2015-09-30": {
        "Diluted EPS": 0.17,
        "Total Revenue": 20,
        "Gross Profit": 20,
        "Operating Income": 4,
        "EBIT": 5,
        "Net Income": 1
    },
    "2015-06-30": {
        "Diluted EPS": 0.22,
        "Total Revenue": 19,
        "Gross Profit": 19,
        "Operating Income": 5,
        "EBIT": 5,
        "Net Income": 2
    },
    "2015-03-31": {
        "Diluted EPS": 0.18,
        "Total Revenue": 17,
        "Gross Profit": 17,
        "Operating Income": 4,
        "EBIT": 5,
        "Net Income": 1
    },
    "2014-12-31": {
        "Diluted EPS": 0.14,
        "Total Revenue": 18,
        "Gross Profit": 18,
        "Operating Income": 3,
        "EBIT": 3,
        "Net Income": 1
    },
    "2014-09-30": {
        "Diluted EPS": 0.18,
        "Total Revenue": 18,
        "Gross Profit": 18,
        "Operating Income": 4,
        "EBIT": 5,
        "Net Income": 1
    },
    "2014-06-30": {
        "Diluted EPS": 0.18,
        "Total Revenue": 17,
        "Gross Profit": 17,
        "Operating Income": 4,
        "EBIT": 5,
        "Net Income": 1
    },
    "2014-03-31": {
        "Diluted EPS": 0.13,
        "Total Revenue": 17,
        "Gross Profit": 17,
        "Operating Income": 4,
        "EBIT": 4,
        "Net Income": 1
    },
    "2013-12-31": {
        "Diluted EPS": 0.48,
        "Total Revenue": 17,
        "Gross Profit": 17,
        "Operating Income": 2,
        "EBIT": 2,
        "Net Income": 2
    },
    "2013-09-30": {
        "Diluted EPS": 0.14,
        "Total Revenue": 15,
        "Gross Profit": 15,
        "Operating Income": 3,
        "EBIT": 4,
        "Net Income": 1
    },
    "2013-06-30": {
        "Diluted EPS": 0.49,
        "Total Revenue": 14,
        "Gross Profit": 14,
        "Operating Income": 6,
        "EBIT": 6,
        "Net Income": 5
    },
    "2013-03-31": {
        "Diluted EPS": 0.52,
        "Total Revenue": 14,
        "Gross Profit": 14,
        "Operating Income": 6,
        "EBIT": 6,
        "Net Income": 5
    },
    "2012-12-31": {
        "Diluted EPS": 0.0,
        "Total Revenue": NaN,
        "Gross Profit": NaN,
        "Operating Income": NaN,
        "EBIT": NaN,
        "Net Income": NaN
    },
    "2012-09-30": {
        "Diluted EPS": 0.44,
        "Total Revenue": 13,
        "Gross Profit": 13,
        "Operating Income": 5,
        "EBIT": 5,
        "Net Income": 5
    },
    "2012-06-30": {
        "Diluted EPS": 0.0,
        "Total Revenue": 13,
        "Gross Profit": 13,
        "Operating Income": 5,
        "EBIT": 5,
        "Net Income": 5
    },
    "2011-12-31": {
        "Diluted EPS": 0.0,
        "Total Revenue": NaN,
        "Gross Profit": NaN,
        "Operating Income": NaN,
        "EBIT": NaN,
        "Net Income": NaN
    },
    "2010-12-31": {
        "Diluted EPS": 0.0,
        "Total Revenue": NaN,
        "Gross Profit": NaN,
        "Operating Income": NaN,
        "EBIT": NaN,
        "Net Income": NaN
    },
    "2023-09-30": {
        "Tax Effect Of Unusual Items": NaN,
        "Tax Rate For Calcs": NaN,
        "Normalized EBITDA": NaN,
        "Net Income From Continuing Operation Net Minority Interest": NaN,
        "Reconciled Depreciation": NaN,
        "Reconciled Cost Of Revenue": NaN,
        "EBITDA": NaN,
        "EBIT": NaN,
        "Net Interest Income": NaN,
        "Interest Expense": NaN,
        "Interest Income": NaN,
        "Normalized Income": NaN,
        "Net Income From Continuing And Discontinued Operation": NaN,
        "Total Expenses": NaN,
        "Diluted Average Shares": NaN,
        "Basic Average Shares": NaN,
        "Diluted EPS": NaN,
        "Basic EPS": NaN,
        "Diluted NI Availto Com Stockholders": NaN,
        "Net Income Common Stockholders": NaN,
        "Net Income": NaN,
        "Minority Interests": NaN,
        "Net Income Including Noncontrolling Interests": NaN,
        "Net Income Continuous Operations": NaN,
        "Tax Provision": NaN,
        "Pretax Income": NaN,
        "Other Income Expense": NaN,
        "Other Non Operating Income Expenses": NaN,
        "Net Non Operating Interest Income Expense": NaN,
        "Interest Expense Non Operating": NaN,
        "Interest Income Non Operating": NaN,
        "Operating Income": NaN,
        "Operating Expense": NaN,
        "Selling General And Administration": NaN,
        "General And Administrative Expense": NaN,
        "Other Gand A": NaN,
        "Salaries And Wages": 353000.0,
        "Gross Profit": NaN,
        "Cost Of Revenue": NaN,
        "Total Revenue": NaN,
        "Operating Revenue": NaN
    },
    "2023-12-31": {
        "Tax Effect Of Unusual Items": 0.0,
        "Tax Rate For Calcs": 0.21,
        "Normalized EBITDA": 675000.0,
        "Net Income From Continuing Operation Net Minority Interest": -411000.0,
        "Reconciled Depreciation": 1001000.0,
        "Reconciled Cost Of Revenue": 23721000.0,
        "EBITDA": 675000.0,
        "EBIT": -326000.0,
        "Net Interest Income": 418000.0,
        "Interest Expense": 107000.0,
        "Interest Income": 525000.0,
        "Normalized Income": -411000.0,
        "Net Income From Continuing And Discontinued Operation": -411000.0,
        "Total Expenses": 29511000.0,
        "Diluted Average Shares": NaN,
        "Basic Average Shares": NaN,
        "Diluted EPS": NaN,
        "Basic EPS": NaN,
        "Diluted NI Availto Com Stockholders": -411000.0,
        "Net Income Common Stockholders": -411000.0,
        "Net Income": -411000.0,
        "Minority Interests": 231000.0,
        "Net Income Including Noncontrolling Interests": -642000.0,
        "Net Income Continuous Operations": -642000.0,
        "Tax Provision": 209000.0,
        "Pretax Income": -433000.0,
        "Other Income Expense": 118000.0,
        "Other Non Operating Income Expenses": 45000.0,
        "Net Non Operating Interest Income Expense": 418000.0,
        "Interest Expense Non Operating": 107000.0,
        "Interest Income Non Operating": 525000.0,
        "Operating Income": -969000.0,
        "Operating Expense": 5790000.0,
        "Selling General And Administration": 5790000.0,
        "General And Administrative Expense": 5790000.0,
        "Other Gand A": 6837000.0,
        "Salaries And Wages": NaN,
        "Gross Profit": 4821000.0,
        "Cost Of Revenue": 23721000.0,
        "Total Revenue": 28542000.0,
        "Operating Revenue": 28542000.0
    },
    "2024-03-31": {
        "Tax Effect Of Unusual Items": NaN,
        "Tax Rate For Calcs": NaN,
        "Normalized EBITDA": NaN,
        "Net Income From Continuing Operation Net Minority Interest": NaN,
        "Reconciled Depreciation": NaN,
        "Reconciled Cost Of Revenue": NaN,
        "EBITDA": NaN,
        "EBIT": NaN,
        "Net Interest Income": NaN,
        "Interest Expense": NaN,
        "Interest Income": NaN,
        "Normalized Income": NaN,
        "Net Income From Continuing And Discontinued Operation": NaN,
        "Total Expenses": NaN,
        "Diluted Average Shares": NaN,
        "Basic Average Shares": NaN,
        "Diluted EPS": NaN,
        "Basic EPS": NaN,
        "Diluted NI Availto Com Stockholders": NaN,
        "Net Income Common Stockholders": NaN,
        "Net Income": NaN,
        "Minority Interests": NaN,
        "Net Income Including Noncontrolling Interests": NaN,
        "Net Income Continuous Operations": NaN,
        "Tax Provision": NaN,
        "Pretax Income": NaN,
        "Other Income Expense": NaN,
        "Other Non Operating Income Expenses": NaN,
        "Net Non Operating Interest Income Expense": NaN,
        "Interest Expense Non Operating": NaN,
        "Interest Income Non Operating": NaN,
        "Operating Income": NaN,
        "Operating Expense": NaN,
        "Selling General And Administration": NaN,
        "General And Administrative Expense": NaN,
        "Other Gand A": NaN,
        "Salaries And Wages": 354000.0,
        "Gross Profit": NaN,
        "Cost Of Revenue": NaN,
        "Total Revenue": NaN,
        "Operating Revenue": NaN
    },
    "2024-06-30": {
        "Tax Effect Of Unusual Items": NaN,
        "Tax Rate For Calcs": NaN,
        "Normalized EBITDA": NaN,
        "Total Unusual Items": NaN,
        "Total Unusual Items Excluding Goodwill": NaN,
        "Net Income From Continuing Operation Net Minority Interest": NaN,
        "Reconciled Depreciation": NaN,
        "Reconciled Cost Of Revenue": NaN,
        "EBITDA": NaN,
        "EBIT": NaN,
        "Net Interest Income": NaN,
        "Interest Expense": NaN,
        "Interest Income": NaN,
        "Normalized Income": NaN,
        "Net Income From Continuing And Discontinued Operation": NaN,
        "Total Expenses": NaN,
        "Diluted Average Shares": NaN,
        "Basic Average Shares": NaN,
        "Diluted EPS": NaN,
        "Basic EPS": NaN,
        "Diluted NI Availto Com Stockholders": NaN,
        "Net Income Common Stockholders": NaN,
        "Net Income": NaN,
        "Minority Interests": NaN,
        "Net Income Including Noncontrolling Interests": NaN,
        "Net Income Continuous Operations": NaN,
        "Tax Provision": NaN,
        "Pretax Income": NaN,
        "Other Income Expense": NaN,
        "Other Non Operating Income Expenses": NaN,
        "Gain On Sale Of Security": NaN,
        "Net Non Operating Interest Income Expense": NaN,
        "Interest Expense Non Operating": NaN,
        "Interest Income Non Operating": NaN,
        "Operating Income": NaN,
        "Operating Expense": NaN,
        "Selling General And Administration": NaN,
        "General And Administrative Expense": NaN,
        "Other Gand A": NaN,
        "Salaries And Wages": 485000.0,
        "Gross Profit": NaN,
        "Cost Of Revenue": NaN,
        "Total Revenue": NaN,
        "Operating Revenue": NaN
    },
    "2024-09-30": {
        "Tax Effect Of Unusual Items": 0.0,
        "Tax Rate For Calcs": 0.227,
        "Normalized EBITDA": 5875000.0,
        "Total Unusual Items": NaN,
        "Total Unusual Items Excluding Goodwill": NaN,
        "Net Income From Continuing Operation Net Minority Interest": 2252000.0,
        "Reconciled Depreciation": 1034000.0,
        "Reconciled Cost Of Revenue": 18062000.0,
        "EBITDA": 5875000.0,
        "EBIT": 4841000.0,
        "Net Interest Income": 359000.0,
        "Interest Expense": 15000.0,
        "Interest Income": 374000.0,
        "Normalized Income": 2252000.0,
        "Net Income From Continuing And Discontinued Operation": 2252000.0,
        "Total Expenses": 25967000.0,
        "Diluted Average Shares": 9579172.0,
        "Basic Average Shares": 9541407.0,
        "Diluted EPS": 0.24,
        "Basic EPS": 0.24,
        "Diluted NI Availto Com Stockholders": 2252000.0,
        "Net Income Common Stockholders": 2252000.0,
        "Net Income": 2252000.0,
        "Minority Interests": -1478000.0,
        "Net Income Including Noncontrolling Interests": 3730000.0,
        "Net Income Continuous Operations": 3730000.0,
        "Tax Provision": 1096000.0,
        "Pretax Income": 4826000.0,
        "Other Income Expense": 10000.0,
        "Other Non Operating Income Expenses": 10000.0,
        "Gain On Sale Of Security": NaN,
        "Net Non Operating Interest Income Expense": 359000.0,
        "Interest Expense Non Operating": 15000.0,
        "Interest Income Non Operating": 374000.0,
        "Operating Income": 4457000.0,
        "Operating Expense": 7905000.0,
        "Selling General And Administration": 7905000.0,
        "General And Administrative Expense": 7905000.0,
        "Other Gand A": 7369000.0,
        "Salaries And Wages": 536000.0,
        "Gross Profit": 12362000.0,
        "Cost Of Revenue": 18062000.0,
        "Total Revenue": 30424000.0,
        "Operating Revenue": 30424000.0
    },
    "2024-12-31": {
        "Tax Effect Of Unusual Items": 0.0,
        "Tax Rate For Calcs": 0.267067,
        "Normalized EBITDA": 4746000.0,
        "Total Unusual Items": NaN,
        "Total Unusual Items Excluding Goodwill": NaN,
        "Net Income From Continuing Operation Net Minority Interest": 1618000.0,
        "Reconciled Depreciation": 1035000.0,
        "Reconciled Cost Of Revenue": 23277000.0,
        "EBITDA": 4746000.0,
        "EBIT": 3711000.0,
        "Net Interest Income": 373000.0,
        "Interest Expense": 49000.0,
        "Interest Income": 422000.0,
        "Normalized Income": 1618000.0,
        "Net Income From Continuing And Discontinued Operation": 1618000.0,
        "Total Expenses": 30005000.0,
        "Diluted Average Shares": 9487453.0,
        "Basic Average Shares": 9450344.0,
        "Diluted EPS": 0.17,
        "Basic EPS": 0.17,
        "Diluted NI Availto Com Stockholders": 1618000.0,
        "Net Income Common Stockholders": 1618000.0,
        "Net Income": 1618000.0,
        "Minority Interests": -1066000.0,
        "Net Income Including Noncontrolling Interests": 2684000.0,
        "Net Income Continuous Operations": 2684000.0,
        "Tax Provision": 978000.0,
        "Pretax Income": 3662000.0,
        "Other Income Expense": 1332000.0,
        "Other Non Operating Income Expenses": 178000.0,
        "Gain On Sale Of Security": NaN,
        "Net Non Operating Interest Income Expense": 373000.0,
        "Interest Expense Non Operating": 49000.0,
        "Interest Income Non Operating": 422000.0,
        "Operating Income": 1957000.0,
        "Operating Expense": 6728000.0,
        "Selling General And Administration": 6728000.0,
        "General And Administrative Expense": 6728000.0,
        "Other Gand A": 8102000.0,
        "Salaries And Wages": NaN,
        "Gross Profit": 8685000.0,
        "Cost Of Revenue": 23277000.0,
        "Total Revenue": 31962000.0,
        "Operating Revenue": 31962000.0
    },
    "2025-03-31": {
        "Tax Effect Of Unusual Items": 0.0,
        "Tax Rate For Calcs": 0.23,
        "Normalized EBITDA": 6156000.0,
        "Total Unusual Items": NaN,
        "Total Unusual Items Excluding Goodwill": NaN,
        "Net Income From Continuing Operation Net Minority Interest": 2469000.0,
        "Reconciled Depreciation": 1039000.0,
        "Reconciled Cost Of Revenue": 18427000.0,
        "EBITDA": 6156000.0,
        "EBIT": 5117000.0,
        "Net Interest Income": 258000.0,
        "Interest Expense": 15000.0,
        "Interest Income": 273000.0,
        "Normalized Income": 2469000.0,
        "Net Income From Continuing And Discontinued Operation": 2469000.0,
        "Total Expenses": 26555000.0,
        "Diluted Average Shares": 9618888.0,
        "Basic Average Shares": 9581779.0,
        "Diluted EPS": 0.26,
        "Basic EPS": 0.26,
        "Diluted NI Availto Com Stockholders": 2469000.0,
        "Net Income Common Stockholders": 2469000.0,
        "Net Income": 2469000.0,
        "Minority Interests": -1459000.0,
        "Net Income Including Noncontrolling Interests": 3928000.0,
        "Net Income Continuous Operations": 3928000.0,
        "Tax Provision": 1174000.0,
        "Pretax Income": 5102000.0,
        "Other Income Expense": 7000.0,
        "Other Non Operating Income Expenses": 7000.0,
        "Gain On Sale Of Security": NaN,
        "Net Non Operating Interest Income Expense": 258000.0,
        "Interest Expense Non Operating": 15000.0,
        "Interest Income Non Operating": 273000.0,
        "Operating Income": 4837000.0,
        "Operating Expense": 8128000.0,
        "Selling General And Administration": 8128000.0,
        "General And Administrative Expense": 8128000.0,
        "Other Gand A": 7674000.0,
        "Salaries And Wages": 454000.0,
        "Gross Profit": 12965000.0,
        "Cost Of Revenue": 18427000.0,
        "Total Revenue": 31392000.0,
        "Operating Revenue": 31392000.0
    },
    "2025-06-30": {
        "Tax Effect Of Unusual Items": 0.0,
        "Tax Rate For Calcs": 0.251841,
        "Normalized EBITDA": 5303000.0,
        "Total Unusual Items": NaN,
        "Total Unusual Items Excluding Goodwill": NaN,
        "Net Income From Continuing Operation Net Minority Interest": 1918000.0,
        "Reconciled Depreciation": 1079000.0,
        "Reconciled Cost Of Revenue": 18404000.0,
        "EBITDA": 5303000.0,
        "EBIT": 4224000.0,
        "Net Interest Income": 148000.0,
        "Interest Expense": 15000.0,
        "Interest Income": 163000.0,
        "Normalized Income": 1918000.0,
        "Net Income From Continuing And Discontinued Operation": 1918000.0,
        "Total Expenses": 26632000.0,
        "Diluted Average Shares": 9124278.0,
        "Basic Average Shares": 9095966.0,
        "Diluted EPS": 0.21,
        "Basic EPS": 0.21,
        "Diluted NI Availto Com Stockholders": 1918000.0,
        "Net Income Common Stockholders": 1918000.0,
        "Net Income": 1918000.0,
        "Minority Interests": -1231000.0,
        "Net Income Including Noncontrolling Interests": 3149000.0,
        "Net Income Continuous Operations": 3149000.0,
        "Tax Provision": 1060000.0,
        "Pretax Income": 4209000.0,
        "Other Income Expense": 20000.0,
        "Other Non Operating Income Expenses": 20000.0,
        "Gain On Sale Of Security": NaN,
        "Net Non Operating Interest Income Expense": 148000.0,
        "Interest Expense Non Operating": 15000.0,
        "Interest Income Non Operating": 163000.0,
        "Operating Income": 4041000.0,
        "Operating Expense": 8228000.0,
        "Selling General And Administration": 8228000.0,
        "General And Administrative Expense": 8228000.0,
        "Other Gand A": 7827000.0,
        "Salaries And Wages": 401000.0,
        "Gross Profit": 12269000.0,
        "Cost Of Revenue": 18404000.0,
        "Total Revenue": 30673000.0,
        "Operating Revenue": 30673000.0
    },
    "2025-09-30": {
        "Tax Effect Of Unusual Items": -2904.0,
        "Tax Rate For Calcs": 0.264,
        "Normalized EBITDA": 2564000.0,
        "Total Unusual Items": -11000.0,
        "Total Unusual Items Excluding Goodwill": -11000.0,
        "Net Income From Continuing Operation Net Minority Interest": 618000.0,
        "Reconciled Depreciation": 1058000.0,
        "Reconciled Cost Of Revenue": 21361000.0,
        "EBITDA": 2553000.0,
        "EBIT": 1495000.0,
        "Net Interest Income": 133000.0,
        "Interest Expense": 15000.0,
        "Interest Income": 148000.0,
        "Normalized Income": 626096.0,
        "Net Income From Continuing And Discontinued Operation": 618000.0,
        "Total Expenses": 29964000.0,
        "Diluted Average Shares": 8389001.0,
        "Basic Average Shares": 8365575.0,
        "Diluted EPS": 0.07,
        "Basic EPS": 0.07,
        "Diluted NI Availto Com Stockholders": 618000.0,
        "Net Income Common Stockholders": 618000.0,
        "Net Income": 618000.0,
        "Minority Interests": -471000.0,
        "Net Income Including Noncontrolling Interests": 1089000.0,
        "Net Income Continuous Operations": 1089000.0,
        "Tax Provision": 391000.0,
        "Pretax Income": 1480000.0,
        "Other Income Expense": 16000.0,
        "Other Non Operating Income Expenses": 27000.0,
        "Gain On Sale Of Security": -11000.0,
        "Net Non Operating Interest Income Expense": 133000.0,
        "Interest Expense Non Operating": 15000.0,
        "Interest Income Non Operating": 148000.0,
        "Operating Income": 1331000.0,
        "Operating Expense": 8603000.0,
        "Selling General And Administration": 8603000.0,
        "General And Administrative Expense": 8603000.0,
        "Other Gand A": 8250000.0,
        "Salaries And Wages": 353000.0,
        "Gross Profit": 9934000.0,
        "Cost Of Revenue": 21361000.0,
        "Total Revenue": 31295000.0,
        "Operating Revenue": 31295000.0
    }
}