{
    "2023-03-31": {
        "Tax Effect Of Unusual Items": 0.0,
        "Tax Rate For Calcs": 0.0,
        "Normalized EBITDA": -79706000.0,
        "Net Income From Continuing Operation Net Minority Interest": -82123000.0,
        "Reconciled Depreciation": 4346000.0,
        "EBITDA": -79706000.0,
        "EBIT": -84052000.0,
        "Net Interest Income": 1976000.0,
        "Interest Income": 1976000.0,
        "Normalized Income": -82123000.0,
        "Net Income From Continuing And Discontinued Operation": -82123000.0,
        "Total Expenses": 84052000.0,
        "Total Operating Income As Reported": -84052000.0,
        "Diluted Average Shares": 191228000.0,
        "Basic Average Shares": 191228000.0,
        "Diluted EPS": -0.43,
        "Basic EPS": -0.43,
        "Diluted NI Availto Com Stockholders": -82123000.0,
        "Net Income Common Stockholders": -82123000.0,
        "Net Income": -82123000.0,
        "Net Income Including Noncontrolling Interests": -82123000.0,
        "Net Income Continuous Operations": -82123000.0,
        "Pretax Income": -82123000.0,
        "Other Income Expense": -47000.0,
        "Other Non Operating Income Expenses": -47000.0,
        "Net Non Operating Interest Income Expense": 1976000.0,
        "Interest Income Non Operating": 1976000.0,
        "Operating Income": -84052000.0,
        "Operating Expense": 84052000.0,
        "Research And Development": 67286000.0,
        "Selling General And Administration": 16766000.0,
        "General And Administrative Expense": 16766000.0,
        "Other Gand A": 16766000.0,
        "Total Revenue": 0.0,
        "Operating Revenue": 0.0
    },
    "2022-12-31": {
        "Tax Effect Of Unusual Items": 0.0,
        "Tax Rate For Calcs": 0.0,
        "Normalized EBITDA": -77593000.0,
        "Net Income From Continuing Operation Net Minority Interest": -80443000.0,
        "Reconciled Depreciation": 4195000.0,
        "EBITDA": -77593000.0,
        "EBIT": -81788000.0,
        "Net Interest Income": 1613000.0,
        "Interest Income": 1613000.0,
        "Normalized Income": -80443000.0,
        "Net Income From Continuing And Discontinued Operation": -80443000.0,
        "Total Expenses": 81788000.0,
        "Total Operating Income As Reported": -81788000.0,
        "Diluted Average Shares": 190420000.0,
        "Basic Average Shares": 190420000.0,
        "Diluted EPS": -0.42,
        "Basic EPS": -0.42,
        "Diluted NI Availto Com Stockholders": -80443000.0,
        "Net Income Common Stockholders": -80443000.0,
        "Net Income": -80443000.0,
        "Net Income Including Noncontrolling Interests": -80443000.0,
        "Net Income Continuous Operations": -80443000.0,
        "Pretax Income": -80443000.0,
        "Other Income Expense": -268000.0,
        "Other Non Operating Income Expenses": -268000.0,
        "Net Non Operating Interest Income Expense": 1613000.0,
        "Interest Income Non Operating": 1613000.0,
        "Operating Income": -81788000.0,
        "Operating Expense": 81788000.0,
        "Research And Development": 58467000.0,
        "Selling General And Administration": 23321000.0,
        "General And Administrative Expense": 23321000.0,
        "Other Gand A": 23321000.0,
        "Total Revenue": 0.0,
        "Operating Revenue": 0.0
    },
    "2022-09-30": {
        "Tax Effect Of Unusual Items": 0.0,
        "Tax Rate For Calcs": 0.0,
        "Normalized EBITDA": -82171000.0,
        "Net Income From Continuing Operation Net Minority Interest": -85120000.0,
        "Reconciled Depreciation": 4016000.0,
        "EBITDA": -82171000.0,
        "EBIT": -86187000.0,
        "Net Interest Income": 1173000.0,
        "Interest Income": 1173000.0,
        "Normalized Income": -85120000.0,
        "Net Income From Continuing And Discontinued Operation": -85120000.0,
        "Total Expenses": 86187000.0,
        "Total Operating Income As Reported": -86187000.0,
        "Diluted Average Shares": 189303000.0,
        "Basic Average Shares": 189303000.0,
        "Diluted EPS": -0.45,
        "Basic EPS": -0.45,
        "Diluted NI Availto Com Stockholders": -85120000.0,
        "Net Income Common Stockholders": -85120000.0,
        "Net Income": -85120000.0,
        "Net Income Including Noncontrolling Interests": -85120000.0,
        "Net Income Continuous Operations": -85120000.0,
        "Pretax Income": -85120000.0,
        "Other Income Expense": -106000.0,
        "Other Non Operating Income Expenses": -106000.0,
        "Net Non Operating Interest Income Expense": 1173000.0,
        "Interest Income Non Operating": 1173000.0,
        "Operating Income": -86187000.0,
        "Operating Expense": 86187000.0,
        "Research And Development": 70673000.0,
        "Selling General And Administration": 15514000.0,
        "General And Administrative Expense": 15514000.0,
        "Other Gand A": 15514000.0,
        "Total Revenue": 0.0,
        "Operating Revenue": 0.0
    },
    "2022-06-30": {
        "Tax Effect Of Unusual Items": 0.0,
        "Tax Rate For Calcs": 0.0,
        "Normalized EBITDA": -69104000.0,
        "Net Income From Continuing Operation Net Minority Interest": -72465000.0,
        "Reconciled Depreciation": 3800000.0,
        "EBITDA": -69104000.0,
        "EBIT": -72904000.0,
        "Net Interest Income": 637000.0,
        "Interest Income": 637000.0,
        "Normalized Income": -72465000.0,
        "Net Income From Continuing And Discontinued Operation": -72465000.0,
        "Total Expenses": 72904000.0,
        "Total Operating Income As Reported": -72904000.0,
        "Diluted Average Shares": 187626000.0,
        "Basic Average Shares": 187626000.0,
        "Diluted EPS": -0.39,
        "Basic EPS": -0.39,
        "Diluted NI Availto Com Stockholders": -72465000.0,
        "Net Income Common Stockholders": -72465000.0,
        "Otherunder Preferred Stock Dividend": 0.0,
        "Net Income": -72465000.0,
        "Net Income Including Noncontrolling Interests": -72465000.0,
        "Net Income Continuous Operations": -72465000.0,
        "Pretax Income": -72465000.0,
        "Other Income Expense": -198000.0,
        "Other Non Operating Income Expenses": -198000.0,
        "Net Non Operating Interest Income Expense": 637000.0,
        "Interest Income Non Operating": 637000.0,
        "Operating Income": -72904000.0,
        "Operating Expense": 72904000.0,
        "Research And Development": 54612000.0,
        "Selling General And Administration": 18292000.0,
        "General And Administrative Expense": 18292000.0,
        "Other Gand A": 18292000.0,
        "Total Revenue": 0.0,
        "Operating Revenue": 0.0
    },
    "2022-03-31": {
        "Diluted EPS": -0.17,
        "Total Revenue": NaN,
        "Gross Profit": NaN,
        "Operating Income": -32,
        "EBIT": -28,
        "Net Income": -31
    },
    "2021-12-31": {
        "Diluted EPS": -0.25,
        "Total Revenue": NaN,
        "Gross Profit": NaN,
        "Operating Income": -111,
        "EBIT": -108,
        "Net Income": -111
    },
    "2021-09-30": {
        "Diluted EPS": -0.46,
        "Total Revenue": NaN,
        "Gross Profit": NaN,
        "Operating Income": -83,
        "EBIT": -81,
        "Net Income": -83
    },
    "2021-06-30": {
        "Diluted EPS": 0.09,
        "Total Revenue": NaN,
        "Gross Profit": NaN,
        "Operating Income": 19,
        "EBIT": 21,
        "Net Income": 19
    },
    "2021-03-31": {
        "Diluted EPS": -1.52,
        "Total Revenue": NaN,
        "Gross Profit": NaN,
        "Operating Income": -181,
        "EBIT": -179,
        "Net Income": -181
    },
    "2020-12-31": {
        "Diluted EPS": -7.4,
        "Total Revenue": NaN,
        "Gross Profit": NaN,
        "Operating Income": -113,
        "EBIT": -112,
        "Net Income": -113
    },
    "2020-09-30": {
        "Diluted EPS": -3.76,
        "Total Revenue": NaN,
        "Gross Profit": NaN,
        "Operating Income": -52,
        "EBIT": -50,
        "Net Income": -51
    },
    "2020-06-30": {
        "Diluted EPS": -7.18,
        "Total Revenue": NaN,
        "Gross Profit": NaN,
        "Operating Income": -88,
        "EBIT": -87,
        "Net Income": -88
    },
    "2020-03-31": {
        "Diluted EPS": -3.04,
        "Total Revenue": NaN,
        "Gross Profit": NaN,
        "Operating Income": -33,
        "EBIT": -32,
        "Net Income": -33
    },
    "2019-12-31": {
        "Diluted EPS": 0.0,
        "Total Revenue": NaN,
        "Gross Profit": NaN,
        "Operating Income": NaN,
        "EBIT": NaN,
        "Net Income": NaN
    },
    "2023-06-30": {
        "Tax Effect Of Unusual Items": 0.0,
        "Tax Rate For Calcs": 0.0,
        "Normalized EBITDA": -111841000.0,
        "Net Income From Continuing Operation Net Minority Interest": -113999000.0,
        "Reconciled Depreciation": 4448000.0,
        "EBITDA": -111841000.0,
        "EBIT": -116289000.0,
        "Net Interest Income": 2374000.0,
        "Interest Income": 2374000.0,
        "Normalized Income": -113999000.0,
        "Net Income From Continuing And Discontinued Operation": -113999000.0,
        "Total Expenses": 116289000.0,
        "Total Operating Income As Reported": -116289000.0,
        "Diluted Average Shares": 192540000.0,
        "Basic Average Shares": 192540000.0,
        "Diluted EPS": -0.59,
        "Basic EPS": -0.59,
        "Diluted NI Availto Com Stockholders": -113999000.0,
        "Net Income Common Stockholders": -113999000.0,
        "Net Income": -113999000.0,
        "Net Income Including Noncontrolling Interests": -113999000.0,
        "Net Income Continuous Operations": -113999000.0,
        "Pretax Income": -113999000.0,
        "Other Income Expense": -84000.0,
        "Other Non Operating Income Expenses": -84000.0,
        "Net Non Operating Interest Income Expense": 2374000.0,
        "Interest Income Non Operating": 2374000.0,
        "Operating Income": -116289000.0,
        "Operating Expense": 116289000.0,
        "Research And Development": 99723000.0,
        "Selling General And Administration": 16566000.0,
        "General And Administrative Expense": 16566000.0,
        "Other Gand A": 16566000.0,
        "Total Revenue": 0.0,
        "Operating Revenue": 0.0
    },
    "2023-09-30": {
        "Tax Effect Of Unusual Items": 0.0,
        "Tax Rate For Calcs": 0.21,
        "Normalized EBITDA": 2318000.0,
        "Net Income From Continuing Operation Net Minority Interest": 984000.0,
        "Reconciled Depreciation": 4499000.0,
        "EBITDA": 2318000.0,
        "EBIT": -2181000.0,
        "Net Interest Income": 2862000.0,
        "Interest Income": 2862000.0,
        "Normalized Income": 984000.0,
        "Net Income From Continuing And Discontinued Operation": 984000.0,
        "Total Expenses": 2181000.0,
        "Total Operating Income As Reported": -2181000.0,
        "Diluted Average Shares": 200473000.0,
        "Basic Average Shares": 196978000.0,
        "Diluted EPS": 0.004908,
        "Basic EPS": 0.004995,
        "Diluted NI Availto Com Stockholders": 984000.0,
        "Net Income Common Stockholders": 984000.0,
        "Net Income": 984000.0,
        "Net Income Including Noncontrolling Interests": 984000.0,
        "Net Income Continuous Operations": 984000.0,
        "Pretax Income": 984000.0,
        "Other Income Expense": 303000.0,
        "Other Non Operating Income Expenses": 303000.0,
        "Net Non Operating Interest Income Expense": 2862000.0,
        "Interest Income Non Operating": 2862000.0,
        "Operating Income": -2181000.0,
        "Operating Expense": 2181000.0,
        "Research And Development": -17002000.0,
        "Selling General And Administration": 19183000.0,
        "General And Administrative Expense": 19183000.0,
        "Other Gand A": 19183000.0,
        "Total Revenue": 0.0,
        "Operating Revenue": 0.0
    },
    "2023-12-31": {
        "Tax Effect Of Unusual Items": 0.0,
        "Tax Rate For Calcs": 0.0,
        "Normalized EBITDA": -79355000.0,
        "Net Income From Continuing Operation Net Minority Interest": -88117000.0,
        "Reconciled Depreciation": 11264000.0,
        "EBITDA": -79355000.0,
        "EBIT": -90619000.0,
        "Net Interest Income": 2726000.0,
        "Interest Income": 2726000.0,
        "Normalized Income": -88117000.0,
        "Net Income From Continuing And Discontinued Operation": -88117000.0,
        "Total Expenses": 90619000.0,
        "Total Operating Income As Reported": -90619000.0,
        "Diluted Average Shares": 197317000.0,
        "Basic Average Shares": 197317000.0,
        "Diluted EPS": -0.45,
        "Basic EPS": -0.45,
        "Diluted NI Availto Com Stockholders": -88117000.0,
        "Net Income Common Stockholders": -88117000.0,
        "Net Income": -88117000.0,
        "Net Income Including Noncontrolling Interests": -88117000.0,
        "Net Income Continuous Operations": -88117000.0,
        "Pretax Income": -88117000.0,
        "Other Income Expense": -224000.0,
        "Other Non Operating Income Expenses": -224000.0,
        "Net Non Operating Interest Income Expense": 2726000.0,
        "Interest Income Non Operating": 2726000.0,
        "Operating Income": -90619000.0,
        "Operating Expense": 90619000.0,
        "Research And Development": 69835000.0,
        "Selling General And Administration": 20784000.0,
        "General And Administrative Expense": 20784000.0,
        "Other Gand A": 20784000.0,
        "Total Revenue": 0.0,
        "Operating Revenue": 0.0
    },
    "2024-03-31": {
        "Tax Effect Of Unusual Items": 0.0,
        "Tax Rate For Calcs": 0.0,
        "Normalized EBITDA": -106978000.0,
        "Net Income From Continuing Operation Net Minority Interest": -107475000.0,
        "Reconciled Depreciation": 3746000.0,
        "EBITDA": -106978000.0,
        "EBIT": -110724000.0,
        "Net Interest Income": 3034000.0,
        "Interest Income": 3034000.0,
        "Normalized Income": -107475000.0,
        "Net Income From Continuing And Discontinued Operation": -107475000.0,
        "Total Expenses": 110724000.0,
        "Total Operating Income As Reported": -110724000.0,
        "Diluted Average Shares": 217290000.0,
        "Basic Average Shares": 217290000.0,
        "Diluted EPS": -0.49,
        "Basic EPS": -0.49,
        "Diluted NI Availto Com Stockholders": -107475000.0,
        "Net Income Common Stockholders": -107475000.0,
        "Net Income": -107475000.0,
        "Net Income Including Noncontrolling Interests": -107475000.0,
        "Net Income Continuous Operations": -107475000.0,
        "Pretax Income": -107475000.0,
        "Other Income Expense": 215000.0,
        "Other Non Operating Income Expenses": 215000.0,
        "Net Non Operating Interest Income Expense": 3034000.0,
        "Interest Income Non Operating": 3034000.0,
        "Operating Income": -110724000.0,
        "Operating Expense": 110724000.0,
        "Research And Development": 94455000.0,
        "Selling General And Administration": 16269000.0,
        "General And Administrative Expense": 16269000.0,
        "Other Gand A": 16269000.0,
        "Total Revenue": 0.0,
        "Operating Revenue": 0.0
    },
    "2024-06-30": {
        "Tax Effect Of Unusual Items": 0.0,
        "Tax Rate For Calcs": 0.0,
        "Normalized EBITDA": -45477000.0,
        "Net Income From Continuing Operation Net Minority Interest": -50291000.0,
        "Reconciled Depreciation": 3895000.0,
        "EBITDA": -45477000.0,
        "EBIT": -49372000.0,
        "Net Interest Income": 3202000.0,
        "Interest Income": 3202000.0,
        "Normalized Income": -50291000.0,
        "Net Income From Continuing And Discontinued Operation": -50291000.0,
        "Total Expenses": 49372000.0,
        "Total Operating Income As Reported": -49372000.0,
        "Diluted Average Shares": 234440000.0,
        "Basic Average Shares": 234440000.0,
        "Diluted EPS": -0.21,
        "Basic EPS": -0.21,
        "Diluted NI Availto Com Stockholders": -50291000.0,
        "Net Income Common Stockholders": -50291000.0,
        "Net Income": -50291000.0,
        "Net Income Including Noncontrolling Interests": -50291000.0,
        "Net Income Continuous Operations": -50291000.0,
        "Pretax Income": -50291000.0,
        "Other Income Expense": -4121000.0,
        "Other Non Operating Income Expenses": -4121000.0,
        "Net Non Operating Interest Income Expense": 3202000.0,
        "Interest Income Non Operating": 3202000.0,
        "Operating Income": -49372000.0,
        "Operating Expense": 49372000.0,
        "Research And Development": 32930000.0,
        "Selling General And Administration": 16442000.0,
        "General And Administrative Expense": 16442000.0,
        "Other Gand A": 16442000.0,
        "Total Revenue": 0.0,
        "Operating Revenue": 0.0
    },
    "2024-09-30": {
        "Tax Effect Of Unusual Items": 0.0,
        "Tax Rate For Calcs": 0.0,
        "Normalized EBITDA": -57704000.0,
        "Net Income From Continuing Operation Net Minority Interest": -59924000.0,
        "Reconciled Depreciation": 4057000.0,
        "EBITDA": -57704000.0,
        "EBIT": -61761000.0,
        "Net Interest Income": 2579000.0,
        "Interest Income": 2579000.0,
        "Normalized Income": -59924000.0,
        "Net Income From Continuing And Discontinued Operation": -59924000.0,
        "Total Expenses": 61761000.0,
        "Total Operating Income As Reported": -61761000.0,
        "Diluted Average Shares": 235412000.0,
        "Basic Average Shares": 235412000.0,
        "Diluted EPS": -0.25,
        "Basic EPS": -0.25,
        "Diluted NI Availto Com Stockholders": -59924000.0,
        "Net Income Common Stockholders": -59924000.0,
        "Net Income": -59924000.0,
        "Net Income Including Noncontrolling Interests": -59924000.0,
        "Net Income Continuous Operations": -59924000.0,
        "Pretax Income": -59924000.0,
        "Other Income Expense": -742000.0,
        "Other Non Operating Income Expenses": -742000.0,
        "Net Non Operating Interest Income Expense": 2579000.0,
        "Interest Income Non Operating": 2579000.0,
        "Operating Income": -61761000.0,
        "Operating Expense": 61761000.0,
        "Research And Development": 47709000.0,
        "Selling General And Administration": 14052000.0,
        "General And Administrative Expense": 14052000.0,
        "Other Gand A": 14052000.0,
        "Total Revenue": 0.0,
        "Operating Revenue": 0.0
    },
    "2024-12-31": {
        "Tax Effect Of Unusual Items": 0.0,
        "Tax Rate For Calcs": 0.0,
        "Normalized EBITDA": -45173000.0,
        "Net Income From Continuing Operation Net Minority Interest": -49069000.0,
        "Reconciled Depreciation": 5693000.0,
        "EBITDA": -45173000.0,
        "EBIT": -50866000.0,
        "Net Interest Income": 1656000.0,
        "Interest Income": 1656000.0,
        "Normalized Income": -49069000.0,
        "Net Income From Continuing And Discontinued Operation": -49069000.0,
        "Total Expenses": 50866000.0,
        "Total Operating Income As Reported": -50866000.0,
        "Diluted Average Shares": 236299000.0,
        "Basic Average Shares": 236299000.0,
        "Diluted EPS": -0.21,
        "Basic EPS": -0.21,
        "Diluted NI Availto Com Stockholders": -49069000.0,
        "Net Income Common Stockholders": -49069000.0,
        "Net Income": -49069000.0,
        "Net Income Including Noncontrolling Interests": -49069000.0,
        "Net Income Continuous Operations": -49069000.0,
        "Pretax Income": -49069000.0,
        "Other Income Expense": 141000.0,
        "Other Non Operating Income Expenses": 141000.0,
        "Net Non Operating Interest Income Expense": 1656000.0,
        "Interest Income Non Operating": 1656000.0,
        "Operating Income": -50866000.0,
        "Operating Expense": 50866000.0,
        "Research And Development": 33589000.0,
        "Selling General And Administration": 17277000.0,
        "General And Administrative Expense": 17277000.0,
        "Other Gand A": 17277000.0,
        "Total Revenue": 0.0,
        "Operating Revenue": 0.0
    },
    "2025-03-31": {
        "Tax Effect Of Unusual Items": 0.0,
        "Tax Rate For Calcs": 0.0,
        "Normalized EBITDA": -46981000.0,
        "Net Income From Continuing Operation Net Minority Interest": -49389000.0,
        "Reconciled Depreciation": 3649000.0,
        "EBITDA": -46981000.0,
        "EBIT": -50630000.0,
        "Net Interest Income": 992000.0,
        "Interest Income": 992000.0,
        "Normalized Income": -49389000.0,
        "Net Income From Continuing And Discontinued Operation": -49389000.0,
        "Total Expenses": 50630000.0,
        "Total Operating Income As Reported": -50630000.0,
        "Diluted Average Shares": 237578000.0,
        "Basic Average Shares": 237578000.0,
        "Diluted EPS": -0.21,
        "Basic EPS": -0.21,
        "Diluted NI Availto Com Stockholders": -49389000.0,
        "Net Income Common Stockholders": -49389000.0,
        "Net Income": -49389000.0,
        "Net Income Including Noncontrolling Interests": -49389000.0,
        "Net Income Continuous Operations": -49389000.0,
        "Pretax Income": -49389000.0,
        "Other Income Expense": 249000.0,
        "Other Non Operating Income Expenses": 249000.0,
        "Net Non Operating Interest Income Expense": 992000.0,
        "Interest Income Non Operating": 992000.0,
        "Operating Income": -50630000.0,
        "Operating Expense": 50630000.0,
        "Research And Development": 39146000.0,
        "Selling General And Administration": 11484000.0,
        "General And Administrative Expense": 11484000.0,
        "Other Gand A": 11484000.0,
        "Total Revenue": 0.0,
        "Operating Revenue": 0.0
    }
}