{
    "2023-03-31": {
        "Tax Effect Of Unusual Items": NaN,
        "Tax Rate For Calcs": NaN,
        "Normalized EBITDA": NaN,
        "Total Unusual Items": NaN,
        "Total Unusual Items Excluding Goodwill": NaN,
        "Net Income From Continuing Operation Net Minority Interest": NaN,
        "Reconciled Depreciation": NaN,
        "Reconciled Cost Of Revenue": NaN,
        "EBITDA": NaN,
        "EBIT": NaN,
        "Net Interest Income": NaN,
        "Interest Expense": NaN,
        "Normalized Income": NaN,
        "Net Income From Continuing And Discontinued Operation": NaN,
        "Total Expenses": NaN,
        "Total Operating Income As Reported": NaN,
        "Diluted Average Shares": NaN,
        "Basic Average Shares": NaN,
        "Diluted EPS": NaN,
        "Basic EPS": NaN,
        "Diluted NI Availto Com Stockholders": NaN,
        "Net Income Common Stockholders": NaN,
        "Otherunder Preferred Stock Dividend": 121137.0,
        "Preferred Stock Dividends": 121137.0,
        "Net Income": NaN,
        "Minority Interests": NaN,
        "Net Income Including Noncontrolling Interests": NaN,
        "Net Income Discontinuous Operations": NaN,
        "Net Income Continuous Operations": NaN,
        "Earnings From Equity Interest Net Of Tax": NaN,
        "Tax Provision": NaN,
        "Pretax Income": NaN,
        "Other Income Expense": NaN,
        "Other Non Operating Income Expenses": NaN,
        "Special Income Charges": NaN,
        "Gain On Sale Of Ppe": NaN,
        "Gain On Sale Of Business": 38323506.0,
        "Restructuring And Mergern Acquisition": 0.0,
        "Gain On Sale Of Security": NaN,
        "Net Non Operating Interest Income Expense": NaN,
        "Interest Expense Non Operating": NaN,
        "Operating Income": NaN,
        "Operating Expense": NaN,
        "Other Operating Expenses": -1444044.0,
        "Depreciation Amortization Depletion Income Statement": NaN,
        "Depreciation And Amortization In Income Statement": NaN,
        "Research And Development": NaN,
        "Selling General And Administration": NaN,
        "Gross Profit": NaN,
        "Cost Of Revenue": NaN,
        "Total Revenue": NaN,
        "Operating Revenue": NaN
    },
    "2022-12-31": {
        "Tax Effect Of Unusual Items": NaN,
        "Tax Rate For Calcs": NaN,
        "Normalized EBITDA": NaN,
        "Total Unusual Items": NaN,
        "Total Unusual Items Excluding Goodwill": NaN,
        "Net Income From Continuing Operation Net Minority Interest": NaN,
        "Reconciled Depreciation": NaN,
        "Reconciled Cost Of Revenue": NaN,
        "EBITDA": NaN,
        "EBIT": NaN,
        "Net Interest Income": NaN,
        "Interest Expense": NaN,
        "Normalized Income": NaN,
        "Net Income From Continuing And Discontinued Operation": NaN,
        "Total Expenses": NaN,
        "Total Operating Income As Reported": NaN,
        "Diluted Average Shares": NaN,
        "Basic Average Shares": NaN,
        "Diluted EPS": NaN,
        "Basic EPS": NaN,
        "Diluted NI Availto Com Stockholders": NaN,
        "Net Income Common Stockholders": NaN,
        "Otherunder Preferred Stock Dividend": NaN,
        "Preferred Stock Dividends": 114062.0,
        "Net Income": NaN,
        "Minority Interests": NaN,
        "Net Income Including Noncontrolling Interests": NaN,
        "Net Income Continuous Operations": NaN,
        "Earnings From Equity Interest Net Of Tax": NaN,
        "Tax Provision": NaN,
        "Pretax Income": NaN,
        "Other Income Expense": NaN,
        "Other Non Operating Income Expenses": NaN,
        "Special Income Charges": NaN,
        "Gain On Sale Of Ppe": NaN,
        "Gain On Sale Of Business": 32030.0,
        "Restructuring And Mergern Acquisition": 0.0,
        "Gain On Sale Of Security": NaN,
        "Net Non Operating Interest Income Expense": NaN,
        "Interest Expense Non Operating": NaN,
        "Operating Income": NaN,
        "Operating Expense": NaN,
        "Other Operating Expenses": NaN,
        "Depreciation Amortization Depletion Income Statement": NaN,
        "Depreciation And Amortization In Income Statement": NaN,
        "Research And Development": NaN,
        "Selling General And Administration": NaN,
        "Gross Profit": NaN,
        "Cost Of Revenue": NaN,
        "Total Revenue": NaN,
        "Operating Revenue": NaN
    },
    "2022-09-30": {
        "Tax Effect Of Unusual Items": NaN,
        "Tax Rate For Calcs": NaN,
        "Normalized EBITDA": NaN,
        "Total Unusual Items": NaN,
        "Total Unusual Items Excluding Goodwill": NaN,
        "Net Income From Continuing Operation Net Minority Interest": NaN,
        "Reconciled Depreciation": NaN,
        "Reconciled Cost Of Revenue": NaN,
        "EBITDA": NaN,
        "EBIT": NaN,
        "Net Interest Income": NaN,
        "Interest Expense": NaN,
        "Normalized Income": NaN,
        "Net Income From Continuing And Discontinued Operation": NaN,
        "Total Expenses": NaN,
        "Total Operating Income As Reported": NaN,
        "Diluted Average Shares": NaN,
        "Basic Average Shares": NaN,
        "Diluted EPS": NaN,
        "Basic EPS": NaN,
        "Diluted NI Availto Com Stockholders": NaN,
        "Net Income Common Stockholders": NaN,
        "Otherunder Preferred Stock Dividend": 114061.0,
        "Preferred Stock Dividends": NaN,
        "Net Income": NaN,
        "Minority Interests": NaN,
        "Net Income Including Noncontrolling Interests": NaN,
        "Net Income Continuous Operations": NaN,
        "Earnings From Equity Interest Net Of Tax": NaN,
        "Tax Provision": NaN,
        "Pretax Income": NaN,
        "Other Income Expense": NaN,
        "Other Non Operating Income Expenses": NaN,
        "Special Income Charges": NaN,
        "Gain On Sale Of Ppe": NaN,
        "Gain On Sale Of Business": NaN,
        "Restructuring And Mergern Acquisition": 0.0,
        "Gain On Sale Of Security": NaN,
        "Net Non Operating Interest Income Expense": NaN,
        "Interest Expense Non Operating": NaN,
        "Operating Income": NaN,
        "Operating Expense": NaN,
        "Other Operating Expenses": NaN,
        "Depreciation Amortization Depletion Income Statement": NaN,
        "Depreciation And Amortization In Income Statement": NaN,
        "Research And Development": NaN,
        "Selling General And Administration": NaN,
        "Gross Profit": NaN,
        "Cost Of Revenue": NaN,
        "Total Revenue": NaN,
        "Operating Revenue": NaN
    },
    "2022-06-30": {
        "Tax Effect Of Unusual Items": -161.526661,
        "Tax Rate For Calcs": 9.4e-05,
        "Normalized EBITDA": -9047700.0,
        "Total Unusual Items": -1713229.0,
        "Total Unusual Items Excluding Goodwill": -1713229.0,
        "Net Income From Continuing Operation Net Minority Interest": -12895350.0,
        "Reconciled Depreciation": 1375767.0,
        "Reconciled Cost Of Revenue": 21141616.0,
        "EBITDA": -10760929.0,
        "EBIT": -12136696.0,
        "Net Interest Income": -728962.0,
        "Interest Expense": 728962.0,
        "Normalized Income": -11182282.526661,
        "Net Income From Continuing And Discontinued Operation": -12895350.0,
        "Total Expenses": 30427798.0,
        "Total Operating Income As Reported": -11926746.0,
        "Diluted Average Shares": 41821784.0,
        "Basic Average Shares": 41821784.0,
        "Diluted EPS": -0.31,
        "Basic EPS": -0.31,
        "Diluted NI Availto Com Stockholders": -13008453.0,
        "Net Income Common Stockholders": -13008453.0,
        "Otherunder Preferred Stock Dividend": 113103.0,
        "Preferred Stock Dividends": NaN,
        "Net Income": -12895350.0,
        "Minority Interests": -30905.0,
        "Net Income Including Noncontrolling Interests": -12864445.0,
        "Net Income Continuous Operations": -12864445.0,
        "Earnings From Equity Interest Net Of Tax": NaN,
        "Tax Provision": -1213.0,
        "Pretax Income": -12865658.0,
        "Other Income Expense": -1713229.0,
        "Other Non Operating Income Expenses": NaN,
        "Special Income Charges": -1503279.0,
        "Gain On Sale Of Ppe": 45045.0,
        "Gain On Sale Of Business": NaN,
        "Impairment Of Capital Assets": 1548324.0,
        "Restructuring And Mergern Acquisition": 0.0,
        "Gain On Sale Of Security": -209950.0,
        "Net Non Operating Interest Income Expense": -728962.0,
        "Interest Expense Non Operating": 728962.0,
        "Operating Income": -10423467.0,
        "Operating Expense": 9286182.0,
        "Other Operating Expenses": NaN,
        "Depreciation Amortization Depletion Income Statement": 1375767.0,
        "Depreciation And Amortization In Income Statement": 1375767.0,
        "Research And Development": 1700470.0,
        "Selling General And Administration": 6209945.0,
        "Gross Profit": -1137285.0,
        "Cost Of Revenue": 21141616.0,
        "Total Revenue": 20004331.0,
        "Operating Revenue": 20004331.0
    },
    "2022-03-31": {
        "Diluted EPS": -0.19,
        "Total Revenue": 23,
        "Gross Profit": 3,
        "Operating Income": -6,
        "EBIT": -5,
        "Net Income": -7
    },
    "2021-12-31": {
        "Diluted EPS": -0.25,
        "Total Revenue": 13,
        "Gross Profit": 2,
        "Operating Income": -9,
        "EBIT": -7,
        "Net Income": -10
    },
    "2021-09-30": {
        "Diluted EPS": -0.17,
        "Total Revenue": 16,
        "Gross Profit": 3,
        "Operating Income": -6,
        "EBIT": -4,
        "Net Income": -6
    },
    "2021-06-30": {
        "Diluted EPS": -0.04,
        "Total Revenue": 23,
        "Gross Profit": 4,
        "Operating Income": -5,
        "EBIT": -3,
        "Net Income": -2
    },
    "2021-03-31": {
        "Diluted EPS": -0.05,
        "Total Revenue": 32,
        "Gross Profit": 6,
        "Operating Income": -2,
        "EBIT": -1,
        "Net Income": -2
    },
    "2020-12-31": {
        "Diluted EPS": -0.25,
        "Total Revenue": 15,
        "Gross Profit": 2,
        "Operating Income": -7,
        "EBIT": -6,
        "Net Income": -8
    },
    "2020-09-30": {
        "Diluted EPS": -0.21,
        "Total Revenue": 14,
        "Gross Profit": 2,
        "Operating Income": -6,
        "EBIT": -5,
        "Net Income": -7
    },
    "2020-06-30": {
        "Diluted EPS": -0.14,
        "Total Revenue": 26,
        "Gross Profit": 3,
        "Operating Income": -6,
        "EBIT": -4,
        "Net Income": -5
    },
    "2020-03-31": {
        "Diluted EPS": -0.1,
        "Total Revenue": 29,
        "Gross Profit": 6,
        "Operating Income": -3,
        "EBIT": -1,
        "Net Income": -3
    },
    "2019-12-31": {
        "Diluted EPS": -0.2,
        "Total Revenue": 12,
        "Gross Profit": 2,
        "Operating Income": -6,
        "EBIT": -4,
        "Net Income": -7
    },
    "2019-09-30": {
        "Diluted EPS": -0.15,
        "Total Revenue": 12,
        "Gross Profit": 3,
        "Operating Income": -4,
        "EBIT": -3,
        "Net Income": -5
    },
    "2019-06-30": {
        "Diluted EPS": -0.12,
        "Total Revenue": 47,
        "Gross Profit": 26,
        "Operating Income": -1,
        "EBIT": 12,
        "Net Income": -3
    },
    "2019-03-31": {
        "Diluted EPS": -0.1,
        "Total Revenue": 18,
        "Gross Profit": 5,
        "Operating Income": -3,
        "EBIT": -1,
        "Net Income": -3
    },
    "2018-12-31": {
        "Diluted EPS": -0.09,
        "Total Revenue": 19,
        "Gross Profit": 5,
        "Operating Income": -2,
        "EBIT": -1,
        "Net Income": -3
    },
    "2018-09-30": {
        "Diluted EPS": 0.0,
        "Total Revenue": 26,
        "Gross Profit": 5,
        "Operating Income": 1,
        "EBIT": 2,
        "Net Income": 0
    },
    "2018-06-30": {
        "Diluted EPS": -0.17,
        "Total Revenue": 10,
        "Gross Profit": 1,
        "Operating Income": -3,
        "EBIT": -3,
        "Net Income": -4
    },
    "2018-03-31": {
        "Diluted EPS": 0.07,
        "Total Revenue": 23,
        "Gross Profit": 7,
        "Operating Income": 2,
        "EBIT": 3,
        "Net Income": 2
    },
    "2017-12-31": {
        "Diluted EPS": -0.02,
        "Total Revenue": 21,
        "Gross Profit": 5,
        "Operating Income": 1,
        "EBIT": 1,
        "Net Income": 0
    },
    "2017-09-30": {
        "Diluted EPS": -0.09,
        "Total Revenue": 11,
        "Gross Profit": 2,
        "Operating Income": -2,
        "EBIT": -1,
        "Net Income": -2
    },
    "2017-06-30": {
        "Diluted EPS": -0.51,
        "Total Revenue": 18,
        "Gross Profit": 3,
        "Operating Income": -3,
        "EBIT": -2,
        "Net Income": -11
    },
    "2017-03-31": {
        "Diluted EPS": 0.02,
        "Total Revenue": 21,
        "Gross Profit": 6,
        "Operating Income": 1,
        "EBIT": 2,
        "Net Income": 1
    },
    "2016-12-31": {
        "Diluted EPS": 0.01,
        "Total Revenue": 24,
        "Gross Profit": 5,
        "Operating Income": 1,
        "EBIT": 2,
        "Net Income": 1
    },
    "2016-09-30": {
        "Diluted EPS": -0.19,
        "Total Revenue": 12,
        "Gross Profit": 2,
        "Operating Income": -2,
        "EBIT": -1,
        "Net Income": -3
    },
    "2016-06-30": {
        "Diluted EPS": 0.02,
        "Total Revenue": 35,
        "Gross Profit": 7,
        "Operating Income": 2,
        "EBIT": 4,
        "Net Income": 0
    },
    "2016-03-31": {
        "Diluted EPS": 0.04,
        "Total Revenue": 25,
        "Gross Profit": 6,
        "Operating Income": 2,
        "EBIT": 4,
        "Net Income": 1
    },
    "2015-12-31": {
        "Diluted EPS": 0.1,
        "Total Revenue": 24,
        "Gross Profit": 4,
        "Operating Income": 0,
        "EBIT": 2,
        "Net Income": 1
    },
    "2015-09-30": {
        "Diluted EPS": -0.14,
        "Total Revenue": 12,
        "Gross Profit": 2,
        "Operating Income": -2,
        "EBIT": 0,
        "Net Income": -2
    },
    "2015-06-30": {
        "Diluted EPS": 0.0,
        "Total Revenue": 29,
        "Gross Profit": 6,
        "Operating Income": 2,
        "EBIT": 4,
        "Net Income": 0
    },
    "2015-03-31": {
        "Diluted EPS": -0.04,
        "Total Revenue": 31,
        "Gross Profit": 7,
        "Operating Income": 4,
        "EBIT": 6,
        "Net Income": 0
    },
    "2014-12-31": {
        "Diluted EPS": -0.13,
        "Total Revenue": 14,
        "Gross Profit": 2,
        "Operating Income": -2,
        "EBIT": -2,
        "Net Income": -2
    },
    "2014-09-30": {
        "Diluted EPS": -0.08,
        "Total Revenue": 8,
        "Gross Profit": 1,
        "Operating Income": -1,
        "EBIT": -1,
        "Net Income": -1
    },
    "2014-06-30": {
        "Diluted EPS": 0.05,
        "Total Revenue": 20,
        "Gross Profit": 4,
        "Operating Income": 1,
        "EBIT": 1,
        "Net Income": 1
    },
    "2014-03-31": {
        "Diluted EPS": -0.03,
        "Total Revenue": 8,
        "Gross Profit": 2,
        "Operating Income": -1,
        "EBIT": 0,
        "Net Income": 0
    },
    "2013-12-31": {
        "Diluted EPS": 0.01,
        "Total Revenue": 11,
        "Gross Profit": 2,
        "Operating Income": 0,
        "EBIT": 1,
        "Net Income": 0
    },
    "2013-09-30": {
        "Diluted EPS": 0.0,
        "Total Revenue": 12,
        "Gross Profit": 2,
        "Operating Income": 0,
        "EBIT": 0,
        "Net Income": 0
    },
    "2013-06-30": {
        "Diluted EPS": -0.11,
        "Total Revenue": 13,
        "Gross Profit": 2,
        "Operating Income": -1,
        "EBIT": 0,
        "Net Income": -1
    },
    "2013-03-31": {
        "Diluted EPS": -0.21,
        "Total Revenue": 4,
        "Gross Profit": -1,
        "Operating Income": -3,
        "EBIT": -3,
        "Net Income": -2
    },
    "2012-12-31": {
        "Diluted EPS": 0.02,
        "Total Revenue": 14,
        "Gross Profit": 2,
        "Operating Income": 0,
        "EBIT": 0,
        "Net Income": 0
    },
    "2012-09-30": {
        "Diluted EPS": 0.01,
        "Total Revenue": 7,
        "Gross Profit": 1,
        "Operating Income": 0,
        "EBIT": 0,
        "Net Income": 0
    },
    "2012-06-30": {
        "Diluted EPS": -0.11,
        "Total Revenue": 1,
        "Gross Profit": 0,
        "Operating Income": -1,
        "EBIT": -1,
        "Net Income": -1
    },
    "2012-03-31": {
        "Diluted EPS": 0.0,
        "Total Revenue": 3,
        "Gross Profit": 1,
        "Operating Income": 0,
        "EBIT": 0,
        "Net Income": 0
    },
    "2011-12-31": {
        "Diluted EPS": 0.08,
        "Total Revenue": 5,
        "Gross Profit": 2,
        "Operating Income": 1,
        "EBIT": 1,
        "Net Income": 0
    },
    "2011-09-30": {
        "Diluted EPS": 0.09,
        "Total Revenue": 6,
        "Gross Profit": 2,
        "Operating Income": 1,
        "EBIT": 1,
        "Net Income": 1
    },
    "2011-06-30": {
        "Diluted EPS": -0.04,
        "Total Revenue": 1,
        "Gross Profit": 0,
        "Operating Income": 0,
        "EBIT": 0,
        "Net Income": 0
    },
    "2011-03-31": {
        "Diluted EPS": -0.05,
        "Total Revenue": 0,
        "Gross Profit": 0,
        "Operating Income": -1,
        "EBIT": -1,
        "Net Income": 0
    },
    "2010-12-31": {
        "Diluted EPS": -0.01,
        "Total Revenue": 1,
        "Gross Profit": 0,
        "Operating Income": 0,
        "EBIT": 0,
        "Net Income": 0
    },
    "2010-09-30": {
        "Diluted EPS": -0.04,
        "Total Revenue": 1,
        "Gross Profit": 0,
        "Operating Income": 0,
        "EBIT": 0,
        "Net Income": 0
    },
    "2010-06-30": {
        "Diluted EPS": -0.11,
        "Total Revenue": 1,
        "Gross Profit": 0,
        "Operating Income": 0,
        "EBIT": 0,
        "Net Income": 0
    },
    "2010-03-31": {
        "Diluted EPS": -0.07,
        "Total Revenue": 1,
        "Gross Profit": 0,
        "Operating Income": 0,
        "EBIT": 0,
        "Net Income": 0
    },
    "2009-12-31": {
        "Diluted EPS": 0.11,
        "Total Revenue": 3,
        "Gross Profit": 1,
        "Operating Income": 0,
        "EBIT": 0,
        "Net Income": 0
    },
    "2009-09-30": {
        "Diluted EPS": 0.18,
        "Total Revenue": 2,
        "Gross Profit": 1,
        "Operating Income": 1,
        "EBIT": 1,
        "Net Income": 1
    },
    "2009-06-30": {
        "Diluted EPS": 0.0,
        "Total Revenue": NaN,
        "Gross Profit": NaN,
        "Operating Income": NaN,
        "EBIT": NaN,
        "Net Income": NaN
    },
    "2009-03-31": {
        "Diluted EPS": -0.04,
        "Total Revenue": 1,
        "Gross Profit": 0,
        "Operating Income": 0,
        "EBIT": 0,
        "Net Income": 0
    },
    "2023-06-30": {
        "Tax Effect Of Unusual Items": NaN,
        "Tax Rate For Calcs": NaN,
        "Normalized EBITDA": NaN,
        "Total Unusual Items": NaN,
        "Total Unusual Items Excluding Goodwill": NaN,
        "Net Income From Continuing Operation Net Minority Interest": NaN,
        "Reconciled Depreciation": NaN,
        "Reconciled Cost Of Revenue": NaN,
        "EBITDA": NaN,
        "EBIT": NaN,
        "Net Interest Income": NaN,
        "Interest Expense": NaN,
        "Normalized Income": NaN,
        "Net Income From Continuing And Discontinued Operation": NaN,
        "Total Expenses": NaN,
        "Total Operating Income As Reported": NaN,
        "Diluted Average Shares": NaN,
        "Basic Average Shares": NaN,
        "Diluted EPS": NaN,
        "Basic EPS": NaN,
        "Diluted NI Availto Com Stockholders": NaN,
        "Net Income Common Stockholders": NaN,
        "Otherunder Preferred Stock Dividend": NaN,
        "Preferred Stock Dividends": 120069.0,
        "Net Income": NaN,
        "Minority Interests": NaN,
        "Net Income Including Noncontrolling Interests": NaN,
        "Net Income Discontinuous Operations": NaN,
        "Net Income Continuous Operations": NaN,
        "Earnings From Equity Interest Net Of Tax": NaN,
        "Tax Provision": NaN,
        "Pretax Income": NaN,
        "Other Income Expense": NaN,
        "Other Non Operating Income Expenses": NaN,
        "Special Income Charges": NaN,
        "Gain On Sale Of Ppe": NaN,
        "Gain On Sale Of Business": -156404.0,
        "Restructuring And Mergern Acquisition": 0.0,
        "Gain On Sale Of Security": NaN,
        "Net Non Operating Interest Income Expense": NaN,
        "Interest Expense Non Operating": NaN,
        "Operating Income": NaN,
        "Operating Expense": NaN,
        "Other Operating Expenses": 0.0,
        "Depreciation Amortization Depletion Income Statement": NaN,
        "Depreciation And Amortization In Income Statement": NaN,
        "Research And Development": NaN,
        "Selling General And Administration": NaN,
        "Gross Profit": NaN,
        "Cost Of Revenue": NaN,
        "Total Revenue": NaN,
        "Operating Revenue": NaN
    },
    "2023-09-30": {
        "Tax Effect Of Unusual Items": NaN,
        "Tax Rate For Calcs": NaN,
        "Normalized EBITDA": NaN,
        "Total Unusual Items": NaN,
        "Total Unusual Items Excluding Goodwill": NaN,
        "Net Income From Continuing Operation Net Minority Interest": NaN,
        "Reconciled Depreciation": NaN,
        "Reconciled Cost Of Revenue": NaN,
        "EBITDA": NaN,
        "EBIT": NaN,
        "Net Interest Income": NaN,
        "Interest Expense": NaN,
        "Normalized Income": NaN,
        "Net Income From Continuing And Discontinued Operation": NaN,
        "Total Expenses": NaN,
        "Total Operating Income As Reported": NaN,
        "Diluted Average Shares": NaN,
        "Basic Average Shares": NaN,
        "Diluted EPS": NaN,
        "Basic EPS": NaN,
        "Diluted NI Availto Com Stockholders": NaN,
        "Net Income Common Stockholders": NaN,
        "Otherunder Preferred Stock Dividend": 120045.0,
        "Preferred Stock Dividends": NaN,
        "Net Income": NaN,
        "Minority Interests": NaN,
        "Net Income Including Noncontrolling Interests": NaN,
        "Net Income Discontinuous Operations": -931887.0,
        "Net Income Continuous Operations": NaN,
        "Earnings From Equity Interest Net Of Tax": NaN,
        "Tax Provision": NaN,
        "Pretax Income": NaN,
        "Other Income Expense": NaN,
        "Other Non Operating Income Expenses": NaN,
        "Special Income Charges": NaN,
        "Gain On Sale Of Ppe": NaN,
        "Gain On Sale Of Business": NaN,
        "Gain On Sale Of Security": NaN,
        "Net Non Operating Interest Income Expense": NaN,
        "Interest Expense Non Operating": NaN,
        "Operating Income": NaN,
        "Operating Expense": NaN,
        "Depreciation Amortization Depletion Income Statement": NaN,
        "Depreciation And Amortization In Income Statement": NaN,
        "Research And Development": NaN,
        "Selling General And Administration": NaN,
        "Gross Profit": NaN,
        "Cost Of Revenue": NaN,
        "Total Revenue": NaN,
        "Operating Revenue": NaN
    },
    "2023-12-31": {
        "Tax Effect Of Unusual Items": NaN,
        "Tax Rate For Calcs": NaN,
        "Normalized EBITDA": NaN,
        "Total Unusual Items": NaN,
        "Total Unusual Items Excluding Goodwill": NaN,
        "Net Income From Continuing Operation Net Minority Interest": NaN,
        "Reconciled Depreciation": NaN,
        "Reconciled Cost Of Revenue": NaN,
        "EBITDA": NaN,
        "EBIT": NaN,
        "Net Interest Income": NaN,
        "Interest Expense": NaN,
        "Normalized Income": NaN,
        "Net Income From Continuing And Discontinued Operation": NaN,
        "Total Expenses": NaN,
        "Total Operating Income As Reported": NaN,
        "Diluted Average Shares": NaN,
        "Basic Average Shares": NaN,
        "Diluted EPS": NaN,
        "Basic EPS": NaN,
        "Diluted NI Availto Com Stockholders": NaN,
        "Net Income Common Stockholders": NaN,
        "Otherunder Preferred Stock Dividend": 98593.0,
        "Preferred Stock Dividends": 25838.0,
        "Net Income": NaN,
        "Minority Interests": NaN,
        "Net Income Including Noncontrolling Interests": NaN,
        "Net Income Discontinuous Operations": -2735857.0,
        "Net Income Continuous Operations": NaN,
        "Earnings From Equity Interest Net Of Tax": NaN,
        "Tax Provision": NaN,
        "Pretax Income": NaN,
        "Other Income Expense": NaN,
        "Other Non Operating Income Expenses": NaN,
        "Special Income Charges": NaN,
        "Gain On Sale Of Ppe": NaN,
        "Gain On Sale Of Business": 0.0,
        "Gain On Sale Of Security": NaN,
        "Net Non Operating Interest Income Expense": NaN,
        "Interest Expense Non Operating": NaN,
        "Operating Income": NaN,
        "Operating Expense": NaN,
        "Depreciation Amortization Depletion Income Statement": NaN,
        "Depreciation And Amortization In Income Statement": NaN,
        "Research And Development": NaN,
        "Selling General And Administration": NaN,
        "Gross Profit": NaN,
        "Cost Of Revenue": NaN,
        "Total Revenue": NaN,
        "Operating Revenue": NaN
    },
    "2024-03-31": {
        "Tax Effect Of Unusual Items": -5285.28,
        "Tax Rate For Calcs": 0.21,
        "Normalized EBITDA": -2371794.0,
        "Total Unusual Items": -25168.0,
        "Total Unusual Items Excluding Goodwill": -25168.0,
        "Net Income From Continuing Operation Net Minority Interest": -4833128.0,
        "Reconciled Depreciation": 815806.0,
        "Reconciled Cost Of Revenue": 7062361.0,
        "EBITDA": -2396962.0,
        "EBIT": -3212769.0,
        "Net Interest Income": -1107971.0,
        "Interest Expense": 1107971.0,
        "Normalized Income": -4813245.28,
        "Net Income From Continuing And Discontinued Operation": -5500537.0,
        "Total Expenses": 12606061.0,
        "Total Operating Income As Reported": -3238077.0,
        "Diluted Average Shares": 2279736.0,
        "Basic Average Shares": 2279736.0,
        "Diluted EPS": -2.41,
        "Basic EPS": -2.41,
        "Diluted NI Availto Com Stockholders": -5623896.0,
        "Net Income Common Stockholders": -5623896.0,
        "Otherunder Preferred Stock Dividend": 123359.0,
        "Preferred Stock Dividends": NaN,
        "Net Income": -5500537.0,
        "Minority Interests": -23051.0,
        "Net Income Including Noncontrolling Interests": -5477486.0,
        "Net Income Discontinuous Operations": -667409.0,
        "Net Income Continuous Operations": -4810077.0,
        "Earnings From Equity Interest Net Of Tax": -487617.0,
        "Tax Provision": 1720.0,
        "Pretax Income": -4320740.0,
        "Other Income Expense": 25308.0,
        "Other Non Operating Income Expenses": 50476.0,
        "Special Income Charges": 0.0,
        "Gain On Sale Of Ppe": 0.0,
        "Gain On Sale Of Business": 0.0,
        "Gain On Sale Of Security": -25168.0,
        "Net Non Operating Interest Income Expense": -1107971.0,
        "Interest Expense Non Operating": 1107971.0,
        "Operating Income": -3238077.0,
        "Operating Expense": 5543701.0,
        "Depreciation Amortization Depletion Income Statement": 815807.0,
        "Depreciation And Amortization In Income Statement": 815807.0,
        "Research And Development": 767210.0,
        "Selling General And Administration": 3960684.0,
        "Gross Profit": 2305624.0,
        "Cost Of Revenue": 7062360.0,
        "Total Revenue": 9367984.0,
        "Operating Revenue": 9367984.0
    },
    "2024-06-30": {
        "Tax Effect Of Unusual Items": -860211.03,
        "Tax Rate For Calcs": 0.21,
        "Normalized EBITDA": -2983266.0,
        "Total Unusual Items": -4096243.0,
        "Total Unusual Items Excluding Goodwill": -4096243.0,
        "Net Income From Continuing Operation Net Minority Interest": -12111959.0,
        "Reconciled Depreciation": 1067178.0,
        "Reconciled Cost Of Revenue": 12339723.0,
        "EBITDA": -7079509.0,
        "EBIT": -8146687.0,
        "Net Interest Income": -1896621.0,
        "Interest Expense": 1896621.0,
        "Normalized Income": -8875927.03,
        "Net Income From Continuing And Discontinued Operation": -12111959.0,
        "Total Expenses": 18861877.0,
        "Total Operating Income As Reported": -7554030.0,
        "Diluted Average Shares": 2282627.0,
        "Basic Average Shares": 2282627.0,
        "Diluted EPS": -5.306814,
        "Basic EPS": -5.306814,
        "Diluted NI Availto Com Stockholders": -12238741.0,
        "Net Income Common Stockholders": -12238741.0,
        "Otherunder Preferred Stock Dividend": NaN,
        "Preferred Stock Dividends": NaN,
        "Net Income": -12111959.0,
        "Minority Interests": 15981.0,
        "Net Income Including Noncontrolling Interests": -12127940.0,
        "Net Income Discontinuous Operations": NaN,
        "Net Income Continuous Operations": -12127940.0,
        "Earnings From Equity Interest Net Of Tax": -733748.0,
        "Tax Provision": 1350884.0,
        "Pretax Income": -10043308.0,
        "Other Income Expense": -4104546.0,
        "Other Non Operating Income Expenses": -8303.0,
        "Special Income Charges": -4046078.0,
        "Gain On Sale Of Ppe": 19121.0,
        "Gain On Sale Of Business": -534189.0,
        "Gain On Sale Of Security": -50165.0,
        "Net Non Operating Interest Income Expense": -1896621.0,
        "Interest Expense Non Operating": 1896621.0,
        "Operating Income": -4042141.0,
        "Operating Expense": 6522153.0,
        "Depreciation Amortization Depletion Income Statement": 1067177.0,
        "Depreciation And Amortization In Income Statement": 1067177.0,
        "Research And Development": 1044892.0,
        "Selling General And Administration": 4410084.0,
        "Gross Profit": 2480012.0,
        "Cost Of Revenue": 12339724.0,
        "Total Revenue": 14819736.0,
        "Operating Revenue": 14819736.0
    },
    "2024-09-30": {
        "Tax Effect Of Unusual Items": 0.0,
        "Tax Rate For Calcs": 0.0,
        "Normalized EBITDA": -3430349.0,
        "Total Unusual Items": -19388.0,
        "Total Unusual Items Excluding Goodwill": -19388.0,
        "Net Income From Continuing Operation Net Minority Interest": -6235227.0,
        "Reconciled Depreciation": 814453.0,
        "Reconciled Cost Of Revenue": 6973108.0,
        "EBITDA": -3449737.0,
        "EBIT": -4264190.0,
        "Net Interest Income": -1123017.0,
        "Interest Expense": 1123017.0,
        "Normalized Income": -6215839.0,
        "Net Income From Continuing And Discontinued Operation": -16229726.0,
        "Total Expenses": 12531592.0,
        "Total Operating Income As Reported": -4233578.0,
        "Diluted Average Shares": 2282780.0,
        "Basic Average Shares": 2282780.0,
        "Diluted EPS": -7.169992,
        "Basic EPS": -7.169992,
        "Diluted NI Availto Com Stockholders": -16357618.0,
        "Net Income Common Stockholders": -16357618.0,
        "Otherunder Preferred Stock Dividend": 127892.0,
        "Preferred Stock Dividends": NaN,
        "Net Income": -16229726.0,
        "Minority Interests": 0.0,
        "Net Income Including Noncontrolling Interests": -16229726.0,
        "Net Income Discontinuous Operations": -9994499.0,
        "Net Income Continuous Operations": -6235227.0,
        "Earnings From Equity Interest Net Of Tax": -846878.0,
        "Tax Provision": 1142.0,
        "Pretax Income": -5387207.0,
        "Other Income Expense": -42074.0,
        "Other Non Operating Income Expenses": -22686.0,
        "Special Income Charges": -11462.0,
        "Gain On Sale Of Ppe": -11462.0,
        "Gain On Sale Of Business": NaN,
        "Gain On Sale Of Security": -7926.0,
        "Net Non Operating Interest Income Expense": -1123017.0,
        "Interest Expense Non Operating": 1123017.0,
        "Operating Income": -4222116.0,
        "Operating Expense": 5558484.0,
        "Depreciation Amortization Depletion Income Statement": 814453.0,
        "Depreciation And Amortization In Income Statement": 814453.0,
        "Research And Development": 741820.0,
        "Selling General And Administration": 4002211.0,
        "Gross Profit": 1336368.0,
        "Cost Of Revenue": 6973108.0,
        "Total Revenue": 8309476.0,
        "Operating Revenue": 8309476.0
    },
    "2024-12-31": {
        "Tax Effect Of Unusual Items": 0.0,
        "Tax Rate For Calcs": 0.0,
        "Normalized EBITDA": -3637026.0,
        "Total Unusual Items": -10836.0,
        "Total Unusual Items Excluding Goodwill": -10836.0,
        "Net Income From Continuing Operation Net Minority Interest": -6253571.0,
        "Reconciled Depreciation": 696351.0,
        "Reconciled Cost Of Revenue": 3194376.0,
        "EBITDA": -3647862.0,
        "EBIT": -4344213.0,
        "Net Interest Income": -1182912.0,
        "Interest Expense": 1182912.0,
        "Normalized Income": -6242735.0,
        "Net Income From Continuing And Discontinued Operation": -1660857.0,
        "Total Expenses": 9411139.0,
        "Total Operating Income As Reported": -4344263.0,
        "Diluted Average Shares": 2291746.0,
        "Basic Average Shares": 2291746.0,
        "Diluted EPS": -0.78,
        "Basic EPS": -0.78,
        "Diluted NI Availto Com Stockholders": -1792330.0,
        "Net Income Common Stockholders": -1792330.0,
        "Otherunder Preferred Stock Dividend": 105635.0,
        "Preferred Stock Dividends": 25838.0,
        "Net Income": -1660857.0,
        "Minority Interests": 0.0,
        "Net Income Including Noncontrolling Interests": -1660857.0,
        "Net Income Discontinuous Operations": 4592714.0,
        "Net Income Continuous Operations": -6253571.0,
        "Earnings From Equity Interest Net Of Tax": -724895.0,
        "Tax Provision": 1551.0,
        "Pretax Income": -5527125.0,
        "Other Income Expense": -9972.0,
        "Other Non Operating Income Expenses": 864.0,
        "Special Income Charges": -10022.0,
        "Gain On Sale Of Ppe": -10022.0,
        "Gain On Sale Of Business": NaN,
        "Gain On Sale Of Security": -814.0,
        "Net Non Operating Interest Income Expense": -1182912.0,
        "Interest Expense Non Operating": 1182912.0,
        "Operating Income": -4334241.0,
        "Operating Expense": 6216763.0,
        "Depreciation Amortization Depletion Income Statement": 696351.0,
        "Depreciation And Amortization In Income Statement": 696351.0,
        "Research And Development": 832586.0,
        "Selling General And Administration": 4687826.0,
        "Gross Profit": 1882522.0,
        "Cost Of Revenue": 3194376.0,
        "Total Revenue": 5076898.0,
        "Operating Revenue": 5076898.0
    },
    "2025-03-31": {
        "Tax Effect Of Unusual Items": -338.31,
        "Tax Rate For Calcs": 0.21,
        "Normalized EBITDA": -60925.0,
        "Total Unusual Items": -1611.0,
        "Total Unusual Items Excluding Goodwill": -1611.0,
        "Net Income From Continuing Operation Net Minority Interest": -2225117.0,
        "Reconciled Depreciation": 578047.0,
        "Reconciled Cost Of Revenue": 5947095.0,
        "EBITDA": -62536.0,
        "EBIT": -640583.0,
        "Net Interest Income": -898417.0,
        "Interest Expense": 898417.0,
        "Normalized Income": -2223844.31,
        "Net Income From Continuing And Discontinued Operation": -2236034.0,
        "Total Expenses": 10215028.0,
        "Total Operating Income As Reported": -662601.0,
        "Diluted Average Shares": 2144517.0,
        "Basic Average Shares": 2144517.0,
        "Diluted EPS": -1.04,
        "Basic EPS": -1.04,
        "Diluted NI Availto Com Stockholders": -2365210.0,
        "Net Income Common Stockholders": -2365210.0,
        "Otherunder Preferred Stock Dividend": 129176.0,
        "Preferred Stock Dividends": NaN,
        "Net Income": -2236034.0,
        "Minority Interests": 0.0,
        "Net Income Including Noncontrolling Interests": -2236034.0,
        "Net Income Discontinuous Operations": -10917.0,
        "Net Income Continuous Operations": -2225117.0,
        "Earnings From Equity Interest Net Of Tax": -682286.0,
        "Tax Provision": 3831.0,
        "Pretax Income": -1539000.0,
        "Other Income Expense": 22018.0,
        "Other Non Operating Income Expenses": 23629.0,
        "Special Income Charges": 0.0,
        "Gain On Sale Of Ppe": 0.0,
        "Gain On Sale Of Business": NaN,
        "Gain On Sale Of Security": -1611.0,
        "Net Non Operating Interest Income Expense": -898417.0,
        "Interest Expense Non Operating": 898417.0,
        "Operating Income": -662601.0,
        "Operating Expense": 4267933.0,
        "Depreciation Amortization Depletion Income Statement": 578047.0,
        "Depreciation And Amortization In Income Statement": 578047.0,
        "Research And Development": 734521.0,
        "Selling General And Administration": 2955365.0,
        "Gross Profit": 3605332.0,
        "Cost Of Revenue": 5947095.0,
        "Total Revenue": 9552427.0,
        "Operating Revenue": 9552427.0
    }
}