{
    "2023-06-30": {
        "Tax Effect Of Unusual Items": 0.0,
        "Tax Rate For Calcs": 0.231,
        "Net Income From Continuing Operation Net Minority Interest": 31249000.0,
        "Reconciled Depreciation": 181000.0,
        "Net Interest Income": 126963000.0,
        "Interest Expense": 47320000.0,
        "Interest Income": 174283000.0,
        "Normalized Income": 31249000.0,
        "Net Income From Continuing And Discontinued Operation": 31249000.0,
        "Diluted Average Shares": 85536000.0,
        "Basic Average Shares": 85022000.0,
        "Diluted EPS": 0.37,
        "Basic EPS": 0.37,
        "Diluted NI Availto Com Stockholders": 31249000.0,
        "Net Income Common Stockholders": 31249000.0,
        "Net Income": 31249000.0,
        "Net Income Including Noncontrolling Interests": 31249000.0,
        "Net Income Continuous Operations": 31249000.0,
        "Tax Provision": 10189000.0,
        "Pretax Income": 41438000.0,
        "Gain On Sale Of Security": -176000.0,
        "Depreciation Amortization Depletion Income Statement": 7654000.0,
        "Depreciation And Amortization In Income Statement": 7654000.0,
        "Amortization": 7654000.0,
        "Amortization Of Intangibles Income Statement": 7654000.0,
        "Selling General And Administration": 56790000.0,
        "Selling And Marketing Expense": 2047000.0,
        "General And Administrative Expense": 54743000.0,
        "Insurance And Claims": 2116000.0,
        "Salaries And Wages": 52627000.0,
        "Total Revenue": 148539000.0,
        "Operating Revenue": 148539000.0,
        "Occupancy And Equipment": 10928000.0,
        "Professional Expense And Contract Services Expense": 4062000.0,
        "Other Non Interest Expense": 28431000.0
    },
    "2023-03-31": {
        "Tax Effect Of Unusual Items": 0.0,
        "Tax Rate For Calcs": 0.185693,
        "Net Income From Continuing Operation Net Minority Interest": 11827000.0,
        "Reconciled Depreciation": -2707000.0,
        "Net Interest Income": 131152000.0,
        "Interest Expense": 26839000.0,
        "Interest Income": 157991000.0,
        "Normalized Income": 11827000.0,
        "Net Income From Continuing And Discontinued Operation": 11827000.0,
        "Diluted Average Shares": 80717000.0,
        "Basic Average Shares": 80151000.0,
        "Diluted EPS": 0.15,
        "Basic EPS": 0.15,
        "Diluted NI Availto Com Stockholders": 11827000.0,
        "Net Income Common Stockholders": 11827000.0,
        "Net Income": 11827000.0,
        "Net Income Including Noncontrolling Interests": 11827000.0,
        "Net Income Continuous Operations": 11827000.0,
        "Tax Provision": 2697000.0,
        "Pretax Income": 14524000.0,
        "Gain On Sale Of Security": 107000.0,
        "Depreciation Amortization Depletion Income Statement": 6727000.0,
        "Depreciation And Amortization In Income Statement": 6727000.0,
        "Amortization": 6727000.0,
        "Amortization Of Intangibles Income Statement": 6727000.0,
        "Selling General And Administration": 59859000.0,
        "Selling And Marketing Expense": 2238000.0,
        "General And Administrative Expense": 57621000.0,
        "Insurance And Claims": 1443000.0,
        "Salaries And Wages": 56178000.0,
        "Total Revenue": 153597000.0,
        "Operating Revenue": 153597000.0,
        "Occupancy And Equipment": 10286000.0,
        "Professional Expense And Contract Services Expense": 7479000.0,
        "Other Non Interest Expense": 21885000.0
    },
    "2022-12-31": {
        "Tax Effect Of Unusual Items": 0.0,
        "Tax Rate For Calcs": 0.245705,
        "Net Income From Continuing Operation Net Minority Interest": 23927000.0,
        "Reconciled Depreciation": 1375000.0,
        "Net Interest Income": 119709000.0,
        "Interest Expense": 7400000.0,
        "Interest Income": 127109000.0,
        "Normalized Income": 23927000.0,
        "Net Income From Continuing And Discontinued Operation": 23927000.0,
        "Diluted Average Shares": 71374000.0,
        "Basic Average Shares": 70770000.0,
        "Diluted EPS": 0.34,
        "Basic EPS": 0.34,
        "Diluted NI Availto Com Stockholders": 23927000.0,
        "Net Income Common Stockholders": 23927000.0,
        "Net Income": 23927000.0,
        "Net Income Including Noncontrolling Interests": 23927000.0,
        "Net Income Continuous Operations": 23927000.0,
        "Tax Provision": 7794000.0,
        "Pretax Income": 31721000.0,
        "Gain On Sale Of Security": 1323000.0,
        "Depreciation Amortization Depletion Income Statement": 4763000.0,
        "Depreciation And Amortization In Income Statement": 4763000.0,
        "Amortization": 4763000.0,
        "Amortization Of Intangibles Income Statement": 4763000.0,
        "Selling General And Administration": 53366000.0,
        "Selling And Marketing Expense": 1772000.0,
        "General And Administrative Expense": 51594000.0,
        "Insurance And Claims": 889000.0,
        "Salaries And Wages": 50705000.0,
        "Total Revenue": 137360000.0,
        "Operating Revenue": 137360000.0
    },
    "2022-09-30": {
        "Tax Effect Of Unusual Items": 0.0,
        "Tax Rate For Calcs": 0.237667,
        "Net Income From Continuing Operation Net Minority Interest": 29237000.0,
        "Reconciled Depreciation": 1446000.0,
        "Net Interest Income": 87989000.0,
        "Interest Expense": 3120000.0,
        "Interest Income": 91109000.0,
        "Normalized Income": 29237000.0,
        "Net Income From Continuing And Discontinued Operation": 29237000.0,
        "Diluted Average Shares": 61961000.0,
        "Basic Average Shares": 61442000.0,
        "Diluted EPS": 0.47,
        "Basic EPS": 0.48,
        "Diluted NI Availto Com Stockholders": 29237000.0,
        "Net Income Common Stockholders": 29237000.0,
        "Net Income": 29237000.0,
        "Net Income Including Noncontrolling Interests": 29237000.0,
        "Net Income Continuous Operations": 29237000.0,
        "Tax Provision": 9115000.0,
        "Pretax Income": 38352000.0,
        "Gain On Sale Of Security": -362000.0,
        "Depreciation Amortization Depletion Income Statement": 1446000.0,
        "Depreciation And Amortization In Income Statement": 1446000.0,
        "Amortization": 1446000.0,
        "Amortization Of Intangibles Income Statement": 1446000.0,
        "Selling General And Administration": 34715000.0,
        "Selling And Marketing Expense": 1461000.0,
        "General And Administrative Expense": 33254000.0,
        "Other Gand A": 6366000.0,
        "Insurance And Claims": 760000.0,
        "Salaries And Wages": 32494000.0,
        "Total Revenue": 104387000.0,
        "Operating Revenue": 104387000.0
    },
    "2022-06-30": {
        "Tax Effect Of Unusual Items": 0.0,
        "Tax Rate For Calcs": 0.213395,
        "Net Income From Continuing Operation Net Minority Interest": 32755000.0,
        "Reconciled Depreciation": 1446000.0,
        "Net Interest Income": 80971000.0,
        "Interest Expense": 2102000.0,
        "Interest Income": 83073000.0,
        "Normalized Income": 32755000.0,
        "Net Income From Continuing And Discontinued Operation": 32755000.0,
        "Diluted Average Shares": 61923000.0,
        "Basic Average Shares": 61409000.0,
        "Diluted EPS": 0.53,
        "Basic EPS": 0.53,
        "Diluted NI Availto Com Stockholders": 32755000.0,
        "Net Income Common Stockholders": 32755000.0,
        "Net Income": 32755000.0,
        "Net Income Including Noncontrolling Interests": 32755000.0,
        "Net Income Continuous Operations": 32755000.0,
        "Tax Provision": 8886000.0,
        "Pretax Income": 41641000.0,
        "Gain On Sale Of Security": -300000.0,
        "Depreciation Amortization Depletion Income Statement": 1446000.0,
        "Depreciation And Amortization In Income Statement": 1446000.0,
        "Amortization": 1446000.0,
        "Amortization Of Intangibles Income Statement": 1446000.0,
        "Selling General And Administration": 34788000.0,
        "Selling And Marketing Expense": 1882000.0,
        "General And Administrative Expense": 32906000.0,
        "Other Gand A": 6951000.0,
        "Insurance And Claims": 699000.0,
        "Salaries And Wages": 32207000.0,
        "Total Revenue": 98611000.0,
        "Operating Revenue": 98611000.0
    },
    "2022-03-31": {
        "Diluted EPS": 0.33,
        "Total Revenue": 94,
        "Gross Profit": 92,
        "Operating Income": 26,
        "EBIT": NaN,
        "Net Income": 21
    },
    "2021-12-31": {
        "Diluted EPS": 0.62,
        "Total Revenue": 93,
        "Gross Profit": 91,
        "Operating Income": 45,
        "EBIT": NaN,
        "Net Income": 36
    },
    "2021-09-30": {
        "Diluted EPS": 0.4,
        "Total Revenue": 92,
        "Gross Profit": 90,
        "Operating Income": 30,
        "EBIT": NaN,
        "Net Income": 23
    },
    "2021-06-30": {
        "Diluted EPS": 0.56,
        "Total Revenue": 83,
        "Gross Profit": 81,
        "Operating Income": 40,
        "EBIT": NaN,
        "Net Income": 31
    },
    "2021-03-31": {
        "Diluted EPS": 0.6,
        "Total Revenue": 87,
        "Gross Profit": 84,
        "Operating Income": 44,
        "EBIT": NaN,
        "Net Income": 34
    },
    "2020-12-31": {
        "Diluted EPS": 0.54,
        "Total Revenue": 88,
        "Gross Profit": 84,
        "Operating Income": 38,
        "EBIT": NaN,
        "Net Income": 29
    },
    "2020-09-30": {
        "Diluted EPS": 0.42,
        "Total Revenue": 85,
        "Gross Profit": 80,
        "Operating Income": 30,
        "EBIT": NaN,
        "Net Income": 23
    },
    "2020-06-30": {
        "Diluted EPS": 0.47,
        "Total Revenue": 88,
        "Gross Profit": 82,
        "Operating Income": 32,
        "EBIT": NaN,
        "Net Income": 25
    },
    "2020-03-31": {
        "Diluted EPS": 0.01,
        "Total Revenue": 88,
        "Gross Profit": 78,
        "Operating Income": 1,
        "EBIT": NaN,
        "Net Income": 1
    },
    "2019-12-31": {
        "Diluted EPS": 0.52,
        "Total Revenue": 89,
        "Gross Profit": 78,
        "Operating Income": 35,
        "EBIT": NaN,
        "Net Income": 27
    },
    "2019-09-30": {
        "Diluted EPS": 0.49,
        "Total Revenue": 87,
        "Gross Profit": 75,
        "Operating Income": 34,
        "EBIT": NaN,
        "Net Income": 26
    },
    "2019-06-30": {
        "Diluted EPS": 0.45,
        "Total Revenue": 86,
        "Gross Profit": 74,
        "Operating Income": 30,
        "EBIT": NaN,
        "Net Income": 23
    },
    "2019-03-31": {
        "Diluted EPS": 0.44,
        "Total Revenue": 85,
        "Gross Profit": 74,
        "Operating Income": 29,
        "EBIT": NaN,
        "Net Income": 23
    },
    "2018-12-31": {
        "Diluted EPS": 0.31,
        "Total Revenue": 83,
        "Gross Profit": 73,
        "Operating Income": 21,
        "EBIT": NaN,
        "Net Income": 16
    },
    "2018-09-30": {
        "Diluted EPS": 0.34,
        "Total Revenue": 71,
        "Gross Profit": 64,
        "Operating Income": 21,
        "EBIT": NaN,
        "Net Income": 16
    },
    "2018-06-30": {
        "Diluted EPS": 0.35,
        "Total Revenue": 69,
        "Gross Profit": 63,
        "Operating Income": 22,
        "EBIT": NaN,
        "Net Income": 17
    },
    "2018-03-31": {
        "Diluted EPS": 0.38,
        "Total Revenue": 68,
        "Gross Profit": 62,
        "Operating Income": 24,
        "EBIT": NaN,
        "Net Income": 18
    },
    "2017-12-31": {
        "Diluted EPS": 0.29,
        "Total Revenue": 80,
        "Gross Profit": 75,
        "Operating Income": 33,
        "EBIT": NaN,
        "Net Income": 13
    },
    "2017-09-30": {
        "Diluted EPS": 0.32,
        "Total Revenue": 62,
        "Gross Profit": 57,
        "Operating Income": 22,
        "EBIT": NaN,
        "Net Income": 14
    },
    "2017-06-30": {
        "Diluted EPS": 0.18,
        "Total Revenue": 58,
        "Gross Profit": 55,
        "Operating Income": 12,
        "EBIT": NaN,
        "Net Income": 8
    },
    "2017-03-31": {
        "Diluted EPS": 0.2,
        "Total Revenue": 51,
        "Gross Profit": 48,
        "Operating Income": 12,
        "EBIT": NaN,
        "Net Income": 8
    },
    "2016-12-31": {
        "Diluted EPS": 0.29,
        "Total Revenue": 50,
        "Gross Profit": 47,
        "Operating Income": 16,
        "EBIT": NaN,
        "Net Income": 11
    },
    "2016-09-30": {
        "Diluted EPS": 0.24,
        "Total Revenue": 50,
        "Gross Profit": 47,
        "Operating Income": 13,
        "EBIT": NaN,
        "Net Income": 9
    },
    "2016-06-30": {
        "Diluted EPS": 0.14,
        "Total Revenue": 46,
        "Gross Profit": 44,
        "Operating Income": 8,
        "EBIT": NaN,
        "Net Income": 5
    },
    "2016-03-31": {
        "Diluted EPS": 0.11,
        "Total Revenue": 41,
        "Gross Profit": 39,
        "Operating Income": 6,
        "EBIT": NaN,
        "Net Income": 4
    },
    "2015-12-31": {
        "Diluted EPS": 0.17,
        "Total Revenue": 39,
        "Gross Profit": 37,
        "Operating Income": 10,
        "EBIT": NaN,
        "Net Income": 6
    },
    "2015-09-30": {
        "Diluted EPS": 0.13,
        "Total Revenue": 39,
        "Gross Profit": 37,
        "Operating Income": 7,
        "EBIT": NaN,
        "Net Income": 4
    },
    "2015-06-30": {
        "Diluted EPS": 0.18,
        "Total Revenue": 36,
        "Gross Profit": 35,
        "Operating Income": 9,
        "EBIT": NaN,
        "Net Income": 6
    },
    "2015-03-31": {
        "Diluted EPS": 0.18,
        "Total Revenue": 35,
        "Gross Profit": 33,
        "Operating Income": 9,
        "EBIT": NaN,
        "Net Income": 6
    },
    "2014-12-31": {
        "Diluted EPS": -0.07,
        "Total Revenue": 34,
        "Gross Profit": 32,
        "Operating Income": 32,
        "EBIT": NaN,
        "Net Income": -2
    },
    "2014-09-30": {
        "Diluted EPS": 0.12,
        "Total Revenue": 25,
        "Gross Profit": 24,
        "Operating Income": 25,
        "EBIT": NaN,
        "Net Income": 3
    },
    "2014-06-30": {
        "Diluted EPS": 0.07,
        "Total Revenue": 24,
        "Gross Profit": 23,
        "Operating Income": 24,
        "EBIT": NaN,
        "Net Income": 2
    },
    "2014-03-31": {
        "Diluted EPS": 0.09,
        "Total Revenue": 23,
        "Gross Profit": 22,
        "Operating Income": 23,
        "EBIT": NaN,
        "Net Income": 2
    },
    "2013-12-31": {
        "Diluted EPS": -0.04,
        "Total Revenue": 24,
        "Gross Profit": 22,
        "Operating Income": 22,
        "EBIT": NaN,
        "Net Income": 1
    },
    "2013-09-30": {
        "Diluted EPS": 2.31,
        "Total Revenue": 25,
        "Gross Profit": 23,
        "Operating Income": 22,
        "EBIT": NaN,
        "Net Income": 44
    },
    "2013-06-30": {
        "Diluted EPS": 0.11,
        "Total Revenue": 24,
        "Gross Profit": 23,
        "Operating Income": 22,
        "EBIT": NaN,
        "Net Income": 2
    },
    "2013-03-31": {
        "Diluted EPS": 0.06,
        "Total Revenue": 23,
        "Gross Profit": 22,
        "Operating Income": 21,
        "EBIT": NaN,
        "Net Income": 1
    },
    "2012-12-31": {
        "Diluted EPS": -0.04,
        "Total Revenue": 23,
        "Gross Profit": 21,
        "Operating Income": 20,
        "EBIT": NaN,
        "Net Income": -1
    },
    "2012-09-30": {
        "Diluted EPS": -0.05,
        "Total Revenue": 24,
        "Gross Profit": 22,
        "Operating Income": 21,
        "EBIT": NaN,
        "Net Income": 0
    },
    "2012-06-30": {
        "Diluted EPS": -0.15,
        "Total Revenue": 27,
        "Gross Profit": 25,
        "Operating Income": 18,
        "EBIT": NaN,
        "Net Income": -3
    },
    "2012-03-31": {
        "Diluted EPS": 0.0,
        "Total Revenue": 28,
        "Gross Profit": 25,
        "Operating Income": 23,
        "EBIT": NaN,
        "Net Income": 0
    },
    "2011-12-31": {
        "Diluted EPS": 0.11,
        "Total Revenue": 26,
        "Gross Profit": 23,
        "Operating Income": 23,
        "EBIT": NaN,
        "Net Income": 2
    },
    "2011-09-30": {
        "Diluted EPS": 0.1,
        "Total Revenue": 25,
        "Gross Profit": 22,
        "Operating Income": 22,
        "EBIT": NaN,
        "Net Income": 2
    },
    "2011-06-30": {
        "Diluted EPS": 0.0,
        "Total Revenue": 25,
        "Gross Profit": 21,
        "Operating Income": 20,
        "EBIT": NaN,
        "Net Income": 0
    },
    "2011-03-31": {
        "Diluted EPS": -0.05,
        "Total Revenue": 24,
        "Gross Profit": 21,
        "Operating Income": 20,
        "EBIT": NaN,
        "Net Income": -1
    },
    "2010-12-31": {
        "Diluted EPS": -0.5,
        "Total Revenue": 25,
        "Gross Profit": 22,
        "Operating Income": 18,
        "EBIT": NaN,
        "Net Income": -11
    },
    "2010-09-30": {
        "Diluted EPS": -0.45,
        "Total Revenue": 26,
        "Gross Profit": 21,
        "Operating Income": 12,
        "EBIT": NaN,
        "Net Income": -9
    },
    "2010-06-30": {
        "Diluted EPS": -1.25,
        "Total Revenue": 27,
        "Gross Profit": 22,
        "Operating Income": 5,
        "EBIT": NaN,
        "Net Income": -15
    },
    "2010-03-31": {
        "Diluted EPS": -0.2,
        "Total Revenue": 29,
        "Gross Profit": 23,
        "Operating Income": 21,
        "EBIT": NaN,
        "Net Income": -3
    },
    "2009-12-31": {
        "Diluted EPS": 0.6,
        "Total Revenue": 29,
        "Gross Profit": 23,
        "Operating Income": -9,
        "EBIT": NaN,
        "Net Income": -39
    },
    "2009-09-30": {
        "Diluted EPS": -6.05,
        "Total Revenue": 31,
        "Gross Profit": 25,
        "Operating Income": -41,
        "EBIT": NaN,
        "Net Income": -42
    },
    "2009-06-30": {
        "Diluted EPS": -16.75,
        "Total Revenue": 33,
        "Gross Profit": 26,
        "Operating Income": -72,
        "EBIT": NaN,
        "Net Income": -64
    },
    "2009-03-31": {
        "Diluted EPS": -1.5,
        "Total Revenue": 32,
        "Gross Profit": 23,
        "Operating Income": 12,
        "EBIT": NaN,
        "Net Income": -6
    },
    "2023-09-30": {
        "Tax Effect Of Unusual Items": NaN,
        "Tax Rate For Calcs": NaN,
        "Net Income From Continuing Operation Net Minority Interest": NaN,
        "Reconciled Depreciation": NaN,
        "Net Interest Income": NaN,
        "Interest Expense": NaN,
        "Interest Income": NaN,
        "Normalized Income": NaN,
        "Net Income From Continuing And Discontinued Operation": NaN,
        "Diluted Average Shares": 85666000.0,
        "Basic Average Shares": 85142000.0,
        "Diluted EPS": 0.37,
        "Basic EPS": 0.37,
        "Diluted NI Availto Com Stockholders": NaN,
        "Net Income Common Stockholders": NaN,
        "Net Income": NaN,
        "Net Income Including Noncontrolling Interests": NaN,
        "Net Income Continuous Operations": NaN,
        "Tax Provision": NaN,
        "Pretax Income": NaN,
        "Gain On Sale Of Security": NaN,
        "Depreciation Amortization Depletion Income Statement": NaN,
        "Depreciation And Amortization In Income Statement": NaN,
        "Amortization": NaN,
        "Amortization Of Intangibles Income Statement": NaN,
        "Selling General And Administration": NaN,
        "Selling And Marketing Expense": NaN,
        "General And Administrative Expense": NaN,
        "Insurance And Claims": NaN,
        "Salaries And Wages": NaN,
        "Total Revenue": NaN,
        "Operating Revenue": NaN,
        "Occupancy And Equipment": NaN,
        "Professional Expense And Contract Services Expense": NaN,
        "Other Non Interest Expense": NaN
    },
    "2023-12-31": {
        "Tax Effect Of Unusual Items": 0.0,
        "Tax Rate For Calcs": 0.218439,
        "Net Income From Continuing Operation Net Minority Interest": 29543000.0,
        "Reconciled Depreciation": 3292000.0,
        "Net Interest Income": 110819000.0,
        "Interest Expense": 66036000.0,
        "Interest Income": 176855000.0,
        "Normalized Income": 29543000.0,
        "Net Income From Continuing And Discontinued Operation": 29543000.0,
        "Diluted Average Shares": 85336000.0,
        "Basic Average Shares": 84817000.0,
        "Diluted EPS": 0.35,
        "Basic EPS": 0.35,
        "Diluted NI Availto Com Stockholders": 29543000.0,
        "Net Income Common Stockholders": 29543000.0,
        "Net Income": 29543000.0,
        "Net Income Including Noncontrolling Interests": 29543000.0,
        "Net Income Continuous Operations": 29543000.0,
        "Tax Provision": 8257000.0,
        "Pretax Income": 37800000.0,
        "Gain On Sale Of Security": -2437000.0,
        "Depreciation Amortization Depletion Income Statement": 6888000.0,
        "Depreciation And Amortization In Income Statement": 6888000.0,
        "Amortization": 6888000.0,
        "Amortization Of Intangibles Income Statement": 6888000.0,
        "Selling General And Administration": 50921000.0,
        "Selling And Marketing Expense": 2995000.0,
        "General And Administrative Expense": 47926000.0,
        "Insurance And Claims": 2813000.0,
        "Salaries And Wages": 45113000.0,
        "Total Revenue": 128157000.0,
        "Operating Revenue": 128157000.0,
        "Occupancy And Equipment": 8344000.0,
        "Professional Expense And Contract Services Expense": 3294000.0,
        "Other Non Interest Expense": 16920000.0
    },
    "2024-03-31": {
        "Tax Effect Of Unusual Items": NaN,
        "Tax Rate For Calcs": NaN,
        "Total Unusual Items": 0.0,
        "Total Unusual Items Excluding Goodwill": 0.0,
        "Net Income From Continuing Operation Net Minority Interest": NaN,
        "Reconciled Depreciation": NaN,
        "Net Interest Income": NaN,
        "Interest Expense": NaN,
        "Interest Income": NaN,
        "Normalized Income": NaN,
        "Net Income From Continuing And Discontinued Operation": NaN,
        "Diluted Average Shares": NaN,
        "Basic Average Shares": NaN,
        "Diluted EPS": NaN,
        "Basic EPS": NaN,
        "Diluted NI Availto Com Stockholders": NaN,
        "Net Income Common Stockholders": NaN,
        "Net Income": NaN,
        "Net Income Including Noncontrolling Interests": NaN,
        "Net Income Continuous Operations": NaN,
        "Tax Provision": NaN,
        "Pretax Income": NaN,
        "Special Income Charges": 0.0,
        "Restructuring And Mergern Acquisition": 0.0,
        "Gain On Sale Of Security": NaN,
        "Depreciation Amortization Depletion Income Statement": NaN,
        "Depreciation And Amortization In Income Statement": NaN,
        "Amortization": NaN,
        "Amortization Of Intangibles Income Statement": NaN,
        "Selling General And Administration": NaN,
        "Selling And Marketing Expense": NaN,
        "General And Administrative Expense": NaN,
        "Insurance And Claims": NaN,
        "Salaries And Wages": NaN,
        "Total Revenue": NaN,
        "Operating Revenue": NaN,
        "Occupancy And Equipment": NaN,
        "Professional Expense And Contract Services Expense": NaN,
        "Other Non Interest Expense": NaN
    },
    "2024-06-30": {
        "Tax Effect Of Unusual Items": NaN,
        "Tax Rate For Calcs": NaN,
        "Total Unusual Items": 0.0,
        "Total Unusual Items Excluding Goodwill": 0.0,
        "Net Income From Continuing Operation Net Minority Interest": NaN,
        "Reconciled Depreciation": NaN,
        "Net Interest Income": NaN,
        "Interest Expense": NaN,
        "Interest Income": NaN,
        "Normalized Income": NaN,
        "Net Income From Continuing And Discontinued Operation": NaN,
        "Diluted Average Shares": NaN,
        "Basic Average Shares": NaN,
        "Diluted EPS": NaN,
        "Basic EPS": NaN,
        "Diluted NI Availto Com Stockholders": NaN,
        "Net Income Common Stockholders": NaN,
        "Net Income": NaN,
        "Net Income Including Noncontrolling Interests": NaN,
        "Net Income Continuous Operations": NaN,
        "Tax Provision": NaN,
        "Pretax Income": NaN,
        "Special Income Charges": 0.0,
        "Restructuring And Mergern Acquisition": 0.0,
        "Gain On Sale Of Security": NaN,
        "Depreciation Amortization Depletion Income Statement": NaN,
        "Depreciation And Amortization In Income Statement": NaN,
        "Amortization": NaN,
        "Amortization Of Intangibles Income Statement": NaN,
        "Selling General And Administration": NaN,
        "Selling And Marketing Expense": NaN,
        "General And Administrative Expense": NaN,
        "Insurance And Claims": NaN,
        "Salaries And Wages": NaN,
        "Total Revenue": NaN,
        "Operating Revenue": NaN,
        "Occupancy And Equipment": NaN,
        "Professional Expense And Contract Services Expense": NaN,
        "Other Non Interest Expense": NaN
    },
    "2024-09-30": {
        "Tax Effect Of Unusual Items": 0.0,
        "Tax Rate For Calcs": 0.219,
        "Total Unusual Items": NaN,
        "Total Unusual Items Excluding Goodwill": NaN,
        "Net Income From Continuing Operation Net Minority Interest": 30651000.0,
        "Reconciled Depreciation": -11566000.0,
        "Net Interest Income": 106665000.0,
        "Interest Expense": 77450000.0,
        "Interest Income": 184115000.0,
        "Normalized Income": 30651000.0,
        "Net Income From Continuing And Discontinued Operation": 30651000.0,
        "Diluted Average Shares": 85069000.0,
        "Basic Average Shares": 84434000.0,
        "Diluted EPS": 0.36,
        "Basic EPS": 0.36,
        "Diluted NI Availto Com Stockholders": 30651000.0,
        "Net Income Common Stockholders": 30651000.0,
        "Net Income": 30651000.0,
        "Net Income Including Noncontrolling Interests": 30651000.0,
        "Net Income Continuous Operations": 30651000.0,
        "Tax Provision": 8602000.0,
        "Pretax Income": 39253000.0,
        "Special Income Charges": NaN,
        "Restructuring And Mergern Acquisition": NaN,
        "Gain On Sale Of Security": 187000.0,
        "Depreciation Amortization Depletion Income Statement": 6002000.0,
        "Depreciation And Amortization In Income Statement": 6002000.0,
        "Amortization": 6002000.0,
        "Amortization Of Intangibles Income Statement": 6002000.0,
        "Selling General And Administration": 52263000.0,
        "Selling And Marketing Expense": 2729000.0,
        "General And Administrative Expense": 49534000.0,
        "Insurance And Claims": 1882000.0,
        "Salaries And Wages": 47652000.0,
        "Total Revenue": 130344000.0,
        "Operating Revenue": 130344000.0,
        "Occupancy And Equipment": 9156000.0,
        "Professional Expense And Contract Services Expense": 2708000.0,
        "Other Non Interest Expense": 14439000.0
    },
    "2024-12-31": {
        "Tax Effect Of Unusual Items": 0.0,
        "Tax Rate For Calcs": 0.218198,
        "Total Unusual Items": NaN,
        "Total Unusual Items Excluding Goodwill": NaN,
        "Net Income From Continuing Operation Net Minority Interest": 34085000.0,
        "Reconciled Depreciation": 21358000.0,
        "Net Interest Income": 115804000.0,
        "Interest Expense": 70126000.0,
        "Interest Income": 185930000.0,
        "Normalized Income": 34085000.0,
        "Net Income From Continuing And Discontinued Operation": 34085000.0,
        "Diluted Average Shares": 85302000.0,
        "Basic Average Shares": 84510000.0,
        "Diluted EPS": 0.4,
        "Basic EPS": 0.4,
        "Diluted NI Availto Com Stockholders": 34085000.0,
        "Net Income Common Stockholders": 34085000.0,
        "Net Income": 34085000.0,
        "Net Income Including Noncontrolling Interests": 34085000.0,
        "Net Income Continuous Operations": 34085000.0,
        "Tax Provision": 9513000.0,
        "Pretax Income": 43598000.0,
        "Special Income Charges": NaN,
        "Restructuring And Mergern Acquisition": NaN,
        "Gain On Sale Of Security": -8388000.0,
        "Depreciation Amortization Depletion Income Statement": 5587000.0,
        "Depreciation And Amortization In Income Statement": 5587000.0,
        "Amortization": 5587000.0,
        "Amortization Of Intangibles Income Statement": 5587000.0,
        "Selling General And Administration": 53326000.0,
        "Selling And Marketing Expense": 2126000.0,
        "General And Administrative Expense": 51200000.0,
        "Insurance And Claims": 2274000.0,
        "Salaries And Wages": 48926000.0,
        "Total Revenue": 132872000.0,
        "Operating Revenue": 132872000.0,
        "Occupancy And Equipment": 9238000.0,
        "Professional Expense And Contract Services Expense": 2807000.0,
        "Other Non Interest Expense": 14367000.0
    },
    "2025-03-31": {
        "Tax Effect Of Unusual Items": -241730.0,
        "Tax Rate For Calcs": 0.23,
        "Total Unusual Items": -1051000.0,
        "Total Unusual Items Excluding Goodwill": -1051000.0,
        "Net Income From Continuing Operation Net Minority Interest": 31464000.0,
        "Reconciled Depreciation": 6422000.0,
        "Net Interest Income": 118517000.0,
        "Interest Expense": 65738000.0,
        "Interest Income": 184255000.0,
        "Normalized Income": 32273270.0,
        "Net Income From Continuing And Discontinued Operation": 31464000.0,
        "Diluted Average Shares": 85388000.0,
        "Basic Average Shares": 84648000.0,
        "Diluted EPS": 0.37,
        "Basic EPS": 0.37,
        "Diluted NI Availto Com Stockholders": 31464000.0,
        "Net Income Common Stockholders": 31464000.0,
        "Net Income": 31464000.0,
        "Net Income Including Noncontrolling Interests": 31464000.0,
        "Net Income Continuous Operations": 31464000.0,
        "Tax Provision": 9386000.0,
        "Pretax Income": 40850000.0,
        "Special Income Charges": -1051000.0,
        "Restructuring And Mergern Acquisition": 1051000.0,
        "Gain On Sale Of Security": 196000.0,
        "Depreciation Amortization Depletion Income Statement": 5309000.0,
        "Depreciation And Amortization In Income Statement": 5309000.0,
        "Amortization": 5309000.0,
        "Amortization Of Intangibles Income Statement": 5309000.0,
        "Selling General And Administration": 56051000.0,
        "Selling And Marketing Expense": 2748000.0,
        "General And Administrative Expense": 53303000.0,
        "Insurance And Claims": 2194000.0,
        "Salaries And Wages": 51109000.0,
        "Total Revenue": 140697000.0,
        "Operating Revenue": 140697000.0,
        "Occupancy And Equipment": 9478000.0,
        "Professional Expense And Contract Services Expense": 2740000.0,
        "Other Non Interest Expense": 15818000.0
    },
    "2025-06-30": {
        "Tax Effect Of Unusual Items": -552216.0,
        "Tax Rate For Calcs": 0.228,
        "Total Unusual Items": -2422000.0,
        "Total Unusual Items Excluding Goodwill": -2422000.0,
        "Net Income From Continuing Operation Net Minority Interest": 42687000.0,
        "Reconciled Depreciation": 3770000.0,
        "Net Interest Income": 126864000.0,
        "Interest Expense": 66483000.0,
        "Interest Income": 193347000.0,
        "Normalized Income": 44556784.0,
        "Net Income From Continuing And Discontinued Operation": 42687000.0,
        "Diluted Average Shares": 85479000.0,
        "Basic Average Shares": 84903000.0,
        "Diluted EPS": 0.5,
        "Basic EPS": 0.5,
        "Diluted NI Availto Com Stockholders": 42687000.0,
        "Net Income Common Stockholders": 42687000.0,
        "Net Income": 42687000.0,
        "Net Income Including Noncontrolling Interests": 42687000.0,
        "Net Income Continuous Operations": 42687000.0,
        "Tax Provision": 12589000.0,
        "Pretax Income": 55276000.0,
        "Special Income Charges": -2422000.0,
        "Restructuring And Mergern Acquisition": 2422000.0,
        "Gain On Sale Of Security": 39000.0,
        "Depreciation Amortization Depletion Income Statement": 5131000.0,
        "Depreciation And Amortization In Income Statement": 5131000.0,
        "Amortization": 5131000.0,
        "Amortization Of Intangibles Income Statement": 5131000.0,
        "Selling General And Administration": 57610000.0,
        "Selling And Marketing Expense": 2958000.0,
        "General And Administrative Expense": 54652000.0,
        "Insurance And Claims": 2108000.0,
        "Salaries And Wages": 52544000.0,
        "Total Revenue": 151385000.0,
        "Operating Revenue": 151385000.0,
        "Occupancy And Equipment": 9608000.0,
        "Professional Expense And Contract Services Expense": 2071000.0,
        "Other Non Interest Expense": 14738000.0
    },
    "2025-09-30": {
        "Tax Effect Of Unusual Items": -2410184.0,
        "Tax Rate For Calcs": 0.223,
        "Total Unusual Items": -10808000.0,
        "Total Unusual Items Excluding Goodwill": -10808000.0,
        "Net Income From Continuing Operation Net Minority Interest": 36467000.0,
        "Reconciled Depreciation": 5540000.0,
        "Net Interest Income": 133468000.0,
        "Interest Expense": 69244000.0,
        "Interest Income": 202712000.0,
        "Normalized Income": 44864816.0,
        "Net Income From Continuing And Discontinued Operation": 36467000.0,
        "Diluted Average Shares": 87425000.0,
        "Basic Average Shares": 86619000.0,
        "Diluted EPS": 0.42,
        "Basic EPS": 0.42,
        "Diluted NI Availto Com Stockholders": 36467000.0,
        "Net Income Common Stockholders": 36467000.0,
        "Net Income": 36467000.0,
        "Net Income Including Noncontrolling Interests": 36467000.0,
        "Net Income Continuous Operations": 36467000.0,
        "Tax Provision": 10461000.0,
        "Pretax Income": 46928000.0,
        "Special Income Charges": -10808000.0,
        "Restructuring And Mergern Acquisition": 10808000.0,
        "Gain On Sale Of Security": -841000.0,
        "Depreciation Amortization Depletion Income Statement": 6005000.0,
        "Depreciation And Amortization In Income Statement": 6005000.0,
        "Amortization": 6005000.0,
        "Amortization Of Intangibles Income Statement": 6005000.0,
        "Selling General And Administration": 58620000.0,
        "Selling And Marketing Expense": 2509000.0,
        "General And Administrative Expense": 56111000.0,
        "Insurance And Claims": 2414000.0,
        "Salaries And Wages": 53697000.0,
        "Total Revenue": 157286000.0,
        "Operating Revenue": 157286000.0,
        "Occupancy And Equipment": 9860000.0,
        "Professional Expense And Contract Services Expense": 1674000.0,
        "Other Non Interest Expense": 14870000.0
    }
}