{
    "2023-03-31": {
        "Tax Effect Of Unusual Items": 0.0,
        "Tax Rate For Calcs": 0.174,
        "Net Income From Continuing Operation Net Minority Interest": 2450000.0,
        "Reconciled Depreciation": 858000.0,
        "Net Interest Income": 10324000.0,
        "Interest Expense": 3500000.0,
        "Interest Income": 13824000.0,
        "Normalized Income": 2450000.0,
        "Net Income From Continuing And Discontinued Operation": 2450000.0,
        "Diluted Average Shares": 7008000.0,
        "Basic Average Shares": 6933000.0,
        "Diluted EPS": 0.35,
        "Basic EPS": 0.35,
        "Diluted NI Availto Com Stockholders": 2450000.0,
        "Net Income Common Stockholders": 2450000.0,
        "Net Income": 2450000.0,
        "Net Income Including Noncontrolling Interests": 2450000.0,
        "Net Income Continuous Operations": 2450000.0,
        "Tax Provision": 517000.0,
        "Pretax Income": 2967000.0,
        "Selling General And Administration": 6299000.0,
        "Selling And Marketing Expense": 198000.0,
        "General And Administrative Expense": 6101000.0,
        "Salaries And Wages": 6101000.0,
        "Total Revenue": 13990000.0,
        "Operating Revenue": 13990000.0,
        "Occupancy And Equipment": 1765000.0,
        "Professional Expense And Contract Services Expense": 863000.0,
        "Other Non Interest Expense": 1846000.0
    },
    "2022-12-31": {
        "Tax Effect Of Unusual Items": 0.0,
        "Tax Rate For Calcs": 0.186881,
        "Net Income From Continuing Operation Net Minority Interest": 3533000.0,
        "Reconciled Depreciation": 889000.0,
        "Net Interest Income": 10900000.0,
        "Interest Expense": 2037000.0,
        "Interest Income": 12937000.0,
        "Normalized Income": 3533000.0,
        "Net Income From Continuing And Discontinued Operation": 3533000.0,
        "Diluted Average Shares": 7021000.0,
        "Basic Average Shares": 6945000.0,
        "Diluted EPS": 0.5,
        "Basic EPS": 0.51,
        "Diluted NI Availto Com Stockholders": 3533000.0,
        "Net Income Common Stockholders": 3533000.0,
        "Net Income": 3533000.0,
        "Net Income Including Noncontrolling Interests": 3533000.0,
        "Net Income Continuous Operations": 3533000.0,
        "Tax Provision": 812000.0,
        "Pretax Income": 4345000.0,
        "Selling General And Administration": 6092000.0,
        "Selling And Marketing Expense": 258000.0,
        "General And Administrative Expense": 5834000.0,
        "Salaries And Wages": 5834000.0,
        "Total Revenue": 14613000.0,
        "Operating Revenue": 14613000.0
    },
    "2022-09-30": {
        "Tax Effect Of Unusual Items": NaN,
        "Tax Rate For Calcs": NaN,
        "Total Unusual Items": -12000.0,
        "Total Unusual Items Excluding Goodwill": -12000.0,
        "Net Income From Continuing Operation Net Minority Interest": NaN,
        "Reconciled Depreciation": NaN,
        "Net Interest Income": NaN,
        "Interest Expense": NaN,
        "Interest Income": NaN,
        "Normalized Income": NaN,
        "Net Income From Continuing And Discontinued Operation": NaN,
        "Diluted Average Shares": NaN,
        "Basic Average Shares": NaN,
        "Diluted EPS": NaN,
        "Basic EPS": NaN,
        "Diluted NI Availto Com Stockholders": NaN,
        "Net Income Common Stockholders": NaN,
        "Net Income": NaN,
        "Net Income Including Noncontrolling Interests": NaN,
        "Net Income Continuous Operations": NaN,
        "Tax Provision": NaN,
        "Pretax Income": NaN,
        "Selling General And Administration": NaN,
        "Selling And Marketing Expense": NaN,
        "General And Administrative Expense": NaN,
        "Salaries And Wages": NaN,
        "Total Revenue": NaN,
        "Operating Revenue": NaN
    },
    "2022-06-30": {
        "Tax Effect Of Unusual Items": 0.0,
        "Tax Rate For Calcs": 0.181871,
        "Total Unusual Items": 0.0,
        "Total Unusual Items Excluding Goodwill": 0.0,
        "Net Income From Continuing Operation Net Minority Interest": 2834000.0,
        "Reconciled Depreciation": 1058000.0,
        "Net Interest Income": 9593000.0,
        "Interest Expense": 881000.0,
        "Interest Income": 10474000.0,
        "Normalized Income": 2834000.0,
        "Net Income From Continuing And Discontinued Operation": 2834000.0,
        "Diluted Average Shares": 7149000.0,
        "Basic Average Shares": 7075000.0,
        "Diluted EPS": 0.4,
        "Basic EPS": 0.4,
        "Diluted NI Availto Com Stockholders": 2834000.0,
        "Net Income Common Stockholders": 2834000.0,
        "Net Income": 2834000.0,
        "Net Income Including Noncontrolling Interests": 2834000.0,
        "Net Income Continuous Operations": 2834000.0,
        "Tax Provision": 630000.0,
        "Pretax Income": 3464000.0,
        "Selling General And Administration": 6815000.0,
        "Selling And Marketing Expense": 222000.0,
        "General And Administrative Expense": 6593000.0,
        "Other Gand A": 858000.0,
        "Salaries And Wages": 6593000.0,
        "Total Revenue": 14266000.0,
        "Operating Revenue": 14266000.0
    },
    "2023-06-30": {
        "Tax Effect Of Unusual Items": 0.0,
        "Tax Rate For Calcs": 0.170264,
        "Net Income From Continuing Operation Net Minority Interest": 3075000.0,
        "Reconciled Depreciation": 920000.0,
        "Net Interest Income": 9829000.0,
        "Interest Expense": 4577000.0,
        "Interest Income": 14406000.0,
        "Normalized Income": 3075000.0,
        "Net Income From Continuing And Discontinued Operation": 3075000.0,
        "Diluted Average Shares": 6910000.0,
        "Basic Average Shares": 6847000.0,
        "Diluted EPS": 0.44,
        "Basic EPS": 0.45,
        "Diluted NI Availto Com Stockholders": 3075000.0,
        "Net Income Common Stockholders": 3075000.0,
        "Net Income": 3075000.0,
        "Net Income Including Noncontrolling Interests": 3075000.0,
        "Net Income Continuous Operations": 3075000.0,
        "Tax Provision": 631000.0,
        "Pretax Income": 3706000.0,
        "Selling General And Administration": 6090000.0,
        "Selling And Marketing Expense": 213000.0,
        "General And Administrative Expense": 5877000.0,
        "Salaries And Wages": 5877000.0,
        "Total Revenue": 14190000.0,
        "Operating Revenue": 14190000.0,
        "Occupancy And Equipment": 1804000.0,
        "Professional Expense And Contract Services Expense": 612000.0,
        "Other Non Interest Expense": 1833000.0
    },
    "2022-03-31": {
        "Diluted EPS": 0.4,
        "Total Revenue": 15,
        "Gross Profit": 14,
        "Operating Income": 3,
        "EBIT": NaN,
        "Net Income": 3
    },
    "2021-12-31": {
        "Diluted EPS": 0.49,
        "Total Revenue": 17,
        "Gross Profit": 16,
        "Operating Income": 4,
        "EBIT": NaN,
        "Net Income": 3
    },
    "2021-09-30": {
        "Diluted EPS": 0.58,
        "Total Revenue": 18,
        "Gross Profit": 17,
        "Operating Income": 5,
        "EBIT": NaN,
        "Net Income": 4
    },
    "2021-06-30": {
        "Diluted EPS": 0.52,
        "Total Revenue": 17,
        "Gross Profit": 16,
        "Operating Income": 5,
        "EBIT": NaN,
        "Net Income": 4
    },
    "2021-03-31": {
        "Diluted EPS": 0.97,
        "Total Revenue": 22,
        "Gross Profit": 21,
        "Operating Income": 9,
        "EBIT": NaN,
        "Net Income": 7
    },
    "2020-12-31": {
        "Diluted EPS": 0.77,
        "Total Revenue": 19,
        "Gross Profit": 18,
        "Operating Income": 7,
        "EBIT": NaN,
        "Net Income": 5
    },
    "2020-09-30": {
        "Diluted EPS": 0.66,
        "Total Revenue": 21,
        "Gross Profit": 20,
        "Operating Income": 7,
        "EBIT": NaN,
        "Net Income": 5
    },
    "2020-06-30": {
        "Diluted EPS": 0.45,
        "Total Revenue": 19,
        "Gross Profit": 17,
        "Operating Income": 5,
        "EBIT": NaN,
        "Net Income": 4
    },
    "2020-03-31": {
        "Diluted EPS": 0.09,
        "Total Revenue": 13,
        "Gross Profit": 11,
        "Operating Income": 1,
        "EBIT": NaN,
        "Net Income": 1
    },
    "2019-12-31": {
        "Diluted EPS": 0.4,
        "Total Revenue": 17,
        "Gross Profit": 15,
        "Operating Income": 4,
        "EBIT": NaN,
        "Net Income": 3
    },
    "2019-09-30": {
        "Diluted EPS": 0.46,
        "Total Revenue": 17,
        "Gross Profit": 14,
        "Operating Income": 5,
        "EBIT": NaN,
        "Net Income": 4
    },
    "2019-06-30": {
        "Diluted EPS": 0.31,
        "Total Revenue": 15,
        "Gross Profit": 13,
        "Operating Income": 3,
        "EBIT": NaN,
        "Net Income": 2
    },
    "2019-03-31": {
        "Diluted EPS": 0.27,
        "Total Revenue": 13,
        "Gross Profit": 11,
        "Operating Income": 3,
        "EBIT": NaN,
        "Net Income": 2
    },
    "2018-12-31": {
        "Diluted EPS": 0.35,
        "Total Revenue": 15,
        "Gross Profit": 13,
        "Operating Income": 4,
        "EBIT": NaN,
        "Net Income": 3
    },
    "2018-09-30": {
        "Diluted EPS": 0.37,
        "Total Revenue": 14,
        "Gross Profit": 13,
        "Operating Income": 4,
        "EBIT": NaN,
        "Net Income": 3
    },
    "2018-06-30": {
        "Diluted EPS": 0.38,
        "Total Revenue": 14,
        "Gross Profit": 13,
        "Operating Income": 4,
        "EBIT": NaN,
        "Net Income": 3
    },
    "2018-03-31": {
        "Diluted EPS": 0.33,
        "Total Revenue": 13,
        "Gross Profit": 12,
        "Operating Income": 3,
        "EBIT": NaN,
        "Net Income": 2
    },
    "2017-12-31": {
        "Diluted EPS": 0.6,
        "Total Revenue": 13,
        "Gross Profit": 12,
        "Operating Income": 3,
        "EBIT": NaN,
        "Net Income": 4
    },
    "2017-09-30": {
        "Diluted EPS": 0.41,
        "Total Revenue": 13,
        "Gross Profit": 12,
        "Operating Income": 4,
        "EBIT": NaN,
        "Net Income": 2
    },
    "2017-06-30": {
        "Diluted EPS": 0.35,
        "Total Revenue": 12,
        "Gross Profit": 11,
        "Operating Income": 3,
        "EBIT": NaN,
        "Net Income": 2
    },
    "2017-03-31": {
        "Diluted EPS": 0.3,
        "Total Revenue": 11,
        "Gross Profit": 10,
        "Operating Income": 3,
        "EBIT": NaN,
        "Net Income": 2
    },
    "2016-12-31": {
        "Diluted EPS": 0.35,
        "Total Revenue": 13,
        "Gross Profit": 12,
        "Operating Income": 3,
        "EBIT": NaN,
        "Net Income": 2
    },
    "2016-09-30": {
        "Diluted EPS": 0.38,
        "Total Revenue": 13,
        "Gross Profit": 12,
        "Operating Income": 4,
        "EBIT": NaN,
        "Net Income": 2
    },
    "2016-06-30": {
        "Diluted EPS": 0.33,
        "Total Revenue": 12,
        "Gross Profit": 11,
        "Operating Income": 3,
        "EBIT": NaN,
        "Net Income": 2
    },
    "2016-03-31": {
        "Diluted EPS": 0.25,
        "Total Revenue": 10,
        "Gross Profit": 10,
        "Operating Income": 2,
        "EBIT": NaN,
        "Net Income": 1
    },
    "2015-12-31": {
        "Diluted EPS": 0.29,
        "Total Revenue": 10,
        "Gross Profit": 10,
        "Operating Income": 3,
        "EBIT": NaN,
        "Net Income": 2
    },
    "2015-09-30": {
        "Diluted EPS": 0.33,
        "Total Revenue": 11,
        "Gross Profit": 10,
        "Operating Income": 3,
        "EBIT": NaN,
        "Net Income": 2
    },
    "2015-06-30": {
        "Diluted EPS": 0.3,
        "Total Revenue": 11,
        "Gross Profit": 10,
        "Operating Income": 3,
        "EBIT": NaN,
        "Net Income": 2
    },
    "2015-03-31": {
        "Diluted EPS": 0.22,
        "Total Revenue": 10,
        "Gross Profit": 9,
        "Operating Income": 2,
        "EBIT": NaN,
        "Net Income": 1
    },
    "2014-12-31": {
        "Diluted EPS": 0.3,
        "Total Revenue": 9,
        "Gross Profit": 9,
        "Operating Income": 2,
        "EBIT": NaN,
        "Net Income": 2
    },
    "2014-09-30": {
        "Diluted EPS": 0.3,
        "Total Revenue": 10,
        "Gross Profit": 9,
        "Operating Income": 2,
        "EBIT": NaN,
        "Net Income": 2
    },
    "2014-06-30": {
        "Diluted EPS": 0.24,
        "Total Revenue": 9,
        "Gross Profit": 9,
        "Operating Income": 2,
        "EBIT": NaN,
        "Net Income": 1
    },
    "2014-03-31": {
        "Diluted EPS": 0.19,
        "Total Revenue": 8,
        "Gross Profit": 7,
        "Operating Income": 1,
        "EBIT": NaN,
        "Net Income": 1
    },
    "2013-12-31": {
        "Diluted EPS": 0.24,
        "Total Revenue": 9,
        "Gross Profit": 8,
        "Operating Income": 2,
        "EBIT": NaN,
        "Net Income": 1
    },
    "2013-09-30": {
        "Diluted EPS": 0.27,
        "Total Revenue": 10,
        "Gross Profit": 9,
        "Operating Income": 2,
        "EBIT": NaN,
        "Net Income": 1
    },
    "2013-06-30": {
        "Diluted EPS": 0.26,
        "Total Revenue": 10,
        "Gross Profit": 9,
        "Operating Income": 2,
        "EBIT": NaN,
        "Net Income": 1
    },
    "2013-03-31": {
        "Diluted EPS": 0.26,
        "Total Revenue": 10,
        "Gross Profit": 9,
        "Operating Income": 2,
        "EBIT": NaN,
        "Net Income": 1
    },
    "2012-12-31": {
        "Diluted EPS": 0.3,
        "Total Revenue": 11,
        "Gross Profit": 10,
        "Operating Income": 2,
        "EBIT": NaN,
        "Net Income": 2
    },
    "2012-09-30": {
        "Diluted EPS": 0.26,
        "Total Revenue": 10,
        "Gross Profit": 9,
        "Operating Income": 2,
        "EBIT": NaN,
        "Net Income": 1
    },
    "2012-06-30": {
        "Diluted EPS": 0.2,
        "Total Revenue": 10,
        "Gross Profit": 8,
        "Operating Income": 1,
        "EBIT": NaN,
        "Net Income": 1
    },
    "2012-03-31": {
        "Diluted EPS": 0.19,
        "Total Revenue": 10,
        "Gross Profit": 8,
        "Operating Income": 1,
        "EBIT": NaN,
        "Net Income": 1
    },
    "2011-12-31": {
        "Diluted EPS": 0.06,
        "Total Revenue": 10,
        "Gross Profit": 9,
        "Operating Income": 1,
        "EBIT": NaN,
        "Net Income": 0
    },
    "2011-09-30": {
        "Diluted EPS": 0.11,
        "Total Revenue": 9,
        "Gross Profit": 8,
        "Operating Income": 1,
        "EBIT": NaN,
        "Net Income": 1
    },
    "2011-06-30": {
        "Diluted EPS": 0.15,
        "Total Revenue": 12,
        "Gross Profit": 10,
        "Operating Income": 1,
        "EBIT": NaN,
        "Net Income": 1
    },
    "2011-03-31": {
        "Diluted EPS": 0.0,
        "Total Revenue": 10,
        "Gross Profit": 8,
        "Operating Income": 0,
        "EBIT": NaN,
        "Net Income": 0
    },
    "2010-12-31": {
        "Diluted EPS": -1.3,
        "Total Revenue": 12,
        "Gross Profit": 10,
        "Operating Income": -7,
        "EBIT": NaN,
        "Net Income": -7
    },
    "2010-09-30": {
        "Diluted EPS": 0.01,
        "Total Revenue": 12,
        "Gross Profit": 9,
        "Operating Income": 0,
        "EBIT": NaN,
        "Net Income": 0
    },
    "2010-06-30": {
        "Diluted EPS": -1.61,
        "Total Revenue": 12,
        "Gross Profit": 10,
        "Operating Income": -8,
        "EBIT": NaN,
        "Net Income": -8
    },
    "2010-03-31": {
        "Diluted EPS": -0.16,
        "Total Revenue": 14,
        "Gross Profit": 12,
        "Operating Income": -1,
        "EBIT": NaN,
        "Net Income": -1
    },
    "2009-12-31": {
        "Diluted EPS": -0.37,
        "Total Revenue": 15,
        "Gross Profit": 12,
        "Operating Income": -2,
        "EBIT": NaN,
        "Net Income": -2
    },
    "2009-09-30": {
        "Diluted EPS": 0.03,
        "Total Revenue": 15,
        "Gross Profit": 12,
        "Operating Income": 0,
        "EBIT": NaN,
        "Net Income": 0
    },
    "2009-06-30": {
        "Diluted EPS": 0.19,
        "Total Revenue": 16,
        "Gross Profit": 13,
        "Operating Income": 1,
        "EBIT": NaN,
        "Net Income": 1
    },
    "2009-03-31": {
        "Diluted EPS": 0.22,
        "Total Revenue": 16,
        "Gross Profit": 12,
        "Operating Income": 1,
        "EBIT": NaN,
        "Net Income": 1
    },
    "2023-09-30": {
        "Tax Effect Of Unusual Items": NaN,
        "Tax Rate For Calcs": NaN,
        "Total Unusual Items": 0.0,
        "Total Unusual Items Excluding Goodwill": 0.0,
        "Net Income From Continuing Operation Net Minority Interest": NaN,
        "Reconciled Depreciation": NaN,
        "Net Interest Income": NaN,
        "Interest Expense": NaN,
        "Interest Income": NaN,
        "Normalized Income": NaN,
        "Net Income From Continuing And Discontinued Operation": NaN,
        "Diluted Average Shares": NaN,
        "Basic Average Shares": NaN,
        "Diluted EPS": NaN,
        "Basic EPS": NaN,
        "Diluted NI Availto Com Stockholders": NaN,
        "Net Income Common Stockholders": NaN,
        "Otherunder Preferred Stock Dividend": 7000.0,
        "Net Income": NaN,
        "Net Income Including Noncontrolling Interests": NaN,
        "Net Income Continuous Operations": NaN,
        "Tax Provision": NaN,
        "Pretax Income": NaN,
        "Selling General And Administration": NaN,
        "Selling And Marketing Expense": NaN,
        "General And Administrative Expense": NaN,
        "Salaries And Wages": NaN,
        "Total Revenue": NaN,
        "Operating Revenue": NaN,
        "Occupancy And Equipment": NaN,
        "Professional Expense And Contract Services Expense": NaN,
        "Other Non Interest Expense": NaN
    },
    "2023-12-31": {
        "Tax Effect Of Unusual Items": 0.0,
        "Tax Rate For Calcs": 0.194398,
        "Total Unusual Items": NaN,
        "Total Unusual Items Excluding Goodwill": NaN,
        "Net Income From Continuing Operation Net Minority Interest": 3883000.0,
        "Reconciled Depreciation": 863000.0,
        "Net Interest Income": 9584000.0,
        "Interest Expense": 5542000.0,
        "Interest Income": 15126000.0,
        "Normalized Income": 3883000.0,
        "Net Income From Continuing And Discontinued Operation": 3883000.0,
        "Diluted Average Shares": 6851000.0,
        "Basic Average Shares": 6748000.0,
        "Diluted EPS": 0.57,
        "Basic EPS": 0.58,
        "Diluted NI Availto Com Stockholders": 3883000.0,
        "Net Income Common Stockholders": 3883000.0,
        "Otherunder Preferred Stock Dividend": NaN,
        "Net Income": 3883000.0,
        "Net Income Including Noncontrolling Interests": 3883000.0,
        "Net Income Continuous Operations": 3883000.0,
        "Tax Provision": 937000.0,
        "Pretax Income": 4820000.0,
        "Selling General And Administration": 5980000.0,
        "Selling And Marketing Expense": 182000.0,
        "General And Administrative Expense": 5798000.0,
        "Salaries And Wages": 5798000.0,
        "Total Revenue": 15115000.0,
        "Operating Revenue": 15115000.0,
        "Occupancy And Equipment": 1773000.0,
        "Professional Expense And Contract Services Expense": 926000.0,
        "Other Non Interest Expense": 1690000.0
    },
    "2024-03-31": {
        "Tax Effect Of Unusual Items": 0.0,
        "Tax Rate For Calcs": 0.168831,
        "Total Unusual Items": NaN,
        "Total Unusual Items Excluding Goodwill": NaN,
        "Net Income From Continuing Operation Net Minority Interest": 2368000.0,
        "Reconciled Depreciation": 842000.0,
        "Net Interest Income": 9180000.0,
        "Interest Expense": 6120000.0,
        "Interest Income": 15300000.0,
        "Normalized Income": 2368000.0,
        "Net Income From Continuing And Discontinued Operation": 2368000.0,
        "Diluted Average Shares": 6723000.0,
        "Basic Average Shares": 6715000.0,
        "Diluted EPS": 0.35,
        "Basic EPS": 0.35,
        "Diluted NI Availto Com Stockholders": 2368000.0,
        "Net Income Common Stockholders": 2368000.0,
        "Otherunder Preferred Stock Dividend": NaN,
        "Net Income": 2368000.0,
        "Net Income Including Noncontrolling Interests": 2368000.0,
        "Net Income Continuous Operations": 2368000.0,
        "Tax Provision": 481000.0,
        "Pretax Income": 2849000.0,
        "Selling General And Administration": 5727000.0,
        "Selling And Marketing Expense": 197000.0,
        "General And Administrative Expense": 5530000.0,
        "Salaries And Wages": 5530000.0,
        "Total Revenue": 13131000.0,
        "Operating Revenue": 13131000.0,
        "Occupancy And Equipment": 1846000.0,
        "Professional Expense And Contract Services Expense": 758000.0,
        "Other Non Interest Expense": 1951000.0
    },
    "2024-06-30": {
        "Tax Effect Of Unusual Items": 0.0,
        "Tax Rate For Calcs": 0.077356,
        "Total Unusual Items": NaN,
        "Total Unusual Items Excluding Goodwill": NaN,
        "Net Income From Continuing Operation Net Minority Interest": 3113000.0,
        "Reconciled Depreciation": 875000.0,
        "Net Interest Income": 9659000.0,
        "Interest Expense": 5995000.0,
        "Interest Income": 15654000.0,
        "Normalized Income": 3113000.0,
        "Net Income From Continuing And Discontinued Operation": 3113000.0,
        "Diluted Average Shares": NaN,
        "Basic Average Shares": NaN,
        "Diluted EPS": NaN,
        "Basic EPS": NaN,
        "Diluted NI Availto Com Stockholders": 3113000.0,
        "Net Income Common Stockholders": 3113000.0,
        "Otherunder Preferred Stock Dividend": NaN,
        "Net Income": 3113000.0,
        "Net Income Including Noncontrolling Interests": 3113000.0,
        "Net Income Continuous Operations": 3113000.0,
        "Tax Provision": 261000.0,
        "Pretax Income": 3374000.0,
        "Selling General And Administration": 6344000.0,
        "Selling And Marketing Expense": 176000.0,
        "General And Administrative Expense": 6168000.0,
        "Salaries And Wages": 6168000.0,
        "Total Revenue": 14045000.0,
        "Operating Revenue": 14045000.0,
        "Occupancy And Equipment": 1767000.0,
        "Professional Expense And Contract Services Expense": 615000.0,
        "Other Non Interest Expense": 1945000.0
    },
    "2024-09-30": {
        "Tax Effect Of Unusual Items": 48400.0,
        "Tax Rate For Calcs": 0.242,
        "Total Unusual Items": 200000.0,
        "Total Unusual Items Excluding Goodwill": 200000.0,
        "Net Income From Continuing Operation Net Minority Interest": 2354000.0,
        "Reconciled Depreciation": 921000.0,
        "Net Interest Income": 10186000.0,
        "Interest Expense": 6362000.0,
        "Interest Income": 16548000.0,
        "Normalized Income": 2202400.0,
        "Net Income From Continuing And Discontinued Operation": 2354000.0,
        "Diluted Average Shares": 6675000.0,
        "Basic Average Shares": 6660000.0,
        "Diluted EPS": 0.35,
        "Basic EPS": 0.35,
        "Diluted NI Availto Com Stockholders": 2346000.0,
        "Net Income Common Stockholders": 2346000.0,
        "Otherunder Preferred Stock Dividend": 8000.0,
        "Net Income": 2354000.0,
        "Net Income Including Noncontrolling Interests": 2354000.0,
        "Net Income Continuous Operations": 2354000.0,
        "Tax Provision": 752000.0,
        "Pretax Income": 3106000.0,
        "Selling General And Administration": 6526000.0,
        "Selling And Marketing Expense": 241000.0,
        "General And Administrative Expense": 6285000.0,
        "Salaries And Wages": 6285000.0,
        "Total Revenue": 14309000.0,
        "Operating Revenue": 14309000.0,
        "Occupancy And Equipment": 1775000.0,
        "Professional Expense And Contract Services Expense": 659000.0,
        "Other Non Interest Expense": 2043000.0
    },
    "2024-12-31": {
        "Tax Effect Of Unusual Items": 0.0,
        "Tax Rate For Calcs": 0.19704,
        "Total Unusual Items": NaN,
        "Total Unusual Items Excluding Goodwill": NaN,
        "Net Income From Continuing Operation Net Minority Interest": 3635000.0,
        "Reconciled Depreciation": 914000.0,
        "Net Interest Income": 10897000.0,
        "Interest Expense": 5950000.0,
        "Interest Income": 16847000.0,
        "Normalized Income": 3635000.0,
        "Net Income From Continuing And Discontinued Operation": 3635000.0,
        "Diluted Average Shares": 6599000.0,
        "Basic Average Shares": 6575000.0,
        "Diluted EPS": 0.55,
        "Basic EPS": 0.55,
        "Diluted NI Availto Com Stockholders": 3661000.0,
        "Net Income Common Stockholders": 3661000.0,
        "Otherunder Preferred Stock Dividend": NaN,
        "Net Income": 3635000.0,
        "Net Income Including Noncontrolling Interests": 3635000.0,
        "Net Income Continuous Operations": 3635000.0,
        "Tax Provision": 892000.0,
        "Pretax Income": 4527000.0,
        "Selling General And Administration": 6560000.0,
        "Selling And Marketing Expense": 207000.0,
        "General And Administrative Expense": 6353000.0,
        "Salaries And Wages": 6353000.0,
        "Total Revenue": 15454000.0,
        "Operating Revenue": 15454000.0,
        "Occupancy And Equipment": 1829000.0,
        "Professional Expense And Contract Services Expense": 895000.0,
        "Other Non Interest Expense": 1719000.0
    },
    "2025-03-31": {
        "Tax Effect Of Unusual Items": 0.0,
        "Tax Rate For Calcs": 0.166474,
        "Total Unusual Items": NaN,
        "Total Unusual Items Excluding Goodwill": NaN,
        "Net Income From Continuing Operation Net Minority Interest": 2158000.0,
        "Reconciled Depreciation": 938000.0,
        "Net Interest Income": 11279000.0,
        "Interest Expense": 6093000.0,
        "Interest Income": 17372000.0,
        "Normalized Income": 2158000.0,
        "Net Income From Continuing And Discontinued Operation": 2158000.0,
        "Diluted Average Shares": 6502000.0,
        "Basic Average Shares": 6481000.0,
        "Diluted EPS": 0.33,
        "Basic EPS": 0.33,
        "Diluted NI Availto Com Stockholders": 2158000.0,
        "Net Income Common Stockholders": 2158000.0,
        "Otherunder Preferred Stock Dividend": NaN,
        "Net Income": 2158000.0,
        "Net Income Including Noncontrolling Interests": 2158000.0,
        "Net Income Continuous Operations": 2158000.0,
        "Tax Provision": 431000.0,
        "Pretax Income": 2589000.0,
        "Selling General And Administration": 6576000.0,
        "Selling And Marketing Expense": 165000.0,
        "General And Administrative Expense": 6411000.0,
        "Salaries And Wages": 6411000.0,
        "Total Revenue": 15386000.0,
        "Operating Revenue": 15386000.0,
        "Occupancy And Equipment": 1965000.0,
        "Professional Expense And Contract Services Expense": 1034000.0,
        "Other Non Interest Expense": 2835000.0
    },
    "2025-06-30": {
        "Tax Effect Of Unusual Items": 0.0,
        "Tax Rate For Calcs": 0.185,
        "Total Unusual Items": NaN,
        "Total Unusual Items Excluding Goodwill": NaN,
        "Net Income From Continuing Operation Net Minority Interest": 3852000.0,
        "Reconciled Depreciation": 1033000.0,
        "Net Interest Income": 12128000.0,
        "Interest Expense": 6339000.0,
        "Interest Income": 18467000.0,
        "Normalized Income": 3852000.0,
        "Net Income From Continuing And Discontinued Operation": 3852000.0,
        "Diluted Average Shares": 6459000.0,
        "Basic Average Shares": 6448000.0,
        "Diluted EPS": 0.6,
        "Basic EPS": 0.6,
        "Diluted NI Availto Com Stockholders": 3852000.0,
        "Net Income Common Stockholders": 3852000.0,
        "Otherunder Preferred Stock Dividend": NaN,
        "Net Income": 3852000.0,
        "Net Income Including Noncontrolling Interests": 3852000.0,
        "Net Income Continuous Operations": 3852000.0,
        "Tax Provision": 875000.0,
        "Pretax Income": 4727000.0,
        "Selling General And Administration": 6961000.0,
        "Selling And Marketing Expense": 190000.0,
        "General And Administrative Expense": 6771000.0,
        "Salaries And Wages": 6771000.0,
        "Total Revenue": 17176000.0,
        "Operating Revenue": 17176000.0,
        "Occupancy And Equipment": 1914000.0,
        "Professional Expense And Contract Services Expense": 892000.0,
        "Other Non Interest Expense": 2085000.0
    },
    "2025-09-30": {
        "Tax Effect Of Unusual Items": 0.0,
        "Tax Rate For Calcs": 0.184,
        "Total Unusual Items": 0.0,
        "Total Unusual Items Excluding Goodwill": 0.0,
        "Net Income From Continuing Operation Net Minority Interest": 4046000.0,
        "Reconciled Depreciation": 1061000.0,
        "Net Interest Income": 12334000.0,
        "Interest Expense": 6475000.0,
        "Interest Income": 18809000.0,
        "Normalized Income": 4046000.0,
        "Net Income From Continuing And Discontinued Operation": 4046000.0,
        "Diluted Average Shares": 6311000.0,
        "Basic Average Shares": 6297000.0,
        "Diluted EPS": 0.64,
        "Basic EPS": 0.64,
        "Diluted NI Availto Com Stockholders": 4040000.0,
        "Net Income Common Stockholders": 4040000.0,
        "Otherunder Preferred Stock Dividend": 6000.0,
        "Net Income": 4046000.0,
        "Net Income Including Noncontrolling Interests": 4046000.0,
        "Net Income Continuous Operations": 4046000.0,
        "Tax Provision": 910000.0,
        "Pretax Income": 4956000.0,
        "Selling General And Administration": 6627000.0,
        "Selling And Marketing Expense": 174000.0,
        "General And Administrative Expense": 6453000.0,
        "Salaries And Wages": 6453000.0,
        "Total Revenue": 16578000.0,
        "Operating Revenue": 16578000.0,
        "Occupancy And Equipment": 1989000.0,
        "Professional Expense And Contract Services Expense": 863000.0,
        "Other Non Interest Expense": 2019000.0
    }
}