{
    "2023-03-31": {
        "Tax Effect Of Unusual Items": NaN,
        "Tax Rate For Calcs": NaN,
        "Normalized EBITDA": NaN,
        "Total Unusual Items": NaN,
        "Total Unusual Items Excluding Goodwill": NaN,
        "Net Income From Continuing Operation Net Minority Interest": NaN,
        "Reconciled Depreciation": NaN,
        "Reconciled Cost Of Revenue": NaN,
        "EBITDA": NaN,
        "EBIT": NaN,
        "Net Interest Income": NaN,
        "Interest Expense": NaN,
        "Normalized Income": NaN,
        "Net Income From Continuing And Discontinued Operation": NaN,
        "Total Expenses": NaN,
        "Total Operating Income As Reported": NaN,
        "Diluted Average Shares": NaN,
        "Basic Average Shares": NaN,
        "Diluted EPS": NaN,
        "Basic EPS": NaN,
        "Diluted NI Availto Com Stockholders": NaN,
        "Net Income Common Stockholders": NaN,
        "Net Income": NaN,
        "Minority Interests": NaN,
        "Net Income Including Noncontrolling Interests": NaN,
        "Net Income Continuous Operations": NaN,
        "Tax Provision": NaN,
        "Pretax Income": NaN,
        "Other Income Expense": NaN,
        "Other Non Operating Income Expenses": NaN,
        "Special Income Charges": NaN,
        "Gain On Sale Of Ppe": NaN,
        "Gain On Sale Of Business": 0.0,
        "Other Special Charges": NaN,
        "Earnings From Equity Interest": NaN,
        "Net Non Operating Interest Income Expense": NaN,
        "Interest Expense Non Operating": NaN,
        "Operating Income": NaN,
        "Operating Expense": NaN,
        "Other Operating Expenses": NaN,
        "Depreciation Amortization Depletion Income Statement": NaN,
        "Depreciation And Amortization In Income Statement": NaN,
        "Amortization": NaN,
        "Amortization Of Intangibles Income Statement": NaN,
        "Depreciation Income Statement": NaN,
        "Selling General And Administration": NaN,
        "Selling And Marketing Expense": 191000000.0,
        "General And Administrative Expense": NaN,
        "Other Gand A": NaN,
        "Gross Profit": NaN,
        "Cost Of Revenue": NaN,
        "Total Revenue": NaN,
        "Operating Revenue": NaN
    },
    "2022-12-31": {
        "Tax Effect Of Unusual Items": NaN,
        "Tax Rate For Calcs": NaN,
        "Normalized EBITDA": NaN,
        "Total Unusual Items": NaN,
        "Total Unusual Items Excluding Goodwill": NaN,
        "Net Income From Continuing Operation Net Minority Interest": NaN,
        "Reconciled Depreciation": NaN,
        "Reconciled Cost Of Revenue": NaN,
        "EBITDA": NaN,
        "EBIT": NaN,
        "Net Interest Income": NaN,
        "Interest Expense": NaN,
        "Normalized Income": NaN,
        "Net Income From Continuing And Discontinued Operation": NaN,
        "Total Expenses": NaN,
        "Total Operating Income As Reported": NaN,
        "Diluted Average Shares": NaN,
        "Basic Average Shares": NaN,
        "Diluted EPS": NaN,
        "Basic EPS": NaN,
        "Diluted NI Availto Com Stockholders": NaN,
        "Net Income Common Stockholders": NaN,
        "Net Income": NaN,
        "Minority Interests": NaN,
        "Net Income Including Noncontrolling Interests": NaN,
        "Net Income Continuous Operations": NaN,
        "Tax Provision": NaN,
        "Pretax Income": NaN,
        "Other Income Expense": NaN,
        "Other Non Operating Income Expenses": NaN,
        "Special Income Charges": NaN,
        "Gain On Sale Of Ppe": NaN,
        "Gain On Sale Of Business": 0.0,
        "Other Special Charges": 0.0,
        "Earnings From Equity Interest": NaN,
        "Net Non Operating Interest Income Expense": NaN,
        "Interest Expense Non Operating": NaN,
        "Operating Income": NaN,
        "Operating Expense": NaN,
        "Other Operating Expenses": NaN,
        "Depreciation Amortization Depletion Income Statement": NaN,
        "Depreciation And Amortization In Income Statement": NaN,
        "Amortization": NaN,
        "Amortization Of Intangibles Income Statement": NaN,
        "Depreciation Income Statement": NaN,
        "Selling General And Administration": NaN,
        "Selling And Marketing Expense": 207000000.0,
        "General And Administrative Expense": NaN,
        "Other Gand A": NaN,
        "Gross Profit": NaN,
        "Cost Of Revenue": NaN,
        "Total Revenue": NaN,
        "Operating Revenue": NaN
    },
    "2022-09-30": {
        "Tax Effect Of Unusual Items": NaN,
        "Tax Rate For Calcs": NaN,
        "Normalized EBITDA": NaN,
        "Total Unusual Items": NaN,
        "Total Unusual Items Excluding Goodwill": NaN,
        "Net Income From Continuing Operation Net Minority Interest": NaN,
        "Reconciled Depreciation": NaN,
        "Reconciled Cost Of Revenue": NaN,
        "EBITDA": NaN,
        "EBIT": NaN,
        "Net Interest Income": NaN,
        "Interest Expense": NaN,
        "Normalized Income": NaN,
        "Net Income From Continuing And Discontinued Operation": NaN,
        "Total Expenses": NaN,
        "Total Operating Income As Reported": NaN,
        "Diluted Average Shares": NaN,
        "Basic Average Shares": NaN,
        "Diluted EPS": NaN,
        "Basic EPS": NaN,
        "Diluted NI Availto Com Stockholders": NaN,
        "Net Income Common Stockholders": NaN,
        "Net Income": NaN,
        "Minority Interests": NaN,
        "Net Income Including Noncontrolling Interests": NaN,
        "Net Income Continuous Operations": NaN,
        "Tax Provision": NaN,
        "Pretax Income": NaN,
        "Other Income Expense": NaN,
        "Other Non Operating Income Expenses": NaN,
        "Special Income Charges": NaN,
        "Gain On Sale Of Ppe": NaN,
        "Gain On Sale Of Business": NaN,
        "Other Special Charges": NaN,
        "Earnings From Equity Interest": NaN,
        "Net Non Operating Interest Income Expense": NaN,
        "Interest Expense Non Operating": NaN,
        "Operating Income": NaN,
        "Operating Expense": NaN,
        "Other Operating Expenses": NaN,
        "Depreciation Amortization Depletion Income Statement": NaN,
        "Depreciation And Amortization In Income Statement": NaN,
        "Amortization": NaN,
        "Amortization Of Intangibles Income Statement": NaN,
        "Depreciation Income Statement": NaN,
        "Selling General And Administration": NaN,
        "Selling And Marketing Expense": 190000000.0,
        "General And Administrative Expense": NaN,
        "Other Gand A": NaN,
        "Gross Profit": NaN,
        "Cost Of Revenue": NaN,
        "Total Revenue": NaN,
        "Operating Revenue": NaN
    },
    "2022-06-30": {
        "Tax Effect Of Unusual Items": 2800000.0,
        "Tax Rate For Calcs": 0.4,
        "Normalized EBITDA": 68000000.0,
        "Total Unusual Items": 7000000.0,
        "Total Unusual Items Excluding Goodwill": 7000000.0,
        "Net Income From Continuing Operation Net Minority Interest": -11000000.0,
        "Reconciled Depreciation": 67000000.0,
        "Reconciled Cost Of Revenue": 403000000.0,
        "EBITDA": 75000000.0,
        "EBIT": 8000000.0,
        "Net Interest Income": -54000000.0,
        "Interest Expense": 54000000.0,
        "Normalized Income": -15200000.0,
        "Net Income From Continuing And Discontinued Operation": -11000000.0,
        "Total Expenses": 734000000.0,
        "Total Operating Income As Reported": 107000000.0,
        "Diluted Average Shares": 70897000.0,
        "Basic Average Shares": 70897000.0,
        "Diluted EPS": -0.17,
        "Basic EPS": -0.17,
        "Diluted NI Availto Com Stockholders": -11000000.0,
        "Net Income Common Stockholders": -11000000.0,
        "Net Income": -11000000.0,
        "Minority Interests": -5000000.0,
        "Net Income Including Noncontrolling Interests": -6000000.0,
        "Net Income Continuous Operations": -6000000.0,
        "Tax Provision": -40000000.0,
        "Pretax Income": -46000000.0,
        "Other Income Expense": -95000000.0,
        "Other Non Operating Income Expenses": -105000000.0,
        "Special Income Charges": 7000000.0,
        "Gain On Sale Of Ppe": 4000000.0,
        "Gain On Sale Of Business": 0.0,
        "Other Special Charges": -3000000.0,
        "Earnings From Equity Interest": 3000000.0,
        "Net Non Operating Interest Income Expense": -54000000.0,
        "Interest Expense Non Operating": 54000000.0,
        "Operating Income": 103000000.0,
        "Operating Expense": 331000000.0,
        "Other Operating Expenses": 10000000.0,
        "Depreciation Amortization Depletion Income Statement": 67000000.0,
        "Depreciation And Amortization In Income Statement": 67000000.0,
        "Amortization": 43000000.0,
        "Amortization Of Intangibles Income Statement": 43000000.0,
        "Depreciation Income Statement": 24000000.0,
        "Selling General And Administration": 254000000.0,
        "Selling And Marketing Expense": 195000000.0,
        "General And Administrative Expense": 59000000.0,
        "Other Gand A": 59000000.0,
        "Gross Profit": 434000000.0,
        "Cost Of Revenue": 403000000.0,
        "Total Revenue": 837000000.0,
        "Operating Revenue": 837000000.0
    },
    "2023-06-30": {
        "Tax Effect Of Unusual Items": NaN,
        "Tax Rate For Calcs": NaN,
        "Normalized EBITDA": NaN,
        "Total Unusual Items": NaN,
        "Total Unusual Items Excluding Goodwill": NaN,
        "Net Income From Continuing Operation Net Minority Interest": NaN,
        "Reconciled Depreciation": NaN,
        "Reconciled Cost Of Revenue": NaN,
        "EBITDA": NaN,
        "EBIT": NaN,
        "Net Interest Income": NaN,
        "Interest Expense": NaN,
        "Normalized Income": NaN,
        "Net Income From Continuing And Discontinued Operation": NaN,
        "Total Expenses": NaN,
        "Total Operating Income As Reported": NaN,
        "Diluted Average Shares": 64012000.0,
        "Basic Average Shares": 64012000.0,
        "Diluted EPS": -1.38,
        "Basic EPS": -1.38,
        "Diluted NI Availto Com Stockholders": NaN,
        "Net Income Common Stockholders": NaN,
        "Net Income": NaN,
        "Minority Interests": NaN,
        "Net Income Including Noncontrolling Interests": NaN,
        "Net Income Continuous Operations": NaN,
        "Tax Provision": NaN,
        "Pretax Income": NaN,
        "Other Income Expense": NaN,
        "Other Non Operating Income Expenses": NaN,
        "Special Income Charges": NaN,
        "Gain On Sale Of Ppe": NaN,
        "Gain On Sale Of Business": 0.0,
        "Other Special Charges": -11000000.0,
        "Earnings From Equity Interest": NaN,
        "Net Non Operating Interest Income Expense": NaN,
        "Interest Expense Non Operating": NaN,
        "Operating Income": NaN,
        "Operating Expense": NaN,
        "Other Operating Expenses": NaN,
        "Depreciation Amortization Depletion Income Statement": NaN,
        "Depreciation And Amortization In Income Statement": NaN,
        "Amortization": NaN,
        "Amortization Of Intangibles Income Statement": NaN,
        "Depreciation Income Statement": NaN,
        "Selling General And Administration": NaN,
        "General And Administrative Expense": NaN,
        "Other Gand A": NaN,
        "Gross Profit": NaN,
        "Cost Of Revenue": NaN,
        "Total Revenue": NaN,
        "Operating Revenue": NaN
    },
    "2022-03-31": {
        "Diluted EPS": 35.84,
        "Total Revenue": NaN,
        "Gross Profit": 517,
        "Operating Income": NaN,
        "EBIT": NaN,
        "Net Income": NaN
    },
    "2021-12-31": {
        "Diluted EPS": -1.19,
        "Total Revenue": NaN,
        "Gross Profit": 560,
        "Operating Income": 165,
        "EBIT": 772,
        "Net Income": -89
    },
    "2021-09-30": {
        "Diluted EPS": 0.25,
        "Total Revenue": NaN,
        "Gross Profit": 502,
        "Operating Income": 73,
        "EBIT": 774,
        "Net Income": 19
    },
    "2021-06-30": {
        "Diluted EPS": -4.41,
        "Total Revenue": NaN,
        "Gross Profit": 253,
        "Operating Income": -178,
        "EBIT": 820,
        "Net Income": -332
    },
    "2021-03-31": {
        "Diluted EPS": -0.16,
        "Total Revenue": NaN,
        "Gross Profit": 471,
        "Operating Income": 35,
        "EBIT": 763,
        "Net Income": -12
    },
    "2020-12-31": {
        "Diluted EPS": 8.86,
        "Total Revenue": NaN,
        "Gross Profit": NaN,
        "Operating Income": 625,
        "EBIT": 848,
        "Net Income": 467
    },
    "2020-09-30": {
        "Diluted EPS": -43.53,
        "Total Revenue": NaN,
        "Gross Profit": 444,
        "Operating Income": NaN,
        "EBIT": 873,
        "Net Income": NaN
    },
    "2020-06-30": {
        "Diluted EPS": 3.12,
        "Total Revenue": NaN,
        "Gross Profit": 879,
        "Operating Income": 492,
        "EBIT": 694,
        "Net Income": 252
    },
    "2020-03-31": {
        "Diluted EPS": 1.35,
        "Total Revenue": NaN,
        "Gross Profit": 751,
        "Operating Income": 327,
        "EBIT": 915,
        "Net Income": 123
    },
    "2019-12-31": {
        "Diluted EPS": 0.48,
        "Total Revenue": NaN,
        "Gross Profit": 727,
        "Operating Income": 276,
        "EBIT": 914,
        "Net Income": 43
    },
    "2019-09-30": {
        "Diluted EPS": -0.65,
        "Total Revenue": NaN,
        "Gross Profit": 523,
        "Operating Income": -6,
        "EBIT": 329,
        "Net Income": -60
    },
    "2019-06-30": {
        "Diluted EPS": 0.45,
        "Total Revenue": 771,
        "Gross Profit": 397,
        "Operating Income": 106,
        "EBIT": 194,
        "Net Income": 42
    },
    "2019-03-31": {
        "Diluted EPS": 0.23,
        "Total Revenue": 722,
        "Gross Profit": 364,
        "Operating Income": 94,
        "EBIT": 184,
        "Net Income": 22
    },
    "2018-12-31": {
        "Diluted EPS": 2.04,
        "Total Revenue": 894,
        "Gross Profit": 558,
        "Operating Income": 263,
        "EBIT": 362,
        "Net Income": 206
    },
    "2018-09-30": {
        "Diluted EPS": 0.62,
        "Total Revenue": 766,
        "Gross Profit": 430,
        "Operating Income": 158,
        "EBIT": 251,
        "Net Income": 64
    },
    "2018-06-30": {
        "Diluted EPS": 0.27,
        "Total Revenue": 730,
        "Gross Profit": 398,
        "Operating Income": 132,
        "EBIT": 223,
        "Net Income": 28
    },
    "2018-03-31": {
        "Diluted EPS": 0.42,
        "Total Revenue": 665,
        "Gross Profit": 356,
        "Operating Income": 107,
        "EBIT": 205,
        "Net Income": 43
    },
    "2017-12-31": {
        "Diluted EPS": 4.38,
        "Total Revenue": 712,
        "Gross Profit": 421,
        "Operating Income": 357,
        "EBIT": 457,
        "Net Income": 444
    },
    "2017-09-30": {
        "Diluted EPS": 0.3,
        "Total Revenue": 645,
        "Gross Profit": 359,
        "Operating Income": 103,
        "EBIT": 199,
        "Net Income": 31
    },
    "2017-06-30": {
        "Diluted EPS": 0.43,
        "Total Revenue": 652,
        "Gross Profit": 367,
        "Operating Income": 119,
        "EBIT": 215,
        "Net Income": 45
    },
    "2017-03-31": {
        "Diluted EPS": 0.61,
        "Total Revenue": 627,
        "Gross Profit": 350,
        "Operating Income": 158,
        "EBIT": 258,
        "Net Income": 57
    },
    "2016-12-31": {
        "Diluted EPS": 1.29,
        "Total Revenue": 683,
        "Gross Profit": 425,
        "Operating Income": 233,
        "EBIT": 335,
        "Net Income": 121
    },
    "2016-09-30": {
        "Diluted EPS": 0.54,
        "Total Revenue": 694,
        "Gross Profit": 424,
        "Operating Income": 154,
        "EBIT": 260,
        "Net Income": 51
    },
    "2016-06-30": {
        "Diluted EPS": 0.52,
        "Total Revenue": 667,
        "Gross Profit": 394,
        "Operating Income": 129,
        "EBIT": 230,
        "Net Income": 49
    },
    "2016-03-31": {
        "Diluted EPS": 0.25,
        "Total Revenue": 579,
        "Gross Profit": 340,
        "Operating Income": 86,
        "EBIT": 188,
        "Net Income": 24
    },
    "2015-12-31": {
        "Diluted EPS": 0.61,
        "Total Revenue": 612,
        "Gross Profit": 393,
        "Operating Income": 124,
        "EBIT": 228,
        "Net Income": 58
    },
    "2015-09-30": {
        "Diluted EPS": 0.45,
        "Total Revenue": 548,
        "Gross Profit": 338,
        "Operating Income": 100,
        "EBIT": 195,
        "Net Income": 43
    },
    "2015-06-30": {
        "Diluted EPS": 0.48,
        "Total Revenue": 554,
        "Gross Profit": 346,
        "Operating Income": 114,
        "EBIT": 209,
        "Net Income": 46
    },
    "2015-03-31": {
        "Diluted EPS": 0.25,
        "Total Revenue": 505,
        "Gross Profit": 316,
        "Operating Income": 85,
        "EBIT": 180,
        "Net Income": 24
    },
    "2014-12-31": {
        "Diluted EPS": 0.99,
        "Total Revenue": 614,
        "Gross Profit": 415,
        "Operating Income": 209,
        "EBIT": 309,
        "Net Income": 95
    },
    "2014-09-30": {
        "Diluted EPS": 0.49,
        "Total Revenue": 495,
        "Gross Profit": 320,
        "Operating Income": 102,
        "EBIT": 190,
        "Net Income": 48
    },
    "2014-06-30": {
        "Diluted EPS": 0.42,
        "Total Revenue": 455,
        "Gross Profit": 291,
        "Operating Income": 103,
        "EBIT": 177,
        "Net Income": 41
    },
    "2014-03-31": {
        "Diluted EPS": 0.27,
        "Total Revenue": 413,
        "Gross Profit": 264,
        "Operating Income": 81,
        "EBIT": 154,
        "Net Income": 27
    },
    "2013-12-31": {
        "Diluted EPS": 0.02,
        "Total Revenue": 428,
        "Gross Profit": 282,
        "Operating Income": 103,
        "EBIT": 173,
        "Net Income": 2
    },
    "2013-09-30": {
        "Diluted EPS": 0.36,
        "Total Revenue": 339,
        "Gross Profit": 222,
        "Operating Income": 73,
        "EBIT": 126,
        "Net Income": 36
    },
    "2013-06-30": {
        "Diluted EPS": 0.19,
        "Total Revenue": 314,
        "Gross Profit": 209,
        "Operating Income": 84,
        "EBIT": 134,
        "Net Income": 18
    },
    "2013-03-31": {
        "Diluted EPS": 0.21,
        "Total Revenue": 283,
        "Gross Profit": 186,
        "Operating Income": 64,
        "EBIT": 113,
        "Net Income": 17
    },
    "2012-12-31": {
        "Diluted EPS": 0.73,
        "Total Revenue": 330,
        "Gross Profit": 233,
        "Operating Income": 119,
        "EBIT": 162,
        "Net Income": 59
    },
    "2012-09-30": {
        "Diluted EPS": 0.32,
        "Total Revenue": 259,
        "Gross Profit": 178,
        "Operating Income": 78,
        "EBIT": 117,
        "Net Income": 26
    },
    "2012-06-30": {
        "Diluted EPS": 0.37,
        "Total Revenue": 251,
        "Gross Profit": 169,
        "Operating Income": 72,
        "EBIT": 110,
        "Net Income": 30
    },
    "2012-03-31": {
        "Diluted EPS": 0.36,
        "Total Revenue": 222,
        "Gross Profit": 146,
        "Operating Income": 60,
        "EBIT": 90,
        "Net Income": 29
    },
    "2011-12-31": {
        "Diluted EPS": 0.28,
        "Total Revenue": 213,
        "Gross Profit": 143,
        "Operating Income": 64,
        "EBIT": 87,
        "Net Income": 23
    },
    "2011-09-30": {
        "Diluted EPS": 0.24,
        "Total Revenue": 181,
        "Gross Profit": 124,
        "Operating Income": 52,
        "EBIT": 82,
        "Net Income": 19
    },
    "2011-06-30": {
        "Diluted EPS": 0.23,
        "Total Revenue": 189,
        "Gross Profit": 129,
        "Operating Income": 58,
        "EBIT": 83,
        "Net Income": 19
    },
    "2011-03-31": {
        "Diluted EPS": 0.19,
        "Total Revenue": 183,
        "Gross Profit": 125,
        "Operating Income": 51,
        "EBIT": 77,
        "Net Income": 15
    },
    "2010-12-31": {
        "Diluted EPS": 0.41,
        "Total Revenue": 231,
        "Gross Profit": 167,
        "Operating Income": 83,
        "EBIT": 111,
        "Net Income": 33
    },
    "2010-09-30": {
        "Diluted EPS": 0.18,
        "Total Revenue": 186,
        "Gross Profit": 132,
        "Operating Income": 56,
        "EBIT": 90,
        "Net Income": 14
    },
    "2010-06-30": {
        "Diluted EPS": 0.21,
        "Total Revenue": 183,
        "Gross Profit": 129,
        "Operating Income": 56,
        "EBIT": 85,
        "Net Income": 17
    },
    "2010-03-31": {
        "Diluted EPS": 0.14,
        "Total Revenue": 167,
        "Gross Profit": 118,
        "Operating Income": 46,
        "EBIT": 76,
        "Net Income": 12
    },
    "2009-12-31": {
        "Diluted EPS": -0.87,
        "Total Revenue": 184,
        "Gross Profit": 132,
        "Operating Income": -66,
        "EBIT": -163,
        "Net Income": -68
    },
    "2009-09-30": {
        "Diluted EPS": 0.19,
        "Total Revenue": 160,
        "Gross Profit": 115,
        "Operating Income": 36,
        "EBIT": 202,
        "Net Income": 15
    },
    "2009-06-30": {
        "Diluted EPS": 0.04,
        "Total Revenue": 158,
        "Gross Profit": 110,
        "Operating Income": 26,
        "EBIT": 65,
        "Net Income": 3
    },
    "2009-03-31": {
        "Diluted EPS": -1.06,
        "Total Revenue": 155,
        "Gross Profit": 110,
        "Operating Income": -107,
        "EBIT": -66,
        "Net Income": -86
    },
    "2023-09-30": {
        "Tax Effect Of Unusual Items": NaN,
        "Tax Rate For Calcs": NaN,
        "Normalized EBITDA": NaN,
        "Total Unusual Items": NaN,
        "Total Unusual Items Excluding Goodwill": NaN,
        "Net Income From Continuing Operation Net Minority Interest": NaN,
        "Reconciled Depreciation": NaN,
        "Reconciled Cost Of Revenue": NaN,
        "EBITDA": NaN,
        "EBIT": NaN,
        "Net Interest Income": NaN,
        "Interest Expense": NaN,
        "Normalized Income": NaN,
        "Net Income From Continuing And Discontinued Operation": NaN,
        "Total Expenses": NaN,
        "Total Operating Income As Reported": NaN,
        "Diluted Average Shares": NaN,
        "Basic Average Shares": NaN,
        "Diluted EPS": NaN,
        "Basic EPS": NaN,
        "Diluted NI Availto Com Stockholders": NaN,
        "Net Income Common Stockholders": NaN,
        "Net Income": NaN,
        "Minority Interests": NaN,
        "Net Income Including Noncontrolling Interests": NaN,
        "Net Income Continuous Operations": NaN,
        "Tax Provision": NaN,
        "Pretax Income": NaN,
        "Other Income Expense": NaN,
        "Other Non Operating Income Expenses": NaN,
        "Special Income Charges": NaN,
        "Gain On Sale Of Ppe": NaN,
        "Gain On Sale Of Business": -10000000.0,
        "Other Special Charges": -4000000.0,
        "Earnings From Equity Interest": NaN,
        "Net Non Operating Interest Income Expense": NaN,
        "Interest Expense Non Operating": NaN,
        "Operating Income": NaN,
        "Operating Expense": NaN,
        "Other Operating Expenses": NaN,
        "Depreciation Amortization Depletion Income Statement": NaN,
        "Depreciation And Amortization In Income Statement": NaN,
        "Amortization": NaN,
        "Amortization Of Intangibles Income Statement": NaN,
        "Depreciation Income Statement": NaN,
        "Selling General And Administration": NaN,
        "General And Administrative Expense": NaN,
        "Other Gand A": NaN,
        "Gross Profit": NaN,
        "Cost Of Revenue": NaN,
        "Total Revenue": NaN,
        "Operating Revenue": NaN
    },
    "2023-12-31": {
        "Tax Effect Of Unusual Items": NaN,
        "Tax Rate For Calcs": NaN,
        "Normalized EBITDA": NaN,
        "Total Unusual Items": NaN,
        "Total Unusual Items Excluding Goodwill": NaN,
        "Net Income From Continuing Operation Net Minority Interest": NaN,
        "Reconciled Depreciation": NaN,
        "Reconciled Cost Of Revenue": NaN,
        "EBITDA": NaN,
        "EBIT": NaN,
        "Net Interest Income": NaN,
        "Interest Expense": NaN,
        "Normalized Income": NaN,
        "Net Income From Continuing And Discontinued Operation": NaN,
        "Total Expenses": NaN,
        "Total Operating Income As Reported": NaN,
        "Diluted Average Shares": NaN,
        "Basic Average Shares": NaN,
        "Diluted EPS": NaN,
        "Basic EPS": NaN,
        "Diluted NI Availto Com Stockholders": NaN,
        "Net Income Common Stockholders": NaN,
        "Net Income": NaN,
        "Minority Interests": NaN,
        "Net Income Including Noncontrolling Interests": NaN,
        "Net Income Continuous Operations": NaN,
        "Tax Provision": NaN,
        "Pretax Income": NaN,
        "Other Income Expense": NaN,
        "Other Non Operating Income Expenses": NaN,
        "Special Income Charges": NaN,
        "Gain On Sale Of Ppe": NaN,
        "Gain On Sale Of Business": 0.0,
        "Other Special Charges": 0.0,
        "Earnings From Equity Interest": NaN,
        "Net Non Operating Interest Income Expense": NaN,
        "Interest Expense Non Operating": NaN,
        "Operating Income": NaN,
        "Operating Expense": NaN,
        "Other Operating Expenses": NaN,
        "Depreciation Amortization Depletion Income Statement": NaN,
        "Depreciation And Amortization In Income Statement": NaN,
        "Amortization": NaN,
        "Amortization Of Intangibles Income Statement": NaN,
        "Depreciation Income Statement": NaN,
        "Selling General And Administration": NaN,
        "General And Administrative Expense": NaN,
        "Other Gand A": NaN,
        "Gross Profit": NaN,
        "Cost Of Revenue": NaN,
        "Total Revenue": NaN,
        "Operating Revenue": NaN
    },
    "2024-03-31": {
        "Tax Effect Of Unusual Items": NaN,
        "Tax Rate For Calcs": NaN,
        "Normalized EBITDA": NaN,
        "Total Unusual Items": NaN,
        "Total Unusual Items Excluding Goodwill": NaN,
        "Net Income From Continuing Operation Net Minority Interest": NaN,
        "Reconciled Depreciation": NaN,
        "Reconciled Cost Of Revenue": NaN,
        "EBITDA": NaN,
        "EBIT": NaN,
        "Net Interest Income": NaN,
        "Interest Expense": NaN,
        "Normalized Income": NaN,
        "Net Income From Continuing And Discontinued Operation": NaN,
        "Total Expenses": NaN,
        "Total Operating Income As Reported": NaN,
        "Diluted Average Shares": NaN,
        "Basic Average Shares": NaN,
        "Diluted EPS": NaN,
        "Basic EPS": NaN,
        "Diluted NI Availto Com Stockholders": NaN,
        "Net Income Common Stockholders": NaN,
        "Net Income": NaN,
        "Minority Interests": NaN,
        "Net Income Including Noncontrolling Interests": NaN,
        "Net Income Continuous Operations": NaN,
        "Tax Provision": NaN,
        "Pretax Income": NaN,
        "Other Income Expense": NaN,
        "Other Non Operating Income Expenses": NaN,
        "Special Income Charges": NaN,
        "Gain On Sale Of Ppe": NaN,
        "Gain On Sale Of Business": NaN,
        "Other Special Charges": -1000000.0,
        "Earnings From Equity Interest": NaN,
        "Net Non Operating Interest Income Expense": NaN,
        "Interest Expense Non Operating": NaN,
        "Operating Income": NaN,
        "Operating Expense": NaN,
        "Other Operating Expenses": NaN,
        "Depreciation Amortization Depletion Income Statement": NaN,
        "Depreciation And Amortization In Income Statement": NaN,
        "Amortization": NaN,
        "Amortization Of Intangibles Income Statement": NaN,
        "Depreciation Income Statement": NaN,
        "Selling General And Administration": NaN,
        "General And Administrative Expense": NaN,
        "Other Gand A": NaN,
        "Gross Profit": NaN,
        "Cost Of Revenue": NaN,
        "Total Revenue": NaN,
        "Operating Revenue": NaN
    },
    "2024-06-30": {
        "Tax Effect Of Unusual Items": -380000.0,
        "Tax Rate For Calcs": 0.19,
        "Normalized EBITDA": 183000000.0,
        "Total Unusual Items": -2000000.0,
        "Total Unusual Items Excluding Goodwill": -2000000.0,
        "Net Income From Continuing Operation Net Minority Interest": 17000000.0,
        "Reconciled Depreciation": 63000000.0,
        "Reconciled Cost Of Revenue": 443000000.0,
        "EBITDA": 181000000.0,
        "EBIT": 100000000.0,
        "Net Interest Income": -76000000.0,
        "Interest Expense": 76000000.0,
        "Normalized Income": 18620000.0,
        "Net Income From Continuing And Discontinued Operation": 17000000.0,
        "Total Expenses": 763000000.0,
        "Total Operating Income As Reported": 64000000.0,
        "Diluted Average Shares": 66189000.0,
        "Basic Average Shares": 66189000.0,
        "Diluted EPS": 0.27,
        "Basic EPS": 0.27,
        "Diluted NI Availto Com Stockholders": 17000000.0,
        "Net Income Common Stockholders": 17000000.0,
        "Net Income": 17000000.0,
        "Minority Interests": -2000000.0,
        "Net Income Including Noncontrolling Interests": 19000000.0,
        "Net Income Continuous Operations": 19000000.0,
        "Tax Provision": 5000000.0,
        "Pretax Income": 24000000.0,
        "Other Income Expense": 34000000.0,
        "Other Non Operating Income Expenses": -42000000.0,
        "Special Income Charges": -2000000.0,
        "Gain On Sale Of Ppe": -2000000.0,
        "Gain On Sale Of Business": NaN,
        "Other Special Charges": NaN,
        "Earnings From Equity Interest": 78000000.0,
        "Net Non Operating Interest Income Expense": -76000000.0,
        "Interest Expense Non Operating": 76000000.0,
        "Operating Income": 66000000.0,
        "Operating Expense": 338000000.0,
        "Other Operating Expenses": 13000000.0,
        "Depreciation Amortization Depletion Income Statement": 81000000.0,
        "Depreciation And Amortization In Income Statement": 81000000.0,
        "Amortization": 56000000.0,
        "Amortization Of Intangibles Income Statement": 56000000.0,
        "Depreciation Income Statement": 25000000.0,
        "Selling General And Administration": 244000000.0,
        "General And Administrative Expense": 244000000.0,
        "Other Gand A": 244000000.0,
        "Gross Profit": 404000000.0,
        "Cost Of Revenue": 425000000.0,
        "Total Revenue": 829000000.0,
        "Operating Revenue": 829000000.0
    },
    "2024-09-30": {
        "Tax Effect Of Unusual Items": 2990000.0,
        "Tax Rate For Calcs": 0.23,
        "Normalized EBITDA": 253000000.0,
        "Total Unusual Items": 13000000.0,
        "Total Unusual Items Excluding Goodwill": 13000000.0,
        "Net Income From Continuing Operation Net Minority Interest": 94000000.0,
        "Reconciled Depreciation": 63000000.0,
        "Reconciled Cost Of Revenue": 414000000.0,
        "EBITDA": 266000000.0,
        "EBIT": 203000000.0,
        "Net Interest Income": -78000000.0,
        "Interest Expense": 78000000.0,
        "Normalized Income": 83990000.0,
        "Net Income From Continuing And Discontinued Operation": 94000000.0,
        "Total Expenses": 751000000.0,
        "Total Operating Income As Reported": 179000000.0,
        "Diluted Average Shares": 66526000.0,
        "Basic Average Shares": 66355000.0,
        "Diluted EPS": 1.43,
        "Basic EPS": 1.43,
        "Diluted NI Availto Com Stockholders": 94000000.0,
        "Net Income Common Stockholders": 94000000.0,
        "Net Income": 94000000.0,
        "Minority Interests": -2000000.0,
        "Net Income Including Noncontrolling Interests": 96000000.0,
        "Net Income Continuous Operations": 96000000.0,
        "Tax Provision": 29000000.0,
        "Pretax Income": 125000000.0,
        "Other Income Expense": 37000000.0,
        "Other Non Operating Income Expenses": 24000000.0,
        "Special Income Charges": 13000000.0,
        "Gain On Sale Of Ppe": 13000000.0,
        "Gain On Sale Of Business": 0.0,
        "Other Special Charges": NaN,
        "Earnings From Equity Interest": 0.0,
        "Net Non Operating Interest Income Expense": -78000000.0,
        "Interest Expense Non Operating": 78000000.0,
        "Operating Income": 166000000.0,
        "Operating Expense": 337000000.0,
        "Other Operating Expenses": 32000000.0,
        "Depreciation Amortization Depletion Income Statement": 63000000.0,
        "Depreciation And Amortization In Income Statement": 63000000.0,
        "Amortization": 37000000.0,
        "Amortization Of Intangibles Income Statement": 37000000.0,
        "Depreciation Income Statement": 26000000.0,
        "Selling General And Administration": 242000000.0,
        "General And Administrative Expense": 242000000.0,
        "Other Gand A": 242000000.0,
        "Gross Profit": 503000000.0,
        "Cost Of Revenue": 414000000.0,
        "Total Revenue": 917000000.0,
        "Operating Revenue": 917000000.0
    },
    "2024-12-31": {
        "Tax Effect Of Unusual Items": 1840000.0,
        "Tax Rate For Calcs": 0.204444,
        "Normalized EBITDA": 351000000.0,
        "Total Unusual Items": 9000000.0,
        "Total Unusual Items Excluding Goodwill": 9000000.0,
        "Net Income From Continuing Operation Net Minority Interest": 176000000.0,
        "Reconciled Depreciation": 61000000.0,
        "Reconciled Cost Of Revenue": 467000000.0,
        "EBITDA": 360000000.0,
        "EBIT": 299000000.0,
        "Net Interest Income": -74000000.0,
        "Interest Expense": 74000000.0,
        "Normalized Income": 168840000.0,
        "Net Income From Continuing And Discontinued Operation": 176000000.0,
        "Total Expenses": 747000000.0,
        "Total Operating Income As Reported": 266000000.0,
        "Diluted Average Shares": 67253000.0,
        "Basic Average Shares": 66415000.0,
        "Diluted EPS": 2.61,
        "Basic EPS": 2.64,
        "Diluted NI Availto Com Stockholders": 176000000.0,
        "Net Income Common Stockholders": 176000000.0,
        "Net Income": 176000000.0,
        "Minority Interests": -3000000.0,
        "Net Income Including Noncontrolling Interests": 179000000.0,
        "Net Income Continuous Operations": 179000000.0,
        "Tax Provision": 46000000.0,
        "Pretax Income": 225000000.0,
        "Other Income Expense": 42000000.0,
        "Other Non Operating Income Expenses": 7000000.0,
        "Special Income Charges": 9000000.0,
        "Gain On Sale Of Ppe": 9000000.0,
        "Gain On Sale Of Business": 0.0,
        "Other Special Charges": 0.0,
        "Earnings From Equity Interest": 26000000.0,
        "Net Non Operating Interest Income Expense": -74000000.0,
        "Interest Expense Non Operating": 74000000.0,
        "Operating Income": 257000000.0,
        "Operating Expense": 280000000.0,
        "Other Operating Expenses": -20000000.0,
        "Depreciation Amortization Depletion Income Statement": 61000000.0,
        "Depreciation And Amortization In Income Statement": 61000000.0,
        "Amortization": 36000000.0,
        "Amortization Of Intangibles Income Statement": 36000000.0,
        "Depreciation Income Statement": 25000000.0,
        "Selling General And Administration": 239000000.0,
        "General And Administrative Expense": 239000000.0,
        "Other Gand A": 239000000.0,
        "Gross Profit": 537000000.0,
        "Cost Of Revenue": 467000000.0,
        "Total Revenue": 1004000000.0,
        "Operating Revenue": 1004000000.0
    },
    "2025-03-31": {
        "Tax Effect Of Unusual Items": -1380000.0,
        "Tax Rate For Calcs": 0.23,
        "Normalized EBITDA": 31000000.0,
        "Total Unusual Items": -6000000.0,
        "Total Unusual Items Excluding Goodwill": -6000000.0,
        "Net Income From Continuing Operation Net Minority Interest": -156000000.0,
        "Reconciled Depreciation": 62000000.0,
        "Reconciled Cost Of Revenue": 437000000.0,
        "EBITDA": 25000000.0,
        "EBIT": -56000000.0,
        "Net Interest Income": -144000000.0,
        "Interest Expense": 144000000.0,
        "Normalized Income": -151380000.0,
        "Net Income From Continuing And Discontinued Operation": -156000000.0,
        "Total Expenses": 754000000.0,
        "Total Operating Income As Reported": 14000000.0,
        "Diluted Average Shares": 67489000.0,
        "Basic Average Shares": 67489000.0,
        "Diluted EPS": -2.3,
        "Basic EPS": -2.3,
        "Diluted NI Availto Com Stockholders": -156000000.0,
        "Net Income Common Stockholders": -156000000.0,
        "Net Income": -156000000.0,
        "Minority Interests": -2000000.0,
        "Net Income Including Noncontrolling Interests": -154000000.0,
        "Net Income Continuous Operations": -154000000.0,
        "Tax Provision": -46000000.0,
        "Pretax Income": -200000000.0,
        "Other Income Expense": -78000000.0,
        "Other Non Operating Income Expenses": -66000000.0,
        "Special Income Charges": -6000000.0,
        "Gain On Sale Of Ppe": -8000000.0,
        "Gain On Sale Of Business": NaN,
        "Other Special Charges": -2000000.0,
        "Earnings From Equity Interest": -6000000.0,
        "Net Non Operating Interest Income Expense": -144000000.0,
        "Interest Expense Non Operating": 144000000.0,
        "Operating Income": 22000000.0,
        "Operating Expense": 336000000.0,
        "Other Operating Expenses": 11000000.0,
        "Depreciation Amortization Depletion Income Statement": 81000000.0,
        "Depreciation And Amortization In Income Statement": 81000000.0,
        "Amortization": 55000000.0,
        "Amortization Of Intangibles Income Statement": 55000000.0,
        "Depreciation Income Statement": 26000000.0,
        "Selling General And Administration": 244000000.0,
        "General And Administrative Expense": 244000000.0,
        "Other Gand A": 244000000.0,
        "Gross Profit": 358000000.0,
        "Cost Of Revenue": 418000000.0,
        "Total Revenue": 776000000.0,
        "Operating Revenue": 776000000.0
    },
    "2025-06-30": {
        "Tax Effect Of Unusual Items": -945000.0,
        "Tax Rate For Calcs": 0.189,
        "Normalized EBITDA": 87000000.0,
        "Total Unusual Items": -5000000.0,
        "Total Unusual Items Excluding Goodwill": -5000000.0,
        "Net Income From Continuing Operation Net Minority Interest": -64000000.0,
        "Reconciled Depreciation": 59000000.0,
        "Reconciled Cost Of Revenue": 437000000.0,
        "EBITDA": 82000000.0,
        "EBIT": 6000000.0,
        "Net Interest Income": -82000000.0,
        "Interest Expense": 82000000.0,
        "Normalized Income": -59945000.0,
        "Net Income From Continuing And Discontinued Operation": -64000000.0,
        "Total Expenses": 754000000.0,
        "Total Operating Income As Reported": 21000000.0,
        "Diluted Average Shares": 69589000.0,
        "Basic Average Shares": 69589000.0,
        "Diluted EPS": -0.91,
        "Basic EPS": -0.91,
        "Diluted NI Availto Com Stockholders": -64000000.0,
        "Net Income Common Stockholders": -64000000.0,
        "Net Income": -64000000.0,
        "Minority Interests": -2000000.0,
        "Net Income Including Noncontrolling Interests": -62000000.0,
        "Net Income Continuous Operations": -62000000.0,
        "Tax Provision": -14000000.0,
        "Pretax Income": -76000000.0,
        "Other Income Expense": -24000000.0,
        "Other Non Operating Income Expenses": -18000000.0,
        "Special Income Charges": -5000000.0,
        "Gain On Sale Of Ppe": -9000000.0,
        "Gain On Sale Of Business": NaN,
        "Other Special Charges": -4000000.0,
        "Earnings From Equity Interest": -1000000.0,
        "Net Non Operating Interest Income Expense": -82000000.0,
        "Interest Expense Non Operating": 82000000.0,
        "Operating Income": 30000000.0,
        "Operating Expense": 334000000.0,
        "Other Operating Expenses": 13000000.0,
        "Depreciation Amortization Depletion Income Statement": 76000000.0,
        "Depreciation And Amortization In Income Statement": 76000000.0,
        "Amortization": 52000000.0,
        "Amortization Of Intangibles Income Statement": 52000000.0,
        "Depreciation Income Statement": 24000000.0,
        "Selling General And Administration": 245000000.0,
        "General And Administrative Expense": 245000000.0,
        "Other Gand A": 245000000.0,
        "Gross Profit": 364000000.0,
        "Cost Of Revenue": 420000000.0,
        "Total Revenue": 784000000.0,
        "Operating Revenue": 784000000.0
    }
}