{
    "2023-03-31": {
        "Tax Effect Of Unusual Items": -1842592.474828,
        "Tax Rate For Calcs": 0.253312,
        "Normalized EBITDA": 103744000.0,
        "Total Unusual Items": -7274000.0,
        "Total Unusual Items Excluding Goodwill": -7274000.0,
        "Net Income From Continuing Operation Net Minority Interest": 40861000.0,
        "Reconciled Depreciation": 25062000.0,
        "Reconciled Cost Of Revenue": 450373000.0,
        "EBITDA": 96470000.0,
        "EBIT": 71408000.0,
        "Net Interest Income": -16685000.0,
        "Interest Expense": 16685000.0,
        "Normalized Income": 46292407.525172,
        "Net Income From Continuing And Discontinued Operation": 40861000.0,
        "Total Expenses": 840030000.0,
        "Total Operating Income As Reported": 71408000.0,
        "Diluted Average Shares": 109706000.0,
        "Basic Average Shares": 107453000.0,
        "Diluted EPS": 0.37,
        "Basic EPS": 0.38,
        "Diluted NI Availto Com Stockholders": 40861000.0,
        "Net Income Common Stockholders": 40861000.0,
        "Net Income": 40861000.0,
        "Net Income Including Noncontrolling Interests": 40861000.0,
        "Net Income Continuous Operations": 40861000.0,
        "Tax Provision": 13862000.0,
        "Pretax Income": 54723000.0,
        "Other Income Expense": -7274000.0,
        "Special Income Charges": -7274000.0,
        "Restructuring And Mergern Acquisition": 7274000.0,
        "Net Non Operating Interest Income Expense": -16685000.0,
        "Interest Expense Non Operating": 16685000.0,
        "Operating Income": 78682000.0,
        "Operating Expense": 389657000.0,
        "Selling General And Administration": 389657000.0,
        "Gross Profit": 468339000.0,
        "Cost Of Revenue": 450373000.0,
        "Total Revenue": 918712000.0,
        "Operating Revenue": 918712000.0
    },
    "2022-12-31": {
        "Tax Effect Of Unusual Items": -2778402.0,
        "Tax Rate For Calcs": 0.267,
        "Normalized EBITDA": 122279000.0,
        "Total Unusual Items": -10406000.0,
        "Total Unusual Items Excluding Goodwill": -10406000.0,
        "Net Income From Continuing Operation Net Minority Interest": 50337000.0,
        "Reconciled Depreciation": 25285000.0,
        "Reconciled Cost Of Revenue": 468481000.0,
        "EBITDA": 111873000.0,
        "EBIT": 86588000.0,
        "Net Interest Income": -17923000.0,
        "Interest Expense": 17923000.0,
        "Normalized Income": 57964598.0,
        "Net Income From Continuing And Discontinued Operation": 50337000.0,
        "Total Expenses": 860061000.0,
        "Total Operating Income As Reported": 86588000.0,
        "Diluted Average Shares": 109460000.0,
        "Basic Average Shares": 107140000.0,
        "Diluted EPS": 0.46,
        "Basic EPS": 0.47,
        "Diluted NI Availto Com Stockholders": 50337000.0,
        "Net Income Common Stockholders": 50337000.0,
        "Net Income": 50337000.0,
        "Net Income Including Noncontrolling Interests": 50337000.0,
        "Net Income Continuous Operations": 50337000.0,
        "Tax Provision": 18328000.0,
        "Pretax Income": 68665000.0,
        "Other Income Expense": -10406000.0,
        "Special Income Charges": -10406000.0,
        "Restructuring And Mergern Acquisition": 10406000.0,
        "Net Non Operating Interest Income Expense": -17923000.0,
        "Interest Expense Non Operating": 17923000.0,
        "Operating Income": 96994000.0,
        "Operating Expense": 391580000.0,
        "Selling General And Administration": 391580000.0,
        "Gross Profit": 488574000.0,
        "Cost Of Revenue": 468481000.0,
        "Total Revenue": 957055000.0,
        "Operating Revenue": 957055000.0
    },
    "2022-09-30": {
        "Tax Effect Of Unusual Items": -528680.0,
        "Tax Rate For Calcs": 0.02,
        "Normalized EBITDA": 65630000.0,
        "Total Unusual Items": -26434000.0,
        "Total Unusual Items Excluding Goodwill": -26434000.0,
        "Net Income From Continuing Operation Net Minority Interest": 21339000.0,
        "Reconciled Depreciation": 26568000.0,
        "Reconciled Cost Of Revenue": 498964000.0,
        "EBITDA": 39196000.0,
        "EBIT": 39196000.0,
        "Net Interest Income": -17429000.0,
        "Interest Expense": 17429000.0,
        "Normalized Income": 47244320.0,
        "Net Income From Continuing And Discontinued Operation": 21339000.0,
        "Total Expenses": 896830000.0,
        "Total Operating Income As Reported": 39196000.0,
        "Diluted Average Shares": 108510000.0,
        "Basic Average Shares": 106964000.0,
        "Diluted EPS": 0.2,
        "Basic EPS": 0.2,
        "Diluted NI Availto Com Stockholders": 21339000.0,
        "Net Income Common Stockholders": 21339000.0,
        "Net Income": 21339000.0,
        "Net Income Including Noncontrolling Interests": 21339000.0,
        "Net Income Continuous Operations": 21339000.0,
        "Tax Provision": 428000.0,
        "Pretax Income": 21767000.0,
        "Other Income Expense": -26434000.0,
        "Special Income Charges": -26434000.0,
        "Restructuring And Mergern Acquisition": 26434000.0,
        "Net Non Operating Interest Income Expense": -17429000.0,
        "Interest Expense Non Operating": 17429000.0,
        "Operating Income": 65630000.0,
        "Operating Expense": 397866000.0,
        "Selling General And Administration": 397866000.0,
        "Gross Profit": 463496000.0,
        "Cost Of Revenue": 498964000.0,
        "Total Revenue": 962460000.0,
        "Operating Revenue": 962460000.0
    },
    "2022-06-30": {
        "Tax Effect Of Unusual Items": -11572.0,
        "Tax Rate For Calcs": 0.263,
        "Normalized EBITDA": 124137000.0,
        "Total Unusual Items": -44000.0,
        "Total Unusual Items Excluding Goodwill": -44000.0,
        "Net Income From Continuing Operation Net Minority Interest": 46567000.0,
        "Reconciled Depreciation": 24890000.0,
        "Reconciled Cost Of Revenue": 471259000.0,
        "EBITDA": 124093000.0,
        "EBIT": 99203000.0,
        "Net Interest Income": -35977000.0,
        "Interest Expense": 35977000.0,
        "Normalized Income": 46599428.0,
        "Net Income From Continuing And Discontinued Operation": 46567000.0,
        "Total Expenses": 862220000.0,
        "Total Operating Income As Reported": 99203000.0,
        "Diluted Average Shares": 108526000.0,
        "Basic Average Shares": 106940000.0,
        "Diluted EPS": 0.43,
        "Basic EPS": 0.44,
        "Diluted NI Availto Com Stockholders": 46567000.0,
        "Net Income Common Stockholders": 46567000.0,
        "Net Income": 46567000.0,
        "Net Income Including Noncontrolling Interests": 46567000.0,
        "Net Income Continuous Operations": 46567000.0,
        "Tax Provision": 16659000.0,
        "Pretax Income": 63226000.0,
        "Other Income Expense": -44000.0,
        "Special Income Charges": -44000.0,
        "Restructuring And Mergern Acquisition": 44000.0,
        "Net Non Operating Interest Income Expense": -35977000.0,
        "Interest Expense Non Operating": 35977000.0,
        "Operating Income": 99247000.0,
        "Operating Expense": 390961000.0,
        "Selling General And Administration": 390961000.0,
        "Gross Profit": 490208000.0,
        "Cost Of Revenue": 471259000.0,
        "Total Revenue": 961467000.0,
        "Operating Revenue": 961467000.0
    },
    "2023-06-30": {
        "Tax Effect Of Unusual Items": -114733.0,
        "Tax Rate For Calcs": 0.289,
        "Normalized EBITDA": 115948000.0,
        "Total Unusual Items": -397000.0,
        "Total Unusual Items Excluding Goodwill": -397000.0,
        "Net Income From Continuing Operation Net Minority Interest": 50821000.0,
        "Reconciled Depreciation": 25426000.0,
        "Reconciled Cost Of Revenue": 456303000.0,
        "EBITDA": 115551000.0,
        "EBIT": 90125000.0,
        "Net Interest Income": -18654000.0,
        "Interest Expense": 18654000.0,
        "Normalized Income": 51103267.0,
        "Net Income From Continuing And Discontinued Operation": 50821000.0,
        "Total Expenses": 840486000.0,
        "Total Operating Income As Reported": 90125000.0,
        "Diluted Average Shares": 109668000.0,
        "Basic Average Shares": 107560000.0,
        "Diluted EPS": 0.46,
        "Basic EPS": 0.47,
        "Diluted NI Availto Com Stockholders": 50821000.0,
        "Net Income Common Stockholders": 50821000.0,
        "Net Income": 50821000.0,
        "Net Income Including Noncontrolling Interests": 50821000.0,
        "Net Income Continuous Operations": 50821000.0,
        "Tax Provision": 20650000.0,
        "Pretax Income": 71471000.0,
        "Other Income Expense": -397000.0,
        "Special Income Charges": -397000.0,
        "Restructuring And Mergern Acquisition": 397000.0,
        "Net Non Operating Interest Income Expense": -18654000.0,
        "Interest Expense Non Operating": 18654000.0,
        "Operating Income": 90522000.0,
        "Operating Expense": 384183000.0,
        "Selling General And Administration": 384183000.0,
        "Gross Profit": 474705000.0,
        "Cost Of Revenue": 456303000.0,
        "Total Revenue": 931008000.0,
        "Operating Revenue": 931008000.0
    },
    "2022-03-31": {
        "Diluted EPS": 0.42,
        "Total Revenue": 911,
        "Gross Profit": 465,
        "Operating Income": 86,
        "EBIT": 111,
        "Net Income": 47
    },
    "2021-12-31": {
        "Diluted EPS": 0.6,
        "Total Revenue": 980,
        "Gross Profit": 500,
        "Operating Income": 113,
        "EBIT": 138,
        "Net Income": 69
    },
    "2021-09-30": {
        "Diluted EPS": 0.6,
        "Total Revenue": 990,
        "Gross Profit": 501,
        "Operating Income": 111,
        "EBIT": 136,
        "Net Income": 68
    },
    "2021-06-30": {
        "Diluted EPS": 0.66,
        "Total Revenue": NaN,
        "Gross Profit": 514,
        "Operating Income": 127,
        "EBIT": 154,
        "Net Income": 76
    },
    "2021-03-31": {
        "Diluted EPS": 0.34,
        "Total Revenue": 926,
        "Gross Profit": 467,
        "Operating Income": 76,
        "EBIT": 103,
        "Net Income": 38
    },
    "2020-12-31": {
        "Diluted EPS": 0.5,
        "Total Revenue": 936,
        "Gross Profit": 471,
        "Operating Income": 104,
        "EBIT": 132,
        "Net Income": 57
    },
    "2020-09-30": {
        "Diluted EPS": 0.63,
        "Total Revenue": 958,
        "Gross Profit": 489,
        "Operating Income": 120,
        "EBIT": 147,
        "Net Income": 70
    },
    "2020-06-30": {
        "Diluted EPS": -0.21,
        "Total Revenue": 705,
        "Gross Profit": 322,
        "Operating Income": 1,
        "EBIT": 29,
        "Net Income": -24
    },
    "2020-03-31": {
        "Diluted EPS": 0.12,
        "Total Revenue": 871,
        "Gross Profit": 430,
        "Operating Income": 43,
        "EBIT": 71,
        "Net Income": 13
    },
    "2019-12-31": {
        "Diluted EPS": 0.45,
        "Total Revenue": 980,
        "Gross Profit": 475,
        "Operating Income": 94,
        "EBIT": 122,
        "Net Income": 53
    },
    "2019-09-30": {
        "Diluted EPS": 0.59,
        "Total Revenue": 966,
        "Gross Profit": 479,
        "Operating Income": 116,
        "EBIT": 144,
        "Net Income": 69
    },
    "2019-06-30": {
        "Diluted EPS": 0.59,
        "Total Revenue": 975,
        "Gross Profit": 482,
        "Operating Income": 120,
        "EBIT": 148,
        "Net Income": 71
    },
    "2019-03-31": {
        "Diluted EPS": 0.54,
        "Total Revenue": 946,
        "Gross Profit": 468,
        "Operating Income": 113,
        "EBIT": 140,
        "Net Income": 66
    },
    "2018-12-31": {
        "Diluted EPS": 0.54,
        "Total Revenue": 989,
        "Gross Profit": 481,
        "Operating Income": 110,
        "EBIT": 137,
        "Net Income": 66
    },
    "2018-09-30": {
        "Diluted EPS": 0.46,
        "Total Revenue": 966,
        "Gross Profit": 478,
        "Operating Income": 103,
        "EBIT": 132,
        "Net Income": 55
    },
    "2018-06-30": {
        "Diluted EPS": 0.48,
        "Total Revenue": 996,
        "Gross Profit": 493,
        "Operating Income": 102,
        "EBIT": 131,
        "Net Income": 58
    },
    "2018-03-31": {
        "Diluted EPS": 0.49,
        "Total Revenue": 975,
        "Gross Profit": 486,
        "Operating Income": 111,
        "EBIT": 139,
        "Net Income": 61
    },
    "2017-12-31": {
        "Diluted EPS": 0.65,
        "Total Revenue": 995,
        "Gross Profit": 487,
        "Operating Income": 110,
        "EBIT": 138,
        "Net Income": 83
    },
    "2017-09-30": {
        "Diluted EPS": 0.28,
        "Total Revenue": 974,
        "Gross Profit": 482,
        "Operating Income": 112,
        "EBIT": 141,
        "Net Income": 36
    },
    "2017-06-30": {
        "Diluted EPS": 0.49,
        "Total Revenue": 998,
        "Gross Profit": 503,
        "Operating Income": 130,
        "EBIT": 160,
        "Net Income": 67
    },
    "2017-03-31": {
        "Diluted EPS": 0.4,
        "Total Revenue": 966,
        "Gross Profit": 488,
        "Operating Income": 119,
        "EBIT": 148,
        "Net Income": 57
    },
    "2016-12-31": {
        "Diluted EPS": 0.39,
        "Total Revenue": NaN,
        "Gross Profit": 492,
        "Operating Income": 117,
        "EBIT": 145,
        "Net Income": 56
    },
    "2016-09-30": {
        "Diluted EPS": 0.35,
        "Total Revenue": 976,
        "Gross Profit": 483,
        "Operating Income": 111,
        "EBIT": 139,
        "Net Income": 53
    },
    "2016-06-30": {
        "Diluted EPS": 0.46,
        "Total Revenue": 998,
        "Gross Profit": 499,
        "Operating Income": 134,
        "EBIT": 160,
        "Net Income": 68
    },
    "2016-03-31": {
        "Diluted EPS": 0.41,
        "Total Revenue": 980,
        "Gross Profit": 487,
        "Operating Income": 122,
        "EBIT": 147,
        "Net Income": 60
    },
    "2015-12-31": {
        "Diluted EPS": 0.28,
        "Total Revenue": 998,
        "Gross Profit": 494,
        "Operating Income": 131,
        "EBIT": 155,
        "Net Income": 42
    },
    "2015-09-30": {
        "Diluted EPS": 0.36,
        "Total Revenue": 964,
        "Gross Profit": 475,
        "Operating Income": 119,
        "EBIT": 145,
        "Net Income": 56
    },
    "2015-06-30": {
        "Diluted EPS": 0.39,
        "Total Revenue": 968,
        "Gross Profit": 481,
        "Operating Income": 131,
        "EBIT": 154,
        "Net Income": 62
    },
    "2015-03-31": {
        "Diluted EPS": 0.39,
        "Total Revenue": 938,
        "Gross Profit": 467,
        "Operating Income": 129,
        "EBIT": 151,
        "Net Income": 62
    },
    "2014-12-31": {
        "Diluted EPS": 0.35,
        "Total Revenue": 964,
        "Gross Profit": 474,
        "Operating Income": 116,
        "EBIT": 138,
        "Net Income": 55
    },
    "2014-09-30": {
        "Diluted EPS": 0.39,
        "Total Revenue": 944,
        "Gross Profit": 468,
        "Operating Income": 126,
        "EBIT": 148,
        "Net Income": 62
    },
    "2014-06-30": {
        "Diluted EPS": 0.42,
        "Total Revenue": 949,
        "Gross Profit": 476,
        "Operating Income": 135,
        "EBIT": 156,
        "Net Income": 68
    },
    "2014-03-31": {
        "Diluted EPS": 0.35,
        "Total Revenue": 919,
        "Gross Profit": 456,
        "Operating Income": 124,
        "EBIT": 145,
        "Net Income": 58
    },
    "2013-12-31": {
        "Diluted EPS": 0.35,
        "Total Revenue": 940,
        "Gross Profit": 461,
        "Operating Income": 122,
        "EBIT": 142,
        "Net Income": 58
    },
    "2013-09-30": {
        "Diluted EPS": 0.38,
        "Total Revenue": 906,
        "Gross Profit": 449,
        "Operating Income": 128,
        "EBIT": 148,
        "Net Income": 65
    },
    "2013-06-30": {
        "Diluted EPS": 0.42,
        "Total Revenue": 912,
        "Gross Profit": 457,
        "Operating Income": 143,
        "EBIT": 162,
        "Net Income": 72
    },
    "2013-03-31": {
        "Diluted EPS": 0.36,
        "Total Revenue": 898,
        "Gross Profit": 444,
        "Operating Income": 128,
        "EBIT": 146,
        "Net Income": 65
    },
    "2012-12-31": {
        "Diluted EPS": 0.32,
        "Total Revenue": 905,
        "Gross Profit": 444,
        "Operating Income": 122,
        "EBIT": 140,
        "Net Income": 59
    },
    "2012-09-30": {
        "Diluted EPS": 0.36,
        "Total Revenue": 883,
        "Gross Profit": 440,
        "Operating Income": 118,
        "EBIT": 136,
        "Net Income": 66
    },
    "2012-06-30": {
        "Diluted EPS": 0.37,
        "Total Revenue": 887,
        "Gross Profit": 444,
        "Operating Income": 137,
        "EBIT": 154,
        "Net Income": 69
    },
    "2012-03-31": {
        "Diluted EPS": 0.35,
        "Total Revenue": 889,
        "Gross Profit": 437,
        "Operating Income": 132,
        "EBIT": 149,
        "Net Income": 68
    },
    "2011-12-31": {
        "Diluted EPS": 0.16,
        "Total Revenue": 865,
        "Gross Profit": 422,
        "Operating Income": 113,
        "EBIT": 130,
        "Net Income": 30
    },
    "2011-09-30": {
        "Diluted EPS": 0.29,
        "Total Revenue": 837,
        "Gross Profit": 413,
        "Operating Income": 114,
        "EBIT": 131,
        "Net Income": 54
    },
    "2011-06-30": {
        "Diluted EPS": 0.37,
        "Total Revenue": 837,
        "Gross Profit": 411,
        "Operating Income": 136,
        "EBIT": 153,
        "Net Income": 69
    },
    "2011-03-31": {
        "Diluted EPS": 0.26,
        "Total Revenue": 802,
        "Gross Profit": 392,
        "Operating Income": 106,
        "EBIT": 122,
        "Net Income": 49
    },
    "2010-12-31": {
        "Diluted EPS": 0.22,
        "Total Revenue": 794,
        "Gross Profit": 379,
        "Operating Income": 92,
        "EBIT": 108,
        "Net Income": 41
    },
    "2010-09-30": {
        "Diluted EPS": 0.23,
        "Total Revenue": 748,
        "Gross Profit": 366,
        "Operating Income": 93,
        "EBIT": 109,
        "Net Income": 42
    },
    "2010-06-30": {
        "Diluted EPS": 0.22,
        "Total Revenue": 743,
        "Gross Profit": 361,
        "Operating Income": 93,
        "EBIT": 107,
        "Net Income": 41
    },
    "2010-03-31": {
        "Diluted EPS": 0.19,
        "Total Revenue": 720,
        "Gross Profit": 344,
        "Operating Income": 84,
        "EBIT": 99,
        "Net Income": 35
    },
    "2009-12-31": {
        "Diluted EPS": 0.14,
        "Total Revenue": 705,
        "Gross Profit": 333,
        "Operating Income": 71,
        "EBIT": 84,
        "Net Income": 26
    },
    "2009-09-30": {
        "Diluted EPS": 0.15,
        "Total Revenue": 676,
        "Gross Profit": 320,
        "Operating Income": 76,
        "EBIT": 90,
        "Net Income": 27
    },
    "2009-06-30": {
        "Diluted EPS": 0.17,
        "Total Revenue": 673,
        "Gross Profit": 318,
        "Operating Income": 82,
        "EBIT": 96,
        "Net Income": 31
    },
    "2009-03-31": {
        "Diluted EPS": 0.13,
        "Total Revenue": 642,
        "Gross Profit": 302,
        "Operating Income": 72,
        "EBIT": 86,
        "Net Income": 25
    },
    "2023-09-30": {
        "Tax Effect Of Unusual Items": NaN,
        "Tax Rate For Calcs": NaN,
        "Normalized EBITDA": NaN,
        "Total Unusual Items": NaN,
        "Total Unusual Items Excluding Goodwill": NaN,
        "Net Income From Continuing Operation Net Minority Interest": NaN,
        "Reconciled Depreciation": NaN,
        "Reconciled Cost Of Revenue": NaN,
        "EBITDA": NaN,
        "EBIT": NaN,
        "Net Interest Income": NaN,
        "Interest Expense": NaN,
        "Normalized Income": NaN,
        "Net Income From Continuing And Discontinued Operation": NaN,
        "Total Expenses": NaN,
        "Total Operating Income As Reported": NaN,
        "Diluted Average Shares": NaN,
        "Basic Average Shares": NaN,
        "Diluted EPS": NaN,
        "Basic EPS": NaN,
        "Diluted NI Availto Com Stockholders": NaN,
        "Net Income Common Stockholders": NaN,
        "Net Income": NaN,
        "Net Income Including Noncontrolling Interests": NaN,
        "Net Income Continuous Operations": NaN,
        "Tax Provision": NaN,
        "Pretax Income": NaN,
        "Other Income Expense": 872000.0,
        "Special Income Charges": NaN,
        "Restructuring And Mergern Acquisition": NaN,
        "Net Non Operating Interest Income Expense": NaN,
        "Interest Expense Non Operating": NaN,
        "Operating Income": NaN,
        "Operating Expense": NaN,
        "Selling General And Administration": NaN,
        "Gross Profit": NaN,
        "Cost Of Revenue": NaN,
        "Total Revenue": NaN,
        "Operating Revenue": NaN
    },
    "2023-12-31": {
        "Tax Effect Of Unusual Items": NaN,
        "Tax Rate For Calcs": NaN,
        "Normalized EBITDA": NaN,
        "Total Unusual Items": NaN,
        "Total Unusual Items Excluding Goodwill": NaN,
        "Net Income From Continuing Operation Net Minority Interest": NaN,
        "Reconciled Depreciation": NaN,
        "Reconciled Cost Of Revenue": NaN,
        "EBITDA": NaN,
        "EBIT": NaN,
        "Net Interest Income": NaN,
        "Interest Expense": NaN,
        "Normalized Income": NaN,
        "Net Income From Continuing And Discontinued Operation": NaN,
        "Total Expenses": NaN,
        "Total Operating Income As Reported": NaN,
        "Diluted Average Shares": NaN,
        "Basic Average Shares": NaN,
        "Diluted EPS": NaN,
        "Basic EPS": NaN,
        "Diluted NI Availto Com Stockholders": NaN,
        "Net Income Common Stockholders": NaN,
        "Net Income": NaN,
        "Net Income Including Noncontrolling Interests": NaN,
        "Net Income Continuous Operations": NaN,
        "Tax Provision": NaN,
        "Pretax Income": NaN,
        "Other Income Expense": 85000.0,
        "Special Income Charges": NaN,
        "Restructuring And Mergern Acquisition": NaN,
        "Net Non Operating Interest Income Expense": NaN,
        "Interest Expense Non Operating": NaN,
        "Operating Income": NaN,
        "Operating Expense": NaN,
        "Selling General And Administration": NaN,
        "Gross Profit": NaN,
        "Cost Of Revenue": NaN,
        "Total Revenue": NaN,
        "Operating Revenue": NaN
    },
    "2024-03-31": {
        "Tax Effect Of Unusual Items": -15821.387416,
        "Tax Rate For Calcs": 0.251133,
        "Normalized EBITDA": 86591000.0,
        "Total Unusual Items": -63000.0,
        "Total Unusual Items Excluding Goodwill": -63000.0,
        "Net Income From Continuing Operation Net Minority Interest": 29244000.0,
        "Reconciled Depreciation": 26954000.0,
        "Reconciled Cost Of Revenue": 445289000.0,
        "EBITDA": 86528000.0,
        "EBIT": 59574000.0,
        "Net Interest Income": -20523000.0,
        "Interest Expense": 20523000.0,
        "Normalized Income": 29291178.612584,
        "Net Income From Continuing And Discontinued Operation": 29244000.0,
        "Total Expenses": 848724000.0,
        "Total Operating Income As Reported": 59574000.0,
        "Diluted Average Shares": 107080000.0,
        "Basic Average Shares": 104276000.0,
        "Diluted EPS": 0.27,
        "Basic EPS": 0.28,
        "Diluted NI Availto Com Stockholders": 29244000.0,
        "Net Income Common Stockholders": 29244000.0,
        "Net Income": 29244000.0,
        "Net Income Including Noncontrolling Interests": 29244000.0,
        "Net Income Continuous Operations": 29244000.0,
        "Tax Provision": 9807000.0,
        "Pretax Income": 39051000.0,
        "Other Income Expense": -63000.0,
        "Special Income Charges": -63000.0,
        "Restructuring And Mergern Acquisition": 63000.0,
        "Net Non Operating Interest Income Expense": -20523000.0,
        "Interest Expense Non Operating": 20523000.0,
        "Operating Income": 59637000.0,
        "Operating Expense": 403435000.0,
        "Selling General And Administration": 403435000.0,
        "Gross Profit": 463072000.0,
        "Cost Of Revenue": 445289000.0,
        "Total Revenue": 908361000.0,
        "Operating Revenue": 908361000.0
    },
    "2024-06-30": {
        "Tax Effect Of Unusual Items": -99963.0,
        "Tax Rate For Calcs": 0.261,
        "Normalized EBITDA": 100669000.0,
        "Total Unusual Items": -383000.0,
        "Total Unusual Items Excluding Goodwill": -383000.0,
        "Net Income From Continuing Operation Net Minority Interest": 37724000.0,
        "Reconciled Depreciation": 28516000.0,
        "Reconciled Cost Of Revenue": 461457000.0,
        "EBITDA": 100286000.0,
        "EBIT": 71770000.0,
        "Net Interest Income": -20707000.0,
        "Interest Expense": 20707000.0,
        "Normalized Income": 38007037.0,
        "Net Income From Continuing And Discontinued Operation": 37724000.0,
        "Total Expenses": 870187000.0,
        "Total Operating Income As Reported": 71770000.0,
        "Diluted Average Shares": 105897000.0,
        "Basic Average Shares": 103190000.0,
        "Diluted EPS": 0.36,
        "Basic EPS": 0.37,
        "Diluted NI Availto Com Stockholders": 37724000.0,
        "Net Income Common Stockholders": 37724000.0,
        "Net Income": 37724000.0,
        "Net Income Including Noncontrolling Interests": 37724000.0,
        "Net Income Continuous Operations": 37724000.0,
        "Tax Provision": 13339000.0,
        "Pretax Income": 51063000.0,
        "Other Income Expense": -383000.0,
        "Special Income Charges": -383000.0,
        "Restructuring And Mergern Acquisition": 383000.0,
        "Net Non Operating Interest Income Expense": -20707000.0,
        "Interest Expense Non Operating": 20707000.0,
        "Operating Income": 72153000.0,
        "Operating Expense": 408730000.0,
        "Selling General And Administration": 408730000.0,
        "Gross Profit": 480883000.0,
        "Cost Of Revenue": 461457000.0,
        "Total Revenue": 942340000.0,
        "Operating Revenue": 942340000.0
    },
    "2024-09-30": {
        "Tax Effect Of Unusual Items": 110662.02913,
        "Tax Rate For Calcs": 0.253812,
        "Normalized EBITDA": 108035000.0,
        "Total Unusual Items": 436000.0,
        "Total Unusual Items Excluding Goodwill": 436000.0,
        "Net Income From Continuing Operation Net Minority Interest": 48056000.0,
        "Reconciled Depreciation": 26205000.0,
        "Reconciled Cost Of Revenue": 455827000.0,
        "EBITDA": 108471000.0,
        "EBIT": 82266000.0,
        "Net Interest Income": -17864000.0,
        "Interest Expense": 17864000.0,
        "Normalized Income": 47730662.02913,
        "Net Income From Continuing And Discontinued Operation": 48056000.0,
        "Total Expenses": 853198000.0,
        "Total Operating Income As Reported": 82266000.0,
        "Diluted Average Shares": 105346000.0,
        "Basic Average Shares": 102336000.0,
        "Diluted EPS": 0.46,
        "Basic EPS": 0.47,
        "Diluted NI Availto Com Stockholders": 48056000.0,
        "Net Income Common Stockholders": 48056000.0,
        "Net Income": 48056000.0,
        "Net Income Including Noncontrolling Interests": 48056000.0,
        "Net Income Continuous Operations": 48056000.0,
        "Tax Provision": 16346000.0,
        "Pretax Income": 64402000.0,
        "Other Income Expense": 436000.0,
        "Special Income Charges": 436000.0,
        "Restructuring And Mergern Acquisition": -436000.0,
        "Net Non Operating Interest Income Expense": -17864000.0,
        "Interest Expense Non Operating": 17864000.0,
        "Operating Income": 81830000.0,
        "Operating Expense": 397371000.0,
        "Selling General And Administration": 397371000.0,
        "Gross Profit": 479201000.0,
        "Cost Of Revenue": 455827000.0,
        "Total Revenue": 935028000.0,
        "Operating Revenue": 935028000.0
    },
    "2024-12-31": {
        "Tax Effect Of Unusual Items": 0.0,
        "Tax Rate For Calcs": 0.264,
        "Normalized EBITDA": 125885000.0,
        "Total Unusual Items": 0.0,
        "Total Unusual Items Excluding Goodwill": 0.0,
        "Net Income From Continuing Operation Net Minority Interest": 61013000.0,
        "Reconciled Depreciation": 25565000.0,
        "Reconciled Cost Of Revenue": 461055000.0,
        "EBITDA": 125885000.0,
        "EBIT": 100320000.0,
        "Net Interest Income": -17442000.0,
        "Interest Expense": 17442000.0,
        "Normalized Income": 61013000.0,
        "Net Income From Continuing And Discontinued Operation": 61013000.0,
        "Total Expenses": 837575000.0,
        "Total Operating Income As Reported": 100320000.0,
        "Diluted Average Shares": 104974000.0,
        "Basic Average Shares": 102021000.0,
        "Diluted EPS": 0.58,
        "Basic EPS": 0.6,
        "Diluted NI Availto Com Stockholders": 61013000.0,
        "Net Income Common Stockholders": 61013000.0,
        "Net Income": 61013000.0,
        "Net Income Including Noncontrolling Interests": 61013000.0,
        "Net Income Continuous Operations": 61013000.0,
        "Tax Provision": 21865000.0,
        "Pretax Income": 82878000.0,
        "Other Income Expense": NaN,
        "Special Income Charges": 0.0,
        "Restructuring And Mergern Acquisition": 0.0,
        "Net Non Operating Interest Income Expense": -17442000.0,
        "Interest Expense Non Operating": 17442000.0,
        "Operating Income": 100320000.0,
        "Operating Expense": 376520000.0,
        "Selling General And Administration": 376520000.0,
        "Gross Profit": 476840000.0,
        "Cost Of Revenue": 461055000.0,
        "Total Revenue": 937895000.0,
        "Operating Revenue": 937895000.0
    },
    "2025-03-31": {
        "Tax Effect Of Unusual Items": 0.0,
        "Tax Rate For Calcs": 0.261359,
        "Normalized EBITDA": 94732000.0,
        "Total Unusual Items": 0.0,
        "Total Unusual Items Excluding Goodwill": 0.0,
        "Net Income From Continuing Operation Net Minority Interest": 39210000.0,
        "Reconciled Depreciation": 25359000.0,
        "Reconciled Cost Of Revenue": 424329000.0,
        "EBITDA": 94732000.0,
        "EBIT": 69373000.0,
        "Net Interest Income": -16289000.0,
        "Interest Expense": 16289000.0,
        "Normalized Income": 39210000.0,
        "Net Income From Continuing And Discontinued Operation": 39210000.0,
        "Total Expenses": 813773000.0,
        "Total Operating Income As Reported": 69373000.0,
        "Diluted Average Shares": 104435000.0,
        "Basic Average Shares": 101614000.0,
        "Diluted EPS": 0.38,
        "Basic EPS": 0.39,
        "Diluted NI Availto Com Stockholders": 39210000.0,
        "Net Income Common Stockholders": 39210000.0,
        "Net Income": 39210000.0,
        "Net Income Including Noncontrolling Interests": 39210000.0,
        "Net Income Continuous Operations": 39210000.0,
        "Tax Provision": 13874000.0,
        "Pretax Income": 53084000.0,
        "Other Income Expense": NaN,
        "Special Income Charges": 0.0,
        "Restructuring And Mergern Acquisition": 0.0,
        "Net Non Operating Interest Income Expense": -16289000.0,
        "Interest Expense Non Operating": 16289000.0,
        "Operating Income": 69373000.0,
        "Operating Expense": 389444000.0,
        "Selling General And Administration": 389444000.0,
        "Gross Profit": 458817000.0,
        "Cost Of Revenue": 424329000.0,
        "Total Revenue": 883146000.0,
        "Operating Revenue": 883146000.0
    }
}