{
    "2023-03-31": {
        "Tax Effect Of Unusual Items": NaN,
        "Tax Rate For Calcs": NaN,
        "Normalized EBITDA": NaN,
        "Total Unusual Items": NaN,
        "Total Unusual Items Excluding Goodwill": NaN,
        "Net Income From Continuing Operation Net Minority Interest": NaN,
        "Reconciled Depreciation": NaN,
        "Reconciled Cost Of Revenue": NaN,
        "EBITDA": NaN,
        "EBIT": NaN,
        "Net Interest Income": NaN,
        "Interest Expense": 339767000.0,
        "Interest Income": 66560000.0,
        "Normalized Income": NaN,
        "Net Income From Continuing And Discontinued Operation": NaN,
        "Total Expenses": NaN,
        "Total Operating Income As Reported": -652173000.0,
        "Diluted Average Shares": NaN,
        "Basic Average Shares": NaN,
        "Diluted EPS": NaN,
        "Basic EPS": NaN,
        "Diluted NI Availto Com Stockholders": NaN,
        "Net Income Common Stockholders": NaN,
        "Net Income": NaN,
        "Net Income Including Noncontrolling Interests": NaN,
        "Net Income Continuous Operations": NaN,
        "Tax Provision": NaN,
        "Pretax Income": NaN,
        "Other Income Expense": NaN,
        "Earnings From Equity Interest": NaN,
        "Gain On Sale Of Security": NaN,
        "Net Non Operating Interest Income Expense": NaN,
        "Total Other Finance Cost": NaN,
        "Interest Expense Non Operating": 339767000.0,
        "Interest Income Non Operating": 66560000.0,
        "Operating Income": NaN,
        "Operating Expense": NaN,
        "Other Operating Expenses": NaN,
        "Other Taxes": 32578000.0,
        "Provision For Doubtful Accounts": NaN,
        "Depreciation Amortization Depletion Income Statement": 33463000.0,
        "Depreciation And Amortization In Income Statement": 33463000.0,
        "Selling General And Administration": NaN,
        "Selling And Marketing Expense": NaN,
        "General And Administrative Expense": NaN,
        "Other Gand A": NaN,
        "Salaries And Wages": 87964000.0,
        "Gross Profit": NaN,
        "Cost Of Revenue": NaN,
        "Total Revenue": NaN,
        "Excise Taxes": 370298000.0,
        "Operating Revenue": NaN
    },
    "2022-12-31": {
        "Tax Effect Of Unusual Items": NaN,
        "Tax Rate For Calcs": NaN,
        "Normalized EBITDA": NaN,
        "Total Unusual Items": NaN,
        "Total Unusual Items Excluding Goodwill": NaN,
        "Net Income From Continuing Operation Net Minority Interest": NaN,
        "Reconciled Depreciation": NaN,
        "Reconciled Cost Of Revenue": NaN,
        "EBITDA": NaN,
        "EBIT": NaN,
        "Net Interest Income": NaN,
        "Interest Expense": 410665000.0,
        "Interest Income": -7782000.0,
        "Normalized Income": NaN,
        "Net Income From Continuing And Discontinued Operation": NaN,
        "Total Expenses": NaN,
        "Total Operating Income As Reported": 6784915000.0,
        "Diluted Average Shares": NaN,
        "Basic Average Shares": NaN,
        "Diluted EPS": NaN,
        "Basic EPS": NaN,
        "Diluted NI Availto Com Stockholders": NaN,
        "Net Income Common Stockholders": NaN,
        "Net Income": NaN,
        "Net Income Including Noncontrolling Interests": NaN,
        "Net Income Continuous Operations": NaN,
        "Tax Provision": NaN,
        "Pretax Income": NaN,
        "Other Income Expense": NaN,
        "Earnings From Equity Interest": NaN,
        "Gain On Sale Of Security": NaN,
        "Net Non Operating Interest Income Expense": NaN,
        "Total Other Finance Cost": NaN,
        "Interest Expense Non Operating": 410665000.0,
        "Interest Income Non Operating": -7782000.0,
        "Operating Income": NaN,
        "Operating Expense": NaN,
        "Other Operating Expenses": NaN,
        "Other Taxes": -37489000.0,
        "Provision For Doubtful Accounts": NaN,
        "Depreciation Amortization Depletion Income Statement": -17276000.0,
        "Depreciation And Amortization In Income Statement": -17276000.0,
        "Selling General And Administration": NaN,
        "Selling And Marketing Expense": NaN,
        "General And Administrative Expense": NaN,
        "Other Gand A": NaN,
        "Salaries And Wages": -132970000.0,
        "Gross Profit": NaN,
        "Cost Of Revenue": NaN,
        "Total Revenue": NaN,
        "Excise Taxes": 406257000.0,
        "Operating Revenue": NaN
    },
    "2022-09-30": {
        "Tax Effect Of Unusual Items": NaN,
        "Tax Rate For Calcs": NaN,
        "Normalized EBITDA": NaN,
        "Total Unusual Items": NaN,
        "Total Unusual Items Excluding Goodwill": NaN,
        "Net Income From Continuing Operation Net Minority Interest": NaN,
        "Reconciled Depreciation": NaN,
        "Reconciled Cost Of Revenue": NaN,
        "EBITDA": NaN,
        "EBIT": NaN,
        "Net Interest Income": NaN,
        "Interest Expense": 289730000.0,
        "Interest Income": 61452000.0,
        "Normalized Income": NaN,
        "Net Income From Continuing And Discontinued Operation": NaN,
        "Total Expenses": NaN,
        "Total Operating Income As Reported": -700441000.0,
        "Diluted Average Shares": 684215190.0,
        "Basic Average Shares": 684215190.0,
        "Diluted EPS": 1.58,
        "Basic EPS": 1.58,
        "Diluted NI Availto Com Stockholders": NaN,
        "Net Income Common Stockholders": NaN,
        "Net Income": NaN,
        "Net Income Including Noncontrolling Interests": NaN,
        "Net Income Continuous Operations": NaN,
        "Tax Provision": NaN,
        "Pretax Income": NaN,
        "Other Income Expense": NaN,
        "Earnings From Equity Interest": NaN,
        "Gain On Sale Of Security": NaN,
        "Net Non Operating Interest Income Expense": NaN,
        "Total Other Finance Cost": NaN,
        "Interest Expense Non Operating": 289730000.0,
        "Interest Income Non Operating": 61452000.0,
        "Operating Income": NaN,
        "Operating Expense": NaN,
        "Other Operating Expenses": NaN,
        "Other Taxes": 23324000.0,
        "Provision For Doubtful Accounts": NaN,
        "Depreciation Amortization Depletion Income Statement": 49143000.0,
        "Depreciation And Amortization In Income Statement": 49143000.0,
        "Selling General And Administration": NaN,
        "Selling And Marketing Expense": NaN,
        "General And Administrative Expense": NaN,
        "Other Gand A": NaN,
        "Salaries And Wages": 173278000.0,
        "Gross Profit": NaN,
        "Cost Of Revenue": NaN,
        "Total Revenue": NaN,
        "Excise Taxes": 374905000.0,
        "Operating Revenue": NaN
    },
    "2022-06-30": {
        "Tax Effect Of Unusual Items": -17857272.890673,
        "Tax Rate For Calcs": 0.283651,
        "Normalized EBITDA": 1569309000.0,
        "Total Unusual Items": -62955000.0,
        "Total Unusual Items Excluding Goodwill": -62955000.0,
        "Net Income From Continuing Operation Net Minority Interest": 422458000.0,
        "Reconciled Depreciation": 598165000.0,
        "Reconciled Cost Of Revenue": 3531903000.0,
        "EBITDA": 1506354000.0,
        "EBIT": 908189000.0,
        "Net Interest Income": -261419000.0,
        "Interest Expense": NaN,
        "Interest Income": NaN,
        "Normalized Income": 467555727.109327,
        "Net Income From Continuing And Discontinued Operation": 422458000.0,
        "Total Expenses": 4357211000.0,
        "Total Operating Income As Reported": 908189000.0,
        "Diluted Average Shares": 683509869.0,
        "Basic Average Shares": 683509869.0,
        "Diluted EPS": 0.61807,
        "Basic EPS": 0.61807,
        "Diluted NI Availto Com Stockholders": 422458000.0,
        "Net Income Common Stockholders": 422458000.0,
        "Net Income": 422458000.0,
        "Net Income Including Noncontrolling Interests": 422458000.0,
        "Net Income Continuous Operations": 422458000.0,
        "Tax Provision": 167280000.0,
        "Pretax Income": 589738000.0,
        "Other Income Expense": -57032000.0,
        "Earnings From Equity Interest": 5923000.0,
        "Gain On Sale Of Security": -62955000.0,
        "Net Non Operating Interest Income Expense": -261419000.0,
        "Total Other Finance Cost": 261419000.0,
        "Interest Expense Non Operating": NaN,
        "Interest Income Non Operating": NaN,
        "Operating Income": 908189000.0,
        "Operating Expense": 825308000.0,
        "Other Operating Expenses": -2351000.0,
        "Other Taxes": NaN,
        "Provision For Doubtful Accounts": 252932000.0,
        "Depreciation Amortization Depletion Income Statement": NaN,
        "Depreciation And Amortization In Income Statement": NaN,
        "Selling General And Administration": 574727000.0,
        "Selling And Marketing Expense": 233525000.0,
        "General And Administrative Expense": 341202000.0,
        "Other Gand A": 341202000.0,
        "Salaries And Wages": NaN,
        "Gross Profit": 1733497000.0,
        "Cost Of Revenue": 3531903000.0,
        "Total Revenue": 5265400000.0,
        "Excise Taxes": NaN,
        "Operating Revenue": 5265400000.0
    },
    "2022-03-31": {
        "Diluted EPS": 0.27,
        "Total Revenue": 932,
        "Gross Profit": 336,
        "Operating Income": 217,
        "EBIT": 330,
        "Net Income": 187
    },
    "2021-12-31": {
        "Diluted EPS": 0.15,
        "Total Revenue": 902,
        "Gross Profit": 302,
        "Operating Income": 152,
        "EBIT": 252,
        "Net Income": 101
    },
    "2021-09-30": {
        "Diluted EPS": 0.13,
        "Total Revenue": 986,
        "Gross Profit": 350,
        "Operating Income": 235,
        "EBIT": 346,
        "Net Income": 90
    },
    "2021-06-30": {
        "Diluted EPS": 0.21,
        "Total Revenue": 868,
        "Gross Profit": 289,
        "Operating Income": 170,
        "EBIT": 277,
        "Net Income": 146
    },
    "2021-03-31": {
        "Diluted EPS": 0.13,
        "Total Revenue": 856,
        "Gross Profit": 298,
        "Operating Income": 202,
        "EBIT": 301,
        "Net Income": 91
    },
    "2020-12-31": {
        "Diluted EPS": 0.28,
        "Total Revenue": 887,
        "Gross Profit": 338,
        "Operating Income": 239,
        "EBIT": 353,
        "Net Income": 188
    },
    "2020-09-30": {
        "Diluted EPS": 0.12,
        "Total Revenue": 826,
        "Gross Profit": 278,
        "Operating Income": 184,
        "EBIT": 281,
        "Net Income": 78
    },
    "2020-06-30": {
        "Diluted EPS": 0.1,
        "Total Revenue": 827,
        "Gross Profit": 301,
        "Operating Income": 222,
        "EBIT": 296,
        "Net Income": 71
    },
    "2020-03-31": {
        "Diluted EPS": -0.22,
        "Total Revenue": 913,
        "Gross Profit": 366,
        "Operating Income": 227,
        "EBIT": 336,
        "Net Income": -149
    },
    "2019-12-31": {
        "Diluted EPS": 0.38,
        "Total Revenue": NaN,
        "Gross Profit": 448,
        "Operating Income": 293,
        "EBIT": 416,
        "Net Income": 260
    },
    "2019-09-30": {
        "Diluted EPS": 0.45,
        "Total Revenue": NaN,
        "Gross Profit": 765,
        "Operating Income": 646,
        "EBIT": 761,
        "Net Income": 305
    },
    "2019-06-30": {
        "Diluted EPS": 0.17,
        "Total Revenue": NaN,
        "Gross Profit": 366,
        "Operating Income": 205,
        "EBIT": 309,
        "Net Income": 116
    },
    "2019-03-31": {
        "Diluted EPS": 0.25,
        "Total Revenue": NaN,
        "Gross Profit": 409,
        "Operating Income": 303,
        "EBIT": 412,
        "Net Income": 172
    },
    "2018-12-31": {
        "Diluted EPS": 0.59,
        "Total Revenue": NaN,
        "Gross Profit": 630,
        "Operating Income": 498,
        "EBIT": 626,
        "Net Income": 403
    },
    "2018-09-30": {
        "Diluted EPS": 0.21,
        "Total Revenue": 968,
        "Gross Profit": 380,
        "Operating Income": 286,
        "EBIT": 357,
        "Net Income": 144
    },
    "2018-06-30": {
        "Diluted EPS": 0.08,
        "Total Revenue": NaN,
        "Gross Profit": 423,
        "Operating Income": 298,
        "EBIT": 379,
        "Net Income": 51
    },
    "2018-03-31": {
        "Diluted EPS": 0.26,
        "Total Revenue": NaN,
        "Gross Profit": 481,
        "Operating Income": 334,
        "EBIT": 435,
        "Net Income": 179
    },
    "2017-12-31": {
        "Diluted EPS": 0.27,
        "Total Revenue": NaN,
        "Gross Profit": 487,
        "Operating Income": 313,
        "EBIT": 412,
        "Net Income": 186
    },
    "2017-09-30": {
        "Diluted EPS": 0.42,
        "Total Revenue": NaN,
        "Gross Profit": 471,
        "Operating Income": 363,
        "EBIT": 468,
        "Net Income": 285
    },
    "2017-06-30": {
        "Diluted EPS": 0.15,
        "Total Revenue": NaN,
        "Gross Profit": 391,
        "Operating Income": 237,
        "EBIT": 334,
        "Net Income": 103
    },
    "2017-03-31": {
        "Diluted EPS": 0.32,
        "Total Revenue": NaN,
        "Gross Profit": 477,
        "Operating Income": 328,
        "EBIT": 434,
        "Net Income": 215
    },
    "2016-12-31": {
        "Diluted EPS": 0.41,
        "Total Revenue": NaN,
        "Gross Profit": 379,
        "Operating Income": 254,
        "EBIT": 318,
        "Net Income": 279
    },
    "2016-09-30": {
        "Diluted EPS": 0.26,
        "Total Revenue": NaN,
        "Gross Profit": 466,
        "Operating Income": 328,
        "EBIT": 428,
        "Net Income": 177
    },
    "2016-06-30": {
        "Diluted EPS": 0.33,
        "Total Revenue": 982,
        "Gross Profit": 335,
        "Operating Income": 240,
        "EBIT": 332,
        "Net Income": 228
    },
    "2016-03-31": {
        "Diluted EPS": 0.24,
        "Total Revenue": 778,
        "Gross Profit": 279,
        "Operating Income": 162,
        "EBIT": 235,
        "Net Income": 162
    },
    "2015-12-31": {
        "Diluted EPS": 0.16,
        "Total Revenue": 877,
        "Gross Profit": 304,
        "Operating Income": 177,
        "EBIT": 274,
        "Net Income": 107
    },
    "2015-09-30": {
        "Diluted EPS": -0.24,
        "Total Revenue": 911,
        "Gross Profit": 267,
        "Operating Income": 196,
        "EBIT": 251,
        "Net Income": -165
    },
    "2015-06-30": {
        "Diluted EPS": 0.16,
        "Total Revenue": 920,
        "Gross Profit": 234,
        "Operating Income": 158,
        "EBIT": 244,
        "Net Income": 110
    },
    "2015-03-31": {
        "Diluted EPS": 0.17,
        "Total Revenue": 867,
        "Gross Profit": 249,
        "Operating Income": 399,
        "EBIT": 488,
        "Net Income": 112
    },
    "2014-12-31": {
        "Diluted EPS": 0.02,
        "Total Revenue": NaN,
        "Gross Profit": 731,
        "Operating Income": 538,
        "EBIT": 646,
        "Net Income": 10
    },
    "2014-09-30": {
        "Diluted EPS": 0.05,
        "Total Revenue": NaN,
        "Gross Profit": 273,
        "Operating Income": 122,
        "EBIT": 225,
        "Net Income": 36
    },
    "2014-06-30": {
        "Diluted EPS": 0.19,
        "Total Revenue": NaN,
        "Gross Profit": 385,
        "Operating Income": 169,
        "EBIT": 276,
        "Net Income": 133
    },
    "2014-03-31": {
        "Diluted EPS": 0.32,
        "Total Revenue": NaN,
        "Gross Profit": 548,
        "Operating Income": 396,
        "EBIT": 507,
        "Net Income": 215
    },
    "2013-12-31": {
        "Diluted EPS": 0.38,
        "Total Revenue": NaN,
        "Gross Profit": 526,
        "Operating Income": 376,
        "EBIT": 519,
        "Net Income": 261
    },
    "2013-09-30": {
        "Diluted EPS": 0.3,
        "Total Revenue": NaN,
        "Gross Profit": 468,
        "Operating Income": 344,
        "EBIT": 416,
        "Net Income": 203
    },
    "2013-06-30": {
        "Diluted EPS": 0.23,
        "Total Revenue": NaN,
        "Gross Profit": 376,
        "Operating Income": 207,
        "EBIT": 299,
        "Net Income": 157
    },
    "2013-03-31": {
        "Diluted EPS": 0.36,
        "Total Revenue": NaN,
        "Gross Profit": 544,
        "Operating Income": 353,
        "EBIT": 451,
        "Net Income": 247
    },
    "2012-12-31": {
        "Diluted EPS": 0.56,
        "Total Revenue": NaN,
        "Gross Profit": 335,
        "Operating Income": 141,
        "EBIT": 253,
        "Net Income": 385
    },
    "2012-09-30": {
        "Diluted EPS": 0.26,
        "Total Revenue": NaN,
        "Gross Profit": 604,
        "Operating Income": 408,
        "EBIT": 490,
        "Net Income": 175
    },
    "2012-06-30": {
        "Diluted EPS": 0.21,
        "Total Revenue": NaN,
        "Gross Profit": 420,
        "Operating Income": 283,
        "EBIT": 363,
        "Net Income": 145
    },
    "2012-03-31": {
        "Diluted EPS": 0.37,
        "Total Revenue": NaN,
        "Gross Profit": 548,
        "Operating Income": 332,
        "EBIT": 438,
        "Net Income": 250
    },
    "2011-12-31": {
        "Diluted EPS": 0.4,
        "Total Revenue": NaN,
        "Gross Profit": 601,
        "Operating Income": 356,
        "EBIT": 464,
        "Net Income": 271
    },
    "2011-09-30": {
        "Diluted EPS": 0.06,
        "Total Revenue": NaN,
        "Gross Profit": 591,
        "Operating Income": 391,
        "EBIT": 491,
        "Net Income": 42
    },
    "2011-06-30": {
        "Diluted EPS": 0.43,
        "Total Revenue": NaN,
        "Gross Profit": 534,
        "Operating Income": 344,
        "EBIT": 460,
        "Net Income": 294
    },
    "2011-03-31": {
        "Diluted EPS": 0.16,
        "Total Revenue": NaN,
        "Gross Profit": 557,
        "Operating Income": 256,
        "EBIT": 393,
        "Net Income": 110
    },
    "2010-12-31": {
        "Diluted EPS": 0.5,
        "Total Revenue": NaN,
        "Gross Profit": -191,
        "Operating Income": -384,
        "EBIT": -384,
        "Net Income": 344
    },
    "2010-09-30": {
        "Diluted EPS": 0.38,
        "Total Revenue": NaN,
        "Gross Profit": 581,
        "Operating Income": 376,
        "EBIT": 376,
        "Net Income": 258
    },
    "2010-06-30": {
        "Diluted EPS": 0.27,
        "Total Revenue": 993,
        "Gross Profit": 555,
        "Operating Income": 351,
        "EBIT": 351,
        "Net Income": 187
    },
    "2010-03-31": {
        "Diluted EPS": 0.24,
        "Total Revenue": 978,
        "Gross Profit": 575,
        "Operating Income": 396,
        "EBIT": 476,
        "Net Income": 162
    },
    "2009-12-31": {
        "Diluted EPS": 0.39,
        "Total Revenue": NaN,
        "Gross Profit": 662,
        "Operating Income": 403,
        "EBIT": 602,
        "Net Income": 264
    },
    "2009-09-30": {
        "Diluted EPS": 0.17,
        "Total Revenue": 946,
        "Gross Profit": 537,
        "Operating Income": 320,
        "EBIT": 250,
        "Net Income": 114
    },
    "2009-06-30": {
        "Diluted EPS": 0.37,
        "Total Revenue": 959,
        "Gross Profit": 558,
        "Operating Income": 420,
        "EBIT": 506,
        "Net Income": 256
    },
    "2009-03-31": {
        "Diluted EPS": 0.09,
        "Total Revenue": 786,
        "Gross Profit": 423,
        "Operating Income": 268,
        "EBIT": 339,
        "Net Income": 122
    },
    "2023-06-30": {
        "Tax Effect Of Unusual Items": 0.0,
        "Tax Rate For Calcs": 0.0,
        "Normalized EBITDA": 670771000.0,
        "Total Unusual Items": 359829000.0,
        "Total Unusual Items Excluding Goodwill": 359829000.0,
        "Net Income From Continuing Operation Net Minority Interest": 0.0,
        "Reconciled Depreciation": 670771000.0,
        "Reconciled Cost Of Revenue": 0.0,
        "EBITDA": 670771000.0,
        "EBIT": 0.0,
        "Net Interest Income": 0.0,
        "Interest Expense": 0.0,
        "Interest Income": 0.0,
        "Normalized Income": 0.0,
        "Net Income From Continuing And Discontinued Operation": 0.0,
        "Total Expenses": 0.0,
        "Total Operating Income As Reported": 1060834000.0,
        "Diluted Average Shares": 683509869.0,
        "Basic Average Shares": 683509869.0,
        "Diluted EPS": 0.0,
        "Basic EPS": 0.0,
        "Diluted NI Availto Com Stockholders": 0.0,
        "Net Income Common Stockholders": 0.0,
        "Net Income": 0.0,
        "Net Income Including Noncontrolling Interests": 0.0,
        "Net Income Continuous Operations": 0.0,
        "Tax Provision": 0.0,
        "Pretax Income": 0.0,
        "Other Income Expense": 369876000.0,
        "Earnings From Equity Interest": 0.0,
        "Gain On Sale Of Security": 359829000.0,
        "Net Non Operating Interest Income Expense": 0.0,
        "Total Other Finance Cost": 121117000.0,
        "Interest Expense Non Operating": 0.0,
        "Interest Income Non Operating": 0.0,
        "Operating Income": 0.0,
        "Operating Expense": 0.0,
        "Other Operating Expenses": -50487000.0,
        "Other Taxes": 0.0,
        "Provision For Doubtful Accounts": 0.0,
        "Depreciation Amortization Depletion Income Statement": 51313000.0,
        "Depreciation And Amortization In Income Statement": 51313000.0,
        "Selling General And Administration": 0.0,
        "Selling And Marketing Expense": 0.0,
        "General And Administrative Expense": 513207000.0,
        "Other Gand A": 191367000.0,
        "Salaries And Wages": 321840000.0,
        "Gross Profit": 0.0,
        "Cost Of Revenue": 0.0,
        "Total Revenue": 0.0,
        "Excise Taxes": 300973000.0,
        "Operating Revenue": 0.0
    },
    "2023-09-30": {
        "Tax Effect Of Unusual Items": -16739309.99359,
        "Tax Rate For Calcs": 0.337615,
        "Normalized EBITDA": 2464976000.0,
        "Total Unusual Items": -49581000.0,
        "Total Unusual Items Excluding Goodwill": -49581000.0,
        "Net Income From Continuing Operation Net Minority Interest": 846295000.0,
        "Reconciled Depreciation": 713461000.0,
        "Reconciled Cost Of Revenue": 3944519000.0,
        "EBITDA": 2415395000.0,
        "EBIT": 1701934000.0,
        "Net Interest Income": -381415000.0,
        "Interest Expense": NaN,
        "Interest Income": NaN,
        "Normalized Income": 879136690.00641,
        "Net Income From Continuing And Discontinued Operation": 846295000.0,
        "Total Expenses": 4751312000.0,
        "Total Operating Income As Reported": 1701934000.0,
        "Diluted Average Shares": 682495968.0,
        "Basic Average Shares": 682495968.0,
        "Diluted EPS": 1.24,
        "Basic EPS": 1.24,
        "Diluted NI Availto Com Stockholders": 846295000.0,
        "Net Income Common Stockholders": 846295000.0,
        "Net Income": 846295000.0,
        "Net Income Including Noncontrolling Interests": 846295000.0,
        "Net Income Continuous Operations": 846295000.0,
        "Tax Provision": 431354000.0,
        "Pretax Income": 1277649000.0,
        "Other Income Expense": -42870000.0,
        "Earnings From Equity Interest": 6711000.0,
        "Gain On Sale Of Security": -49581000.0,
        "Net Non Operating Interest Income Expense": -381415000.0,
        "Total Other Finance Cost": 381415000.0,
        "Interest Expense Non Operating": NaN,
        "Interest Income Non Operating": NaN,
        "Operating Income": 1701934000.0,
        "Operating Expense": 806793000.0,
        "Other Operating Expenses": -6028000.0,
        "Other Taxes": NaN,
        "Provision For Doubtful Accounts": 156664000.0,
        "Depreciation Amortization Depletion Income Statement": NaN,
        "Depreciation And Amortization In Income Statement": NaN,
        "Selling General And Administration": 656157000.0,
        "Selling And Marketing Expense": 237074000.0,
        "General And Administrative Expense": 419083000.0,
        "Other Gand A": 419083000.0,
        "Salaries And Wages": NaN,
        "Gross Profit": 2508727000.0,
        "Cost Of Revenue": 3944519000.0,
        "Total Revenue": 6453246000.0,
        "Excise Taxes": NaN,
        "Operating Revenue": 6453246000.0
    },
    "2024-03-31": {
        "Tax Effect Of Unusual Items": 2394572.043116,
        "Tax Rate For Calcs": 0.37811,
        "Normalized EBITDA": 2420614000.0,
        "Total Unusual Items": 6333000.0,
        "Total Unusual Items Excluding Goodwill": 6333000.0,
        "Net Income From Continuing Operation Net Minority Interest": 823295000.0,
        "Reconciled Depreciation": 773785000.0,
        "Reconciled Cost Of Revenue": 3975427000.0,
        "EBITDA": 2426947000.0,
        "EBIT": 1653162000.0,
        "Net Interest Income": -344528000.0,
        "Interest Expense": NaN,
        "Interest Income": NaN,
        "Normalized Income": 819356572.043116,
        "Net Income From Continuing And Discontinued Operation": 823295000.0,
        "Total Expenses": 4907084000.0,
        "Total Operating Income As Reported": 1653162000.0,
        "Diluted Average Shares": 686079167.0,
        "Basic Average Shares": 686079167.0,
        "Diluted EPS": 1.2,
        "Basic EPS": 1.2,
        "Diluted NI Availto Com Stockholders": 823295000.0,
        "Net Income Common Stockholders": 823295000.0,
        "Net Income": 823295000.0,
        "Net Income Including Noncontrolling Interests": 823295000.0,
        "Net Income Continuous Operations": 823295000.0,
        "Tax Provision": 500565000.0,
        "Pretax Income": 1323860000.0,
        "Other Income Expense": 15226000.0,
        "Earnings From Equity Interest": 8893000.0,
        "Gain On Sale Of Security": 6333000.0,
        "Net Non Operating Interest Income Expense": -344528000.0,
        "Total Other Finance Cost": 344528000.0,
        "Interest Expense Non Operating": NaN,
        "Interest Income Non Operating": NaN,
        "Operating Income": 1653162000.0,
        "Operating Expense": 931657000.0,
        "Other Operating Expenses": -7086000.0,
        "Other Taxes": NaN,
        "Provision For Doubtful Accounts": 190518000.0,
        "Depreciation Amortization Depletion Income Statement": NaN,
        "Depreciation And Amortization In Income Statement": NaN,
        "Selling General And Administration": 748225000.0,
        "Selling And Marketing Expense": 210087000.0,
        "General And Administrative Expense": 538138000.0,
        "Other Gand A": 538138000.0,
        "Salaries And Wages": NaN,
        "Gross Profit": 2584819000.0,
        "Cost Of Revenue": 3975427000.0,
        "Total Revenue": 6560246000.0,
        "Excise Taxes": NaN,
        "Operating Revenue": 6560246000.0
    },
    "2024-06-30": {
        "Tax Effect Of Unusual Items": 11756507.595467,
        "Tax Rate For Calcs": 0.310715,
        "Normalized EBITDA": 2921648000.0,
        "Total Unusual Items": 37837000.0,
        "Total Unusual Items Excluding Goodwill": 37837000.0,
        "Net Income From Continuing Operation Net Minority Interest": 1209465000.0,
        "Reconciled Depreciation": 789441000.0,
        "Reconciled Cost Of Revenue": 3128890000.0,
        "EBITDA": 2959485000.0,
        "EBIT": 2170044000.0,
        "Net Interest Income": -484056000.0,
        "Interest Expense": 415379000.0,
        "Interest Income": 40300000.0,
        "Normalized Income": 1183384507.595467,
        "Net Income From Continuing And Discontinued Operation": 1209465000.0,
        "Total Expenses": 4556523000.0,
        "Total Operating Income As Reported": NaN,
        "Diluted Average Shares": 683509869.0,
        "Basic Average Shares": 683509869.0,
        "Diluted EPS": 1.77,
        "Basic EPS": 1.77,
        "Diluted NI Availto Com Stockholders": 1209465000.0,
        "Net Income Common Stockholders": 1209465000.0,
        "Net Income": 1209465000.0,
        "Net Income Including Noncontrolling Interests": 1209465000.0,
        "Net Income Continuous Operations": 1209465000.0,
        "Tax Provision": 545200000.0,
        "Pretax Income": 1754665000.0,
        "Other Income Expense": 45751000.0,
        "Earnings From Equity Interest": 7914000.0,
        "Gain On Sale Of Security": 37837000.0,
        "Net Non Operating Interest Income Expense": -484056000.0,
        "Total Other Finance Cost": 108977000.0,
        "Interest Expense Non Operating": 415379000.0,
        "Interest Income Non Operating": 40300000.0,
        "Operating Income": 2192970000.0,
        "Operating Expense": 691478000.0,
        "Other Operating Expenses": -6810000.0,
        "Other Taxes": 35019000.0,
        "Provision For Doubtful Accounts": 71645000.0,
        "Depreciation Amortization Depletion Income Statement": 53286000.0,
        "Depreciation And Amortization In Income Statement": 53286000.0,
        "Selling General And Administration": 538338000.0,
        "Selling And Marketing Expense": 112887000.0,
        "General And Administrative Expense": 425451000.0,
        "Other Gand A": 213608000.0,
        "Salaries And Wages": 211843000.0,
        "Gross Profit": 2884448000.0,
        "Cost Of Revenue": 3865045000.0,
        "Total Revenue": 6749493000.0,
        "Excise Taxes": 457305000.0,
        "Operating Revenue": 7206798000.0
    },
    "2024-09-30": {
        "Tax Effect Of Unusual Items": -20933709.414714,
        "Tax Rate For Calcs": 0.345179,
        "Normalized EBITDA": 10502942000.0,
        "Total Unusual Items": -60646000.0,
        "Total Unusual Items Excluding Goodwill": -60646000.0,
        "Net Income From Continuing Operation Net Minority Interest": 6111883000.0,
        "Reconciled Depreciation": 592887000.0,
        "Reconciled Cost Of Revenue": 3987397000.0,
        "EBITDA": 10442296000.0,
        "EBIT": 9849409000.0,
        "Net Interest Income": -463891000.0,
        "Interest Expense": NaN,
        "Interest Income": NaN,
        "Normalized Income": 6151595290.585286,
        "Net Income From Continuing And Discontinued Operation": 6111883000.0,
        "Total Expenses": 5147433000.0,
        "Total Operating Income As Reported": 9849409000.0,
        "Diluted Average Shares": 683655817.0,
        "Basic Average Shares": 683655817.0,
        "Diluted EPS": 8.94,
        "Basic EPS": 8.94,
        "Diluted NI Availto Com Stockholders": 6111883000.0,
        "Net Income Common Stockholders": 6111883000.0,
        "Net Income": 6111883000.0,
        "Net Income Including Noncontrolling Interests": 6111883000.0,
        "Net Income Continuous Operations": 6111883000.0,
        "Tax Provision": 3221783000.0,
        "Pretax Income": 9333666000.0,
        "Other Income Expense": -51852000.0,
        "Earnings From Equity Interest": 8794000.0,
        "Gain On Sale Of Security": -60646000.0,
        "Net Non Operating Interest Income Expense": -463891000.0,
        "Total Other Finance Cost": 463891000.0,
        "Interest Expense Non Operating": NaN,
        "Interest Income Non Operating": NaN,
        "Operating Income": 9849409000.0,
        "Operating Expense": 1160036000.0,
        "Other Operating Expenses": 169685000.0,
        "Other Taxes": NaN,
        "Provision For Doubtful Accounts": 140315000.0,
        "Depreciation Amortization Depletion Income Statement": NaN,
        "Depreciation And Amortization In Income Statement": NaN,
        "Selling General And Administration": 850036000.0,
        "Selling And Marketing Expense": 198552000.0,
        "General And Administrative Expense": 651484000.0,
        "Other Gand A": 651484000.0,
        "Salaries And Wages": NaN,
        "Gross Profit": 11009445000.0,
        "Cost Of Revenue": 3987397000.0,
        "Total Revenue": 14996842000.0,
        "Excise Taxes": NaN,
        "Operating Revenue": 14996842000.0
    },
    "2024-12-31": {
        "Tax Effect Of Unusual Items": 54213128.789181,
        "Tax Rate For Calcs": 0.115978,
        "Normalized EBITDA": 3192378000.0,
        "Total Unusual Items": 467445000.0,
        "Total Unusual Items Excluding Goodwill": 467445000.0,
        "Net Income From Continuing Operation Net Minority Interest": 2258215000.0,
        "Reconciled Depreciation": 520529000.0,
        "Reconciled Cost Of Revenue": 10110693000.0,
        "EBITDA": 3659823000.0,
        "EBIT": 3139294000.0,
        "Net Interest Income": -1278699000.0,
        "Interest Expense": NaN,
        "Interest Income": NaN,
        "Normalized Income": 1844983128.789181,
        "Net Income From Continuing And Discontinued Operation": 2258215000.0,
        "Total Expenses": 11052024000.0,
        "Total Operating Income As Reported": NaN,
        "Diluted Average Shares": NaN,
        "Basic Average Shares": NaN,
        "Diluted EPS": NaN,
        "Basic EPS": NaN,
        "Diluted NI Availto Com Stockholders": 2258215000.0,
        "Net Income Common Stockholders": 2258215000.0,
        "Net Income": 2258215000.0,
        "Net Income Including Noncontrolling Interests": 2258215000.0,
        "Net Income Continuous Operations": 2258215000.0,
        "Tax Provision": 296262000.0,
        "Pretax Income": 2554477000.0,
        "Other Income Expense": 486058000.0,
        "Earnings From Equity Interest": 18613000.0,
        "Gain On Sale Of Security": 467445000.0,
        "Net Non Operating Interest Income Expense": -1278699000.0,
        "Total Other Finance Cost": NaN,
        "Interest Expense Non Operating": NaN,
        "Interest Income Non Operating": NaN,
        "Operating Income": 3347118000.0,
        "Operating Expense": 941331000.0,
        "Other Operating Expenses": 117574000.0,
        "Other Taxes": NaN,
        "Provision For Doubtful Accounts": 345829000.0,
        "Depreciation Amortization Depletion Income Statement": NaN,
        "Depreciation And Amortization In Income Statement": NaN,
        "Selling General And Administration": 936092000.0,
        "Selling And Marketing Expense": NaN,
        "General And Administrative Expense": 710022000.0,
        "Other Gand A": 438894000.0,
        "Salaries And Wages": NaN,
        "Gross Profit": 4288449000.0,
        "Cost Of Revenue": 10110693000.0,
        "Total Revenue": 14399142000.0,
        "Excise Taxes": NaN,
        "Operating Revenue": 8374391000.0
    },
    "2025-06-30": {
        "Tax Effect Of Unusual Items": 80579479.007956,
        "Tax Rate For Calcs": 0.338269,
        "Normalized EBITDA": 3529645000.0,
        "Total Unusual Items": 238211000.0,
        "Total Unusual Items Excluding Goodwill": 238211000.0,
        "Net Income From Continuing Operation Net Minority Interest": 2135962000.0,
        "Reconciled Depreciation": 55272000.0,
        "Reconciled Cost Of Revenue": 5215391000.0,
        "EBITDA": 3767856000.0,
        "EBIT": 3712584000.0,
        "Net Interest Income": -334080000.0,
        "Interest Expense": 484742000.0,
        "Interest Income": 328267000.0,
        "Normalized Income": 1978330479.007956,
        "Net Income From Continuing And Discontinued Operation": 2135962000.0,
        "Total Expenses": 5653999000.0,
        "Total Operating Income As Reported": NaN,
        "Diluted Average Shares": 683509869.0,
        "Basic Average Shares": 683509869.0,
        "Diluted EPS": 3.12,
        "Basic EPS": 3.12,
        "Diluted NI Availto Com Stockholders": 2135962000.0,
        "Net Income Common Stockholders": 2135962000.0,
        "Net Income": 2135962000.0,
        "Net Income Including Noncontrolling Interests": 2135962000.0,
        "Net Income Continuous Operations": 2135962000.0,
        "Tax Provision": 1091880000.0,
        "Pretax Income": 3227842000.0,
        "Other Income Expense": 251391000.0,
        "Earnings From Equity Interest": 13180000.0,
        "Gain On Sale Of Security": 238211000.0,
        "Net Non Operating Interest Income Expense": -334080000.0,
        "Total Other Finance Cost": 177605000.0,
        "Interest Expense Non Operating": 484742000.0,
        "Interest Income Non Operating": 328267000.0,
        "Operating Income": 3310531000.0,
        "Operating Expense": 438608000.0,
        "Other Operating Expenses": -29315000.0,
        "Other Taxes": 46927000.0,
        "Provision For Doubtful Accounts": 187392000.0,
        "Depreciation Amortization Depletion Income Statement": 55272000.0,
        "Depreciation And Amortization In Income Statement": 55272000.0,
        "Selling General And Administration": 178332000.0,
        "Selling And Marketing Expense": 102005000.0,
        "General And Administrative Expense": 76327000.0,
        "Other Gand A": -147912000.0,
        "Salaries And Wages": 224239000.0,
        "Gross Profit": 3749139000.0,
        "Cost Of Revenue": 5215391000.0,
        "Total Revenue": 8964530000.0,
        "Excise Taxes": 373892000.0,
        "Operating Revenue": 9066215000.0
    }
}