{
    "2023-03-31": {
        "Tax Effect Of Unusual Items": NaN,
        "Tax Rate For Calcs": NaN,
        "Normalized EBITDA": NaN,
        "Total Unusual Items": NaN,
        "Total Unusual Items Excluding Goodwill": NaN,
        "Net Income From Continuing Operation Net Minority Interest": NaN,
        "Reconciled Depreciation": NaN,
        "Reconciled Cost Of Revenue": NaN,
        "EBITDA": NaN,
        "EBIT": NaN,
        "Net Interest Income": NaN,
        "Interest Expense": NaN,
        "Normalized Income": NaN,
        "Net Income From Continuing And Discontinued Operation": NaN,
        "Total Expenses": NaN,
        "Total Operating Income As Reported": NaN,
        "Diluted Average Shares": NaN,
        "Basic Average Shares": NaN,
        "Diluted EPS": NaN,
        "Basic EPS": NaN,
        "Diluted NI Availto Com Stockholders": NaN,
        "Net Income Common Stockholders": NaN,
        "Net Income": NaN,
        "Minority Interests": NaN,
        "Net Income Including Noncontrolling Interests": NaN,
        "Net Income Continuous Operations": NaN,
        "Tax Provision": NaN,
        "Pretax Income": NaN,
        "Other Income Expense": NaN,
        "Other Non Operating Income Expenses": NaN,
        "Special Income Charges": NaN,
        "Gain On Sale Of Ppe": NaN,
        "Gain On Sale Of Business": 691000.0,
        "Other Special Charges": 1060000.0,
        "Write Off": NaN,
        "Net Non Operating Interest Income Expense": NaN,
        "Interest Expense Non Operating": NaN,
        "Operating Income": NaN,
        "Operating Expense": NaN,
        "Selling General And Administration": NaN,
        "General And Administrative Expense": NaN,
        "Other Gand A": NaN,
        "Gross Profit": NaN,
        "Cost Of Revenue": NaN,
        "Total Revenue": NaN,
        "Operating Revenue": NaN
    },
    "2022-12-31": {
        "Tax Effect Of Unusual Items": NaN,
        "Tax Rate For Calcs": NaN,
        "Normalized EBITDA": NaN,
        "Total Unusual Items": NaN,
        "Total Unusual Items Excluding Goodwill": NaN,
        "Net Income From Continuing Operation Net Minority Interest": NaN,
        "Reconciled Depreciation": NaN,
        "Reconciled Cost Of Revenue": NaN,
        "EBITDA": NaN,
        "EBIT": NaN,
        "Net Interest Income": NaN,
        "Interest Expense": NaN,
        "Normalized Income": NaN,
        "Net Income From Continuing And Discontinued Operation": NaN,
        "Total Expenses": NaN,
        "Total Operating Income As Reported": NaN,
        "Diluted Average Shares": NaN,
        "Basic Average Shares": NaN,
        "Diluted EPS": NaN,
        "Basic EPS": NaN,
        "Diluted NI Availto Com Stockholders": NaN,
        "Net Income Common Stockholders": NaN,
        "Net Income": NaN,
        "Minority Interests": NaN,
        "Net Income Including Noncontrolling Interests": NaN,
        "Net Income Continuous Operations": NaN,
        "Tax Provision": NaN,
        "Pretax Income": NaN,
        "Other Income Expense": NaN,
        "Other Non Operating Income Expenses": NaN,
        "Special Income Charges": NaN,
        "Gain On Sale Of Ppe": NaN,
        "Gain On Sale Of Business": NaN,
        "Other Special Charges": 0.0,
        "Write Off": 655000.0,
        "Net Non Operating Interest Income Expense": NaN,
        "Interest Expense Non Operating": NaN,
        "Operating Income": NaN,
        "Operating Expense": NaN,
        "Selling General And Administration": NaN,
        "General And Administrative Expense": NaN,
        "Other Gand A": NaN,
        "Gross Profit": NaN,
        "Cost Of Revenue": NaN,
        "Total Revenue": NaN,
        "Operating Revenue": NaN
    },
    "2022-09-30": {
        "Tax Effect Of Unusual Items": NaN,
        "Tax Rate For Calcs": NaN,
        "Normalized EBITDA": NaN,
        "Total Unusual Items": NaN,
        "Total Unusual Items Excluding Goodwill": NaN,
        "Net Income From Continuing Operation Net Minority Interest": NaN,
        "Reconciled Depreciation": NaN,
        "Reconciled Cost Of Revenue": NaN,
        "EBITDA": NaN,
        "EBIT": NaN,
        "Net Interest Income": NaN,
        "Interest Expense": NaN,
        "Normalized Income": NaN,
        "Net Income From Continuing And Discontinued Operation": NaN,
        "Total Expenses": NaN,
        "Total Operating Income As Reported": NaN,
        "Diluted Average Shares": NaN,
        "Basic Average Shares": NaN,
        "Diluted EPS": NaN,
        "Basic EPS": NaN,
        "Diluted NI Availto Com Stockholders": NaN,
        "Net Income Common Stockholders": NaN,
        "Net Income": NaN,
        "Minority Interests": NaN,
        "Net Income Including Noncontrolling Interests": NaN,
        "Net Income Continuous Operations": NaN,
        "Tax Provision": NaN,
        "Pretax Income": NaN,
        "Other Income Expense": NaN,
        "Other Non Operating Income Expenses": NaN,
        "Special Income Charges": NaN,
        "Gain On Sale Of Ppe": NaN,
        "Other Special Charges": NaN,
        "Write Off": 0.0,
        "Net Non Operating Interest Income Expense": NaN,
        "Interest Expense Non Operating": NaN,
        "Operating Income": NaN,
        "Operating Expense": NaN,
        "Selling General And Administration": NaN,
        "General And Administrative Expense": NaN,
        "Other Gand A": NaN,
        "Gross Profit": NaN,
        "Cost Of Revenue": NaN,
        "Total Revenue": NaN,
        "Operating Revenue": NaN
    },
    "2022-06-30": {
        "Tax Effect Of Unusual Items": -235543.0,
        "Tax Rate For Calcs": 0.253,
        "Normalized EBITDA": 219821000.0,
        "Total Unusual Items": -931000.0,
        "Total Unusual Items Excluding Goodwill": -931000.0,
        "Net Income From Continuing Operation Net Minority Interest": 132670000.0,
        "Reconciled Depreciation": 70680000.0,
        "Reconciled Cost Of Revenue": 724210000.0,
        "EBITDA": 218890000.0,
        "EBIT": 218890000.0,
        "Net Interest Income": -40571000.0,
        "Interest Expense": 40571000.0,
        "Normalized Income": 133365457.0,
        "Net Income From Continuing And Discontinued Operation": 132670000.0,
        "Total Expenses": 769931000.0,
        "Total Operating Income As Reported": 221218000.0,
        "Diluted Average Shares": 161290000.0,
        "Basic Average Shares": 158705000.0,
        "Diluted EPS": 0.82,
        "Basic EPS": 0.84,
        "Diluted NI Availto Com Stockholders": 132670000.0,
        "Net Income Common Stockholders": 132670000.0,
        "Net Income": 132670000.0,
        "Minority Interests": -476000.0,
        "Net Income Including Noncontrolling Interests": 133146000.0,
        "Net Income Continuous Operations": 133146000.0,
        "Tax Provision": 45173000.0,
        "Pretax Income": 178319000.0,
        "Other Income Expense": -2034000.0,
        "Other Non Operating Income Expenses": -1103000.0,
        "Special Income Charges": -931000.0,
        "Gain On Sale Of Ppe": 294000.0,
        "Other Special Charges": 1225000.0,
        "Write Off": 94000.0,
        "Net Non Operating Interest Income Expense": -40571000.0,
        "Interest Expense Non Operating": 40571000.0,
        "Operating Income": 220924000.0,
        "Operating Expense": 45721000.0,
        "Selling General And Administration": 45721000.0,
        "General And Administrative Expense": 45721000.0,
        "Other Gand A": 45721000.0,
        "Gross Profit": 266645000.0,
        "Cost Of Revenue": 724210000.0,
        "Total Revenue": 990855000.0,
        "Operating Revenue": 990855000.0
    },
    "2023-06-30": {
        "Tax Effect Of Unusual Items": NaN,
        "Tax Rate For Calcs": NaN,
        "Normalized EBITDA": NaN,
        "Total Unusual Items": NaN,
        "Total Unusual Items Excluding Goodwill": NaN,
        "Net Income From Continuing Operation Net Minority Interest": NaN,
        "Reconciled Depreciation": NaN,
        "Reconciled Cost Of Revenue": NaN,
        "EBITDA": NaN,
        "EBIT": NaN,
        "Net Interest Income": NaN,
        "Interest Expense": NaN,
        "Normalized Income": NaN,
        "Net Income From Continuing And Discontinued Operation": NaN,
        "Total Expenses": NaN,
        "Total Operating Income As Reported": NaN,
        "Diluted Average Shares": NaN,
        "Basic Average Shares": NaN,
        "Diluted EPS": NaN,
        "Basic EPS": NaN,
        "Diluted NI Availto Com Stockholders": NaN,
        "Net Income Common Stockholders": NaN,
        "Net Income": NaN,
        "Minority Interests": NaN,
        "Net Income Including Noncontrolling Interests": NaN,
        "Net Income Continuous Operations": NaN,
        "Tax Provision": NaN,
        "Pretax Income": NaN,
        "Other Income Expense": NaN,
        "Other Non Operating Income Expenses": NaN,
        "Special Income Charges": NaN,
        "Gain On Sale Of Ppe": NaN,
        "Gain On Sale Of Business": 6954000.0,
        "Other Special Charges": 54000.0,
        "Write Off": 0.0,
        "Net Non Operating Interest Income Expense": NaN,
        "Interest Expense Non Operating": NaN,
        "Operating Income": NaN,
        "Operating Expense": NaN,
        "Selling General And Administration": NaN,
        "General And Administrative Expense": NaN,
        "Other Gand A": NaN,
        "Gross Profit": NaN,
        "Cost Of Revenue": NaN,
        "Total Revenue": NaN,
        "Operating Revenue": NaN
    },
    "2022-03-31": {
        "Diluted EPS": 1.34,
        "Total Revenue": NaN,
        "Gross Profit": 377,
        "Operating Income": 336,
        "EBIT": 410,
        "Net Income": 220
    },
    "2021-12-31": {
        "Diluted EPS": 1.24,
        "Total Revenue": NaN,
        "Gross Profit": 329,
        "Operating Income": 298,
        "EBIT": 368,
        "Net Income": 207
    },
    "2021-09-30": {
        "Diluted EPS": 1.23,
        "Total Revenue": NaN,
        "Gross Profit": 338,
        "Operating Income": 304,
        "EBIT": 374,
        "Net Income": 210
    },
    "2021-06-30": {
        "Diluted EPS": 0.92,
        "Total Revenue": 988,
        "Gross Profit": 273,
        "Operating Income": 246,
        "EBIT": 316,
        "Net Income": 158
    },
    "2021-03-31": {
        "Diluted EPS": 1.33,
        "Total Revenue": NaN,
        "Gross Profit": 382,
        "Operating Income": 342,
        "EBIT": 417,
        "Net Income": 229
    },
    "2020-12-31": {
        "Diluted EPS": 1.12,
        "Total Revenue": 970,
        "Gross Profit": 331,
        "Operating Income": 285,
        "EBIT": 355,
        "Net Income": 201
    },
    "2020-09-30": {
        "Diluted EPS": 0.72,
        "Total Revenue": 918,
        "Gross Profit": 264,
        "Operating Income": 223,
        "EBIT": 294,
        "Net Income": 127
    },
    "2020-06-30": {
        "Diluted EPS": 0.59,
        "Total Revenue": 820,
        "Gross Profit": 219,
        "Operating Income": 182,
        "EBIT": 247,
        "Net Income": 106
    },
    "2020-03-31": {
        "Diluted EPS": 0.45,
        "Total Revenue": 803,
        "Gross Profit": 179,
        "Operating Income": 152,
        "EBIT": 210,
        "Net Income": 82
    },
    "2019-12-31": {
        "Diluted EPS": 0.79,
        "Total Revenue": 851,
        "Gross Profit": 218,
        "Operating Income": 241,
        "EBIT": 309,
        "Net Income": 147
    },
    "2019-09-30": {
        "Diluted EPS": 0.38,
        "Total Revenue": 769,
        "Gross Profit": 160,
        "Operating Income": 129,
        "EBIT": 189,
        "Net Income": 71
    },
    "2019-06-30": {
        "Diluted EPS": 0.39,
        "Total Revenue": 813,
        "Gross Profit": 191,
        "Operating Income": 150,
        "EBIT": 213,
        "Net Income": 72
    },
    "2019-03-31": {
        "Diluted EPS": 0.43,
        "Total Revenue": 798,
        "Gross Profit": 192,
        "Operating Income": 147,
        "EBIT": 209,
        "Net Income": 79
    },
    "2018-12-31": {
        "Diluted EPS": 1.04,
        "Total Revenue": 821,
        "Gross Profit": 210,
        "Operating Income": 173,
        "EBIT": 238,
        "Net Income": 193
    },
    "2018-09-30": {
        "Diluted EPS": 0.37,
        "Total Revenue": 779,
        "Gross Profit": 166,
        "Operating Income": 132,
        "EBIT": 197,
        "Net Income": 69
    },
    "2018-06-30": {
        "Diluted EPS": 0.55,
        "Total Revenue": 796,
        "Gross Profit": 188,
        "Operating Income": 162,
        "EBIT": 226,
        "Net Income": 103
    },
    "2018-03-31": {
        "Diluted EPS": 0.43,
        "Total Revenue": 794,
        "Gross Profit": 196,
        "Operating Income": 164,
        "EBIT": 224,
        "Net Income": 82
    },
    "2017-12-31": {
        "Diluted EPS": 1.28,
        "Total Revenue": 813,
        "Gross Profit": 212,
        "Operating Income": 178,
        "EBIT": 247,
        "Net Income": 247
    },
    "2017-09-30": {
        "Diluted EPS": 0.29,
        "Total Revenue": 731,
        "Gross Profit": 150,
        "Operating Income": 109,
        "EBIT": 172,
        "Net Income": 56
    },
    "2017-06-30": {
        "Diluted EPS": 0.36,
        "Total Revenue": 773,
        "Gross Profit": 184,
        "Operating Income": 144,
        "EBIT": 207,
        "Net Income": 68
    },
    "2017-03-31": {
        "Diluted EPS": 0.91,
        "Total Revenue": 778,
        "Gross Profit": 177,
        "Operating Income": 140,
        "EBIT": 200,
        "Net Income": 175
    },
    "2016-12-31": {
        "Diluted EPS": 0.34,
        "Total Revenue": 809,
        "Gross Profit": 211,
        "Operating Income": 181,
        "EBIT": 253,
        "Net Income": 66
    },
    "2016-09-30": {
        "Diluted EPS": 0.24,
        "Total Revenue": 721,
        "Gross Profit": 141,
        "Operating Income": 114,
        "EBIT": 174,
        "Net Income": 48
    },
    "2016-06-30": {
        "Diluted EPS": 0.08,
        "Total Revenue": 751,
        "Gross Profit": 162,
        "Operating Income": 94,
        "EBIT": 155,
        "Net Income": 16
    },
    "2016-03-31": {
        "Diluted EPS": 0.24,
        "Total Revenue": 749,
        "Gross Profit": 163,
        "Operating Income": 124,
        "EBIT": 182,
        "Net Income": 47
    },
    "2015-12-31": {
        "Diluted EPS": 0.36,
        "Total Revenue": 769,
        "Gross Profit": 189,
        "Operating Income": 157,
        "EBIT": 227,
        "Net Income": 72
    },
    "2015-09-30": {
        "Diluted EPS": 0.23,
        "Total Revenue": 714,
        "Gross Profit": 142,
        "Operating Income": 125,
        "EBIT": 184,
        "Net Income": 47
    },
    "2015-06-30": {
        "Diluted EPS": 0.25,
        "Total Revenue": 754,
        "Gross Profit": 166,
        "Operating Income": 128,
        "EBIT": 187,
        "Net Income": 53
    },
    "2015-03-31": {
        "Diluted EPS": 0.3,
        "Total Revenue": 748,
        "Gross Profit": 177,
        "Operating Income": 141,
        "EBIT": 197,
        "Net Income": 61
    },
    "2014-12-31": {
        "Diluted EPS": 0.42,
        "Total Revenue": 783,
        "Gross Profit": 205,
        "Operating Income": 220,
        "EBIT": 285,
        "Net Income": 88
    },
    "2014-09-30": {
        "Diluted EPS": 0.08,
        "Total Revenue": 718,
        "Gross Profit": 148,
        "Operating Income": 135,
        "EBIT": 196,
        "Net Income": 18
    },
    "2014-06-30": {
        "Diluted EPS": 0.12,
        "Total Revenue": 747,
        "Gross Profit": 156,
        "Operating Income": 145,
        "EBIT": 205,
        "Net Income": 26
    },
    "2014-03-31": {
        "Diluted EPS": 0.19,
        "Total Revenue": 745,
        "Gross Profit": 166,
        "Operating Income": 107,
        "EBIT": 167,
        "Net Income": 41
    },
    "2013-12-31": {
        "Diluted EPS": 0.13,
        "Total Revenue": 665,
        "Gross Profit": 148,
        "Operating Income": 88,
        "EBIT": 152,
        "Net Income": 29
    },
    "2013-09-30": {
        "Diluted EPS": 0.12,
        "Total Revenue": 609,
        "Gross Profit": 116,
        "Operating Income": 83,
        "EBIT": 133,
        "Net Income": 27
    },
    "2013-06-30": {
        "Diluted EPS": 0.16,
        "Total Revenue": 624,
        "Gross Profit": 126,
        "Operating Income": 89,
        "EBIT": 137,
        "Net Income": 34
    },
    "2013-03-31": {
        "Diluted EPS": 0.27,
        "Total Revenue": 652,
        "Gross Profit": 160,
        "Operating Income": 128,
        "EBIT": 174,
        "Net Income": 58
    },
    "2012-12-31": {
        "Diluted EPS": 0.12,
        "Total Revenue": 623,
        "Gross Profit": 146,
        "Operating Income": 103,
        "EBIT": 155,
        "Net Income": 28
    },
    "2012-09-30": {
        "Diluted EPS": 0.19,
        "Total Revenue": 581,
        "Gross Profit": 121,
        "Operating Income": 95,
        "EBIT": 143,
        "Net Income": 41
    },
    "2012-06-30": {
        "Diluted EPS": 0.17,
        "Total Revenue": 597,
        "Gross Profit": 128,
        "Operating Income": 100,
        "EBIT": 148,
        "Net Income": 37
    },
    "2012-03-31": {
        "Diluted EPS": 0.22,
        "Total Revenue": 603,
        "Gross Profit": 128,
        "Operating Income": 101,
        "EBIT": 148,
        "Net Income": 48
    },
    "2011-12-31": {
        "Diluted EPS": 0.19,
        "Total Revenue": 587,
        "Gross Profit": 128,
        "Operating Income": 108,
        "EBIT": 157,
        "Net Income": 45
    },
    "2011-09-30": {
        "Diluted EPS": 0.15,
        "Total Revenue": 573,
        "Gross Profit": 107,
        "Operating Income": 78,
        "EBIT": 126,
        "Net Income": 35
    },
    "2011-06-30": {
        "Diluted EPS": 0.11,
        "Total Revenue": 577,
        "Gross Profit": 115,
        "Operating Income": 80,
        "EBIT": 126,
        "Net Income": 26
    },
    "2011-03-31": {
        "Diluted EPS": 0.16,
        "Total Revenue": 580,
        "Gross Profit": 126,
        "Operating Income": 97,
        "EBIT": 144,
        "Net Income": 39
    },
    "2010-12-31": {
        "Diluted EPS": 0.14,
        "Total Revenue": 571,
        "Gross Profit": 125,
        "Operating Income": 104,
        "EBIT": 149,
        "Net Income": 36
    },
    "2010-09-30": {
        "Diluted EPS": 0.08,
        "Total Revenue": 533,
        "Gross Profit": 103,
        "Operating Income": 68,
        "EBIT": 115,
        "Net Income": 19
    },
    "2010-06-30": {
        "Diluted EPS": 0.16,
        "Total Revenue": 555,
        "Gross Profit": 109,
        "Operating Income": 96,
        "EBIT": 141,
        "Net Income": 40
    },
    "2010-03-31": {
        "Diluted EPS": 0.12,
        "Total Revenue": 531,
        "Gross Profit": 112,
        "Operating Income": 86,
        "EBIT": 128,
        "Net Income": 31
    },
    "2009-12-31": {
        "Diluted EPS": 0.14,
        "Total Revenue": 532,
        "Gross Profit": 118,
        "Operating Income": 91,
        "EBIT": 139,
        "Net Income": 34
    },
    "2009-09-30": {
        "Diluted EPS": 0.12,
        "Total Revenue": 497,
        "Gross Profit": 101,
        "Operating Income": 78,
        "EBIT": 119,
        "Net Income": 31
    },
    "2009-06-30": {
        "Diluted EPS": 0.09,
        "Total Revenue": 514,
        "Gross Profit": 102,
        "Operating Income": 69,
        "EBIT": 110,
        "Net Income": 23
    },
    "2009-03-31": {
        "Diluted EPS": 0.14,
        "Total Revenue": 511,
        "Gross Profit": 100,
        "Operating Income": 86,
        "EBIT": 127,
        "Net Income": 35
    },
    "2023-09-30": {
        "Tax Effect Of Unusual Items": NaN,
        "Tax Rate For Calcs": NaN,
        "Normalized EBITDA": NaN,
        "Total Unusual Items": NaN,
        "Total Unusual Items Excluding Goodwill": NaN,
        "Net Income From Continuing Operation Net Minority Interest": NaN,
        "Reconciled Depreciation": NaN,
        "Reconciled Cost Of Revenue": NaN,
        "EBITDA": NaN,
        "EBIT": NaN,
        "Net Interest Income": NaN,
        "Interest Expense": NaN,
        "Normalized Income": NaN,
        "Net Income From Continuing And Discontinued Operation": NaN,
        "Total Expenses": NaN,
        "Total Operating Income As Reported": NaN,
        "Diluted Average Shares": 152289000.0,
        "Basic Average Shares": 150630000.0,
        "Diluted EPS": 0.8,
        "Basic EPS": 0.81,
        "Diluted NI Availto Com Stockholders": NaN,
        "Net Income Common Stockholders": NaN,
        "Net Income": NaN,
        "Minority Interests": NaN,
        "Net Income Including Noncontrolling Interests": NaN,
        "Net Income Continuous Operations": NaN,
        "Tax Provision": NaN,
        "Pretax Income": NaN,
        "Other Income Expense": NaN,
        "Other Non Operating Income Expenses": NaN,
        "Special Income Charges": NaN,
        "Gain On Sale Of Ppe": 2542000.0,
        "Gain On Sale Of Business": NaN,
        "Other Special Charges": NaN,
        "Write Off": 0.0,
        "Net Non Operating Interest Income Expense": NaN,
        "Interest Expense Non Operating": NaN,
        "Operating Income": NaN,
        "Operating Expense": NaN,
        "Selling General And Administration": NaN,
        "General And Administrative Expense": NaN,
        "Other Gand A": NaN,
        "Gross Profit": NaN,
        "Cost Of Revenue": NaN,
        "Total Revenue": NaN,
        "Operating Revenue": NaN
    },
    "2023-12-31": {
        "Tax Effect Of Unusual Items": NaN,
        "Tax Rate For Calcs": NaN,
        "Normalized EBITDA": NaN,
        "Total Unusual Items": NaN,
        "Total Unusual Items Excluding Goodwill": NaN,
        "Net Income From Continuing Operation Net Minority Interest": NaN,
        "Reconciled Depreciation": NaN,
        "Reconciled Cost Of Revenue": NaN,
        "EBITDA": NaN,
        "EBIT": NaN,
        "Net Interest Income": NaN,
        "Interest Expense": NaN,
        "Normalized Income": NaN,
        "Net Income From Continuing And Discontinued Operation": NaN,
        "Total Expenses": NaN,
        "Total Operating Income As Reported": NaN,
        "Diluted Average Shares": NaN,
        "Basic Average Shares": NaN,
        "Diluted EPS": NaN,
        "Basic EPS": NaN,
        "Diluted NI Availto Com Stockholders": NaN,
        "Net Income Common Stockholders": NaN,
        "Net Income": NaN,
        "Minority Interests": NaN,
        "Net Income Including Noncontrolling Interests": NaN,
        "Net Income Continuous Operations": NaN,
        "Tax Provision": NaN,
        "Pretax Income": NaN,
        "Other Income Expense": NaN,
        "Other Non Operating Income Expenses": NaN,
        "Special Income Charges": NaN,
        "Gain On Sale Of Ppe": 2356000.0,
        "Gain On Sale Of Business": NaN,
        "Other Special Charges": 0.0,
        "Write Off": 2727000.0,
        "Restructuring And Mergern Acquisition": NaN,
        "Net Non Operating Interest Income Expense": NaN,
        "Interest Expense Non Operating": NaN,
        "Operating Income": NaN,
        "Operating Expense": NaN,
        "Selling General And Administration": NaN,
        "General And Administrative Expense": NaN,
        "Other Gand A": NaN,
        "Gross Profit": NaN,
        "Cost Of Revenue": NaN,
        "Total Revenue": NaN,
        "Operating Revenue": NaN
    },
    "2024-03-31": {
        "Tax Effect Of Unusual Items": NaN,
        "Tax Rate For Calcs": NaN,
        "Normalized EBITDA": NaN,
        "Total Unusual Items": NaN,
        "Total Unusual Items Excluding Goodwill": NaN,
        "Net Income From Continuing Operation Net Minority Interest": NaN,
        "Reconciled Depreciation": NaN,
        "Reconciled Cost Of Revenue": NaN,
        "EBITDA": NaN,
        "EBIT": NaN,
        "Net Interest Income": NaN,
        "Interest Expense": NaN,
        "Normalized Income": NaN,
        "Net Income From Continuing And Discontinued Operation": NaN,
        "Total Expenses": NaN,
        "Total Operating Income As Reported": NaN,
        "Diluted Average Shares": NaN,
        "Basic Average Shares": NaN,
        "Diluted EPS": NaN,
        "Basic EPS": NaN,
        "Diluted NI Availto Com Stockholders": NaN,
        "Net Income Common Stockholders": NaN,
        "Net Income": NaN,
        "Minority Interests": NaN,
        "Net Income Including Noncontrolling Interests": NaN,
        "Net Income Continuous Operations": NaN,
        "Tax Provision": NaN,
        "Pretax Income": NaN,
        "Other Income Expense": NaN,
        "Other Non Operating Income Expenses": NaN,
        "Special Income Charges": NaN,
        "Gain On Sale Of Ppe": 395000.0,
        "Gain On Sale Of Business": -684000.0,
        "Other Special Charges": NaN,
        "Write Off": 1079000.0,
        "Restructuring And Mergern Acquisition": NaN,
        "Net Non Operating Interest Income Expense": NaN,
        "Interest Expense Non Operating": NaN,
        "Operating Income": NaN,
        "Operating Expense": NaN,
        "Selling General And Administration": NaN,
        "General And Administrative Expense": NaN,
        "Other Gand A": NaN,
        "Gross Profit": NaN,
        "Cost Of Revenue": NaN,
        "Total Revenue": NaN,
        "Operating Revenue": NaN
    },
    "2024-06-30": {
        "Tax Effect Of Unusual Items": 486772.0,
        "Tax Rate For Calcs": 0.253,
        "Normalized EBITDA": 301208000.0,
        "Total Unusual Items": 1924000.0,
        "Total Unusual Items Excluding Goodwill": 1924000.0,
        "Net Income From Continuing Operation Net Minority Interest": 118166000.0,
        "Reconciled Depreciation": 80566000.0,
        "Reconciled Cost Of Revenue": 776101000.0,
        "EBITDA": 303132000.0,
        "EBIT": 222566000.0,
        "Net Interest Income": -64384000.0,
        "Interest Expense": 64384000.0,
        "Normalized Income": 116728772.0,
        "Net Income From Continuing And Discontinued Operation": 118166000.0,
        "Total Expenses": 815099000.0,
        "Total Operating Income As Reported": 220841000.0,
        "Diluted Average Shares": 146784000.0,
        "Basic Average Shares": 145297000.0,
        "Diluted EPS": 0.81,
        "Basic EPS": 0.81,
        "Diluted NI Availto Com Stockholders": 118166000.0,
        "Net Income Common Stockholders": 118166000.0,
        "Net Income": 118166000.0,
        "Minority Interests": -54000.0,
        "Net Income Including Noncontrolling Interests": 118220000.0,
        "Net Income Continuous Operations": 118220000.0,
        "Tax Provision": 39962000.0,
        "Pretax Income": 158182000.0,
        "Other Income Expense": 3649000.0,
        "Other Non Operating Income Expenses": 1725000.0,
        "Special Income Charges": 1924000.0,
        "Gain On Sale Of Ppe": NaN,
        "Gain On Sale Of Business": 1924000.0,
        "Other Special Charges": NaN,
        "Write Off": NaN,
        "Restructuring And Mergern Acquisition": NaN,
        "Net Non Operating Interest Income Expense": -64384000.0,
        "Interest Expense Non Operating": 64384000.0,
        "Operating Income": 218917000.0,
        "Operating Expense": 38998000.0,
        "Selling General And Administration": 38998000.0,
        "General And Administrative Expense": 38998000.0,
        "Other Gand A": 38998000.0,
        "Gross Profit": 257915000.0,
        "Cost Of Revenue": 776101000.0,
        "Total Revenue": 1034016000.0,
        "Operating Revenue": 949030000.0
    },
    "2024-09-30": {
        "Tax Effect Of Unusual Items": 736390.0,
        "Tax Rate For Calcs": 0.211,
        "Normalized EBITDA": 292025000.0,
        "Total Unusual Items": 3490000.0,
        "Total Unusual Items Excluding Goodwill": 3490000.0,
        "Net Income From Continuing Operation Net Minority Interest": 117827000.0,
        "Reconciled Depreciation": 80303000.0,
        "Reconciled Cost Of Revenue": 761319000.0,
        "EBITDA": 295515000.0,
        "EBIT": 215212000.0,
        "Net Interest Income": -65804000.0,
        "Interest Expense": 65804000.0,
        "Normalized Income": 115073390.0,
        "Net Income From Continuing And Discontinued Operation": 117827000.0,
        "Total Expenses": 805051000.0,
        "Total Operating Income As Reported": 212422000.0,
        "Diluted Average Shares": 146223000.0,
        "Basic Average Shares": 144706000.0,
        "Diluted EPS": 0.81,
        "Basic EPS": 0.81,
        "Diluted NI Availto Com Stockholders": 117827000.0,
        "Net Income Common Stockholders": 117827000.0,
        "Net Income": 117827000.0,
        "Minority Interests": -34000.0,
        "Net Income Including Noncontrolling Interests": 117861000.0,
        "Net Income Continuous Operations": 117861000.0,
        "Tax Provision": 31547000.0,
        "Pretax Income": 149408000.0,
        "Other Income Expense": 6305000.0,
        "Other Non Operating Income Expenses": 2815000.0,
        "Special Income Charges": 3490000.0,
        "Gain On Sale Of Ppe": 7445000.0,
        "Gain On Sale Of Business": NaN,
        "Other Special Charges": 25000.0,
        "Write Off": 3930000.0,
        "Restructuring And Mergern Acquisition": NaN,
        "Net Non Operating Interest Income Expense": -65804000.0,
        "Interest Expense Non Operating": 65804000.0,
        "Operating Income": 208907000.0,
        "Operating Expense": 43732000.0,
        "Selling General And Administration": 43732000.0,
        "General And Administrative Expense": 43732000.0,
        "Other Gand A": 43732000.0,
        "Gross Profit": 252639000.0,
        "Cost Of Revenue": 761319000.0,
        "Total Revenue": 1013958000.0,
        "Operating Revenue": 927304000.0
    },
    "2024-12-31": {
        "Tax Effect Of Unusual Items": -6703973.936025,
        "Tax Rate For Calcs": 0.233482,
        "Normalized EBITDA": 380279000.0,
        "Total Unusual Items": -28713000.0,
        "Total Unusual Items Excluding Goodwill": -28713000.0,
        "Net Income From Continuing Operation Net Minority Interest": 151354000.0,
        "Reconciled Depreciation": 90821000.0,
        "Reconciled Cost Of Revenue": 787133000.0,
        "EBITDA": 351566000.0,
        "EBIT": 260745000.0,
        "Net Interest Income": -63231000.0,
        "Interest Expense": 63231000.0,
        "Normalized Income": 173363026.063975,
        "Net Income From Continuing And Discontinued Operation": 151354000.0,
        "Total Expenses": 802097000.0,
        "Total Operating Income As Reported": 262213000.0,
        "Diluted Average Shares": 146189000.0,
        "Basic Average Shares": 144825000.0,
        "Diluted EPS": 1.04,
        "Basic EPS": 1.05,
        "Diluted NI Availto Com Stockholders": 151354000.0,
        "Net Income Common Stockholders": 151354000.0,
        "Net Income": 151354000.0,
        "Minority Interests": -44000.0,
        "Net Income Including Noncontrolling Interests": 151398000.0,
        "Net Income Continuous Operations": 151398000.0,
        "Tax Provision": 46116000.0,
        "Pretax Income": 197514000.0,
        "Other Income Expense": -30181000.0,
        "Other Non Operating Income Expenses": -1468000.0,
        "Special Income Charges": -28713000.0,
        "Gain On Sale Of Ppe": 1573000.0,
        "Gain On Sale Of Business": NaN,
        "Other Special Charges": 0.0,
        "Write Off": 18816000.0,
        "Restructuring And Mergern Acquisition": NaN,
        "Net Non Operating Interest Income Expense": -63231000.0,
        "Interest Expense Non Operating": 63231000.0,
        "Operating Income": 290926000.0,
        "Operating Expense": 14964000.0,
        "Selling General And Administration": 14964000.0,
        "General And Administrative Expense": 14964000.0,
        "Other Gand A": 14964000.0,
        "Gross Profit": 305890000.0,
        "Cost Of Revenue": 787133000.0,
        "Total Revenue": 1093023000.0,
        "Operating Revenue": 994746000.0
    },
    "2025-03-31": {
        "Tax Effect Of Unusual Items": 1297431.0,
        "Tax Rate For Calcs": 0.261,
        "Normalized EBITDA": 330490000.0,
        "Total Unusual Items": 4971000.0,
        "Total Unusual Items Excluding Goodwill": 4971000.0,
        "Net Income From Continuing Operation Net Minority Interest": 142880000.0,
        "Reconciled Depreciation": 80622000.0,
        "Reconciled Cost Of Revenue": 782750000.0,
        "EBITDA": 335461000.0,
        "EBIT": 254839000.0,
        "Net Interest Income": -61483000.0,
        "Interest Expense": 61483000.0,
        "Normalized Income": 139206431.0,
        "Net Income From Continuing And Discontinued Operation": 142880000.0,
        "Total Expenses": 827451000.0,
        "Total Operating Income As Reported": 251687000.0,
        "Diluted Average Shares": 145292000.0,
        "Basic Average Shares": 144116000.0,
        "Diluted EPS": 0.98,
        "Basic EPS": 0.99,
        "Diluted NI Availto Com Stockholders": 142880000.0,
        "Net Income Common Stockholders": 142880000.0,
        "Net Income": 142880000.0,
        "Minority Interests": -47000.0,
        "Net Income Including Noncontrolling Interests": 142927000.0,
        "Net Income Continuous Operations": 142927000.0,
        "Tax Provision": 50429000.0,
        "Pretax Income": 193356000.0,
        "Other Income Expense": 8123000.0,
        "Other Non Operating Income Expenses": 3152000.0,
        "Special Income Charges": 4971000.0,
        "Gain On Sale Of Ppe": 5703000.0,
        "Gain On Sale Of Business": NaN,
        "Other Special Charges": NaN,
        "Write Off": 732000.0,
        "Restructuring And Mergern Acquisition": NaN,
        "Net Non Operating Interest Income Expense": -61483000.0,
        "Interest Expense Non Operating": 61483000.0,
        "Operating Income": 246716000.0,
        "Operating Expense": 44701000.0,
        "Selling General And Administration": 44701000.0,
        "General And Administrative Expense": 44701000.0,
        "Other Gand A": 44701000.0,
        "Gross Profit": 291417000.0,
        "Cost Of Revenue": 782750000.0,
        "Total Revenue": 1074167000.0,
        "Operating Revenue": 975545000.0
    },
    "2025-06-30": {
        "Tax Effect Of Unusual Items": 626328.870008,
        "Tax Rate For Calcs": 0.251841,
        "Normalized EBITDA": 310157000.0,
        "Total Unusual Items": 2487000.0,
        "Total Unusual Items Excluding Goodwill": 2487000.0,
        "Net Income From Continuing Operation Net Minority Interest": 122865000.0,
        "Reconciled Depreciation": 84271000.0,
        "Reconciled Cost Of Revenue": 794006000.0,
        "EBITDA": 312644000.0,
        "EBIT": 228373000.0,
        "Net Interest Income": -64071000.0,
        "Interest Expense": 64071000.0,
        "Normalized Income": 121004328.870008,
        "Net Income From Continuing And Discontinued Operation": 122865000.0,
        "Total Expenses": 843472000.0,
        "Total Operating Income As Reported": 224459000.0,
        "Diluted Average Shares": 142992000.0,
        "Basic Average Shares": 141897000.0,
        "Diluted EPS": 0.86,
        "Basic EPS": 0.87,
        "Diluted NI Availto Com Stockholders": 122865000.0,
        "Net Income Common Stockholders": 122865000.0,
        "Net Income": 122865000.0,
        "Minority Interests": -59000.0,
        "Net Income Including Noncontrolling Interests": 122924000.0,
        "Net Income Continuous Operations": 122924000.0,
        "Tax Provision": 41378000.0,
        "Pretax Income": 164302000.0,
        "Other Income Expense": 6401000.0,
        "Other Non Operating Income Expenses": 3914000.0,
        "Special Income Charges": 2487000.0,
        "Gain On Sale Of Ppe": NaN,
        "Gain On Sale Of Business": 4062000.0,
        "Other Special Charges": NaN,
        "Write Off": NaN,
        "Restructuring And Mergern Acquisition": 1575000.0,
        "Net Non Operating Interest Income Expense": -64071000.0,
        "Interest Expense Non Operating": 64071000.0,
        "Operating Income": 221972000.0,
        "Operating Expense": 49466000.0,
        "Selling General And Administration": 49466000.0,
        "General And Administrative Expense": 49466000.0,
        "Other Gand A": 49466000.0,
        "Gross Profit": 271438000.0,
        "Cost Of Revenue": 794006000.0,
        "Total Revenue": 1065444000.0,
        "Operating Revenue": 956330000.0
    }
}