{
    "2023-06-30": {
        "Tax Effect Of Unusual Items": NaN,
        "Tax Rate For Calcs": NaN,
        "Normalized EBITDA": NaN,
        "Total Unusual Items": NaN,
        "Total Unusual Items Excluding Goodwill": NaN,
        "Net Income From Continuing Operation Net Minority Interest": NaN,
        "Reconciled Depreciation": NaN,
        "Reconciled Cost Of Revenue": NaN,
        "EBITDA": NaN,
        "EBIT": NaN,
        "Net Interest Income": NaN,
        "Normalized Income": NaN,
        "Net Income From Continuing And Discontinued Operation": NaN,
        "Total Expenses": NaN,
        "Total Operating Income As Reported": NaN,
        "Diluted Average Shares": NaN,
        "Basic Average Shares": NaN,
        "Diluted EPS": NaN,
        "Basic EPS": NaN,
        "Diluted NI Availto Com Stockholders": NaN,
        "Net Income Common Stockholders": NaN,
        "Net Income": NaN,
        "Net Income Including Noncontrolling Interests": NaN,
        "Net Income Continuous Operations": NaN,
        "Tax Provision": NaN,
        "Pretax Income": NaN,
        "Other Income Expense": NaN,
        "Other Non Operating Income Expenses": NaN,
        "Special Income Charges": NaN,
        "Impairment Of Capital Assets": 0.0,
        "Restructuring And Mergern Acquisition": NaN,
        "Gain On Sale Of Security": NaN,
        "Net Non Operating Interest Income Expense": NaN,
        "Total Other Finance Cost": 3865000.0,
        "Operating Income": NaN,
        "Operating Expense": NaN,
        "Other Operating Expenses": NaN,
        "Research And Development": NaN,
        "Selling General And Administration": NaN,
        "Selling And Marketing Expense": NaN,
        "General And Administrative Expense": NaN,
        "Other Gand A": NaN,
        "Salaries And Wages": -330000.0,
        "Gross Profit": NaN,
        "Cost Of Revenue": NaN,
        "Total Revenue": NaN,
        "Operating Revenue": NaN
    },
    "2023-03-31": {
        "Tax Effect Of Unusual Items": NaN,
        "Tax Rate For Calcs": NaN,
        "Normalized EBITDA": NaN,
        "Total Unusual Items": NaN,
        "Total Unusual Items Excluding Goodwill": NaN,
        "Net Income From Continuing Operation Net Minority Interest": NaN,
        "Reconciled Depreciation": NaN,
        "Reconciled Cost Of Revenue": NaN,
        "EBITDA": NaN,
        "EBIT": NaN,
        "Net Interest Income": NaN,
        "Normalized Income": NaN,
        "Net Income From Continuing And Discontinued Operation": NaN,
        "Total Expenses": NaN,
        "Total Operating Income As Reported": NaN,
        "Diluted Average Shares": NaN,
        "Basic Average Shares": NaN,
        "Diluted EPS": NaN,
        "Basic EPS": NaN,
        "Diluted NI Availto Com Stockholders": NaN,
        "Net Income Common Stockholders": NaN,
        "Net Income": NaN,
        "Net Income Including Noncontrolling Interests": NaN,
        "Net Income Continuous Operations": NaN,
        "Tax Provision": NaN,
        "Pretax Income": NaN,
        "Other Income Expense": NaN,
        "Other Non Operating Income Expenses": 333000.0,
        "Special Income Charges": NaN,
        "Impairment Of Capital Assets": NaN,
        "Restructuring And Mergern Acquisition": NaN,
        "Gain On Sale Of Security": NaN,
        "Net Non Operating Interest Income Expense": NaN,
        "Total Other Finance Cost": 2822000.0,
        "Operating Income": NaN,
        "Operating Expense": NaN,
        "Other Operating Expenses": NaN,
        "Research And Development": NaN,
        "Selling General And Administration": NaN,
        "Selling And Marketing Expense": NaN,
        "General And Administrative Expense": NaN,
        "Other Gand A": NaN,
        "Salaries And Wages": NaN,
        "Gross Profit": NaN,
        "Cost Of Revenue": NaN,
        "Total Revenue": NaN,
        "Operating Revenue": NaN
    },
    "2022-12-31": {
        "Tax Effect Of Unusual Items": NaN,
        "Tax Rate For Calcs": NaN,
        "Normalized EBITDA": NaN,
        "Total Unusual Items": NaN,
        "Total Unusual Items Excluding Goodwill": NaN,
        "Net Income From Continuing Operation Net Minority Interest": NaN,
        "Reconciled Depreciation": NaN,
        "Reconciled Cost Of Revenue": NaN,
        "EBITDA": NaN,
        "EBIT": NaN,
        "Net Interest Income": NaN,
        "Normalized Income": NaN,
        "Net Income From Continuing And Discontinued Operation": NaN,
        "Total Expenses": NaN,
        "Total Operating Income As Reported": NaN,
        "Diluted Average Shares": NaN,
        "Basic Average Shares": NaN,
        "Diluted EPS": NaN,
        "Basic EPS": NaN,
        "Diluted NI Availto Com Stockholders": NaN,
        "Net Income Common Stockholders": NaN,
        "Net Income": NaN,
        "Minority Interests": 0.0,
        "Net Income Including Noncontrolling Interests": NaN,
        "Net Income Continuous Operations": NaN,
        "Tax Provision": NaN,
        "Pretax Income": NaN,
        "Other Income Expense": NaN,
        "Other Non Operating Income Expenses": NaN,
        "Special Income Charges": NaN,
        "Impairment Of Capital Assets": 0.0,
        "Restructuring And Mergern Acquisition": NaN,
        "Gain On Sale Of Security": NaN,
        "Net Non Operating Interest Income Expense": NaN,
        "Total Other Finance Cost": NaN,
        "Operating Income": NaN,
        "Operating Expense": NaN,
        "Other Operating Expenses": NaN,
        "Research And Development": NaN,
        "Selling General And Administration": NaN,
        "Selling And Marketing Expense": NaN,
        "General And Administrative Expense": NaN,
        "Other Gand A": NaN,
        "Salaries And Wages": NaN,
        "Gross Profit": NaN,
        "Cost Of Revenue": NaN,
        "Total Revenue": NaN,
        "Operating Revenue": NaN
    },
    "2022-09-30": {
        "Tax Effect Of Unusual Items": NaN,
        "Tax Rate For Calcs": NaN,
        "Normalized EBITDA": NaN,
        "Total Unusual Items": NaN,
        "Total Unusual Items Excluding Goodwill": NaN,
        "Net Income From Continuing Operation Net Minority Interest": NaN,
        "Reconciled Depreciation": NaN,
        "Reconciled Cost Of Revenue": NaN,
        "EBITDA": NaN,
        "EBIT": NaN,
        "Net Interest Income": NaN,
        "Normalized Income": NaN,
        "Net Income From Continuing And Discontinued Operation": NaN,
        "Total Expenses": NaN,
        "Total Operating Income As Reported": NaN,
        "Diluted Average Shares": NaN,
        "Basic Average Shares": NaN,
        "Diluted EPS": NaN,
        "Basic EPS": NaN,
        "Diluted NI Availto Com Stockholders": NaN,
        "Net Income Common Stockholders": NaN,
        "Net Income": NaN,
        "Minority Interests": 0.0,
        "Net Income Including Noncontrolling Interests": NaN,
        "Net Income Continuous Operations": NaN,
        "Tax Provision": NaN,
        "Pretax Income": NaN,
        "Other Income Expense": NaN,
        "Other Non Operating Income Expenses": NaN,
        "Special Income Charges": NaN,
        "Impairment Of Capital Assets": 0.0,
        "Restructuring And Mergern Acquisition": NaN,
        "Gain On Sale Of Security": NaN,
        "Net Non Operating Interest Income Expense": NaN,
        "Total Other Finance Cost": 2221000.0,
        "Operating Income": NaN,
        "Operating Expense": NaN,
        "Research And Development": NaN,
        "Selling General And Administration": NaN,
        "Selling And Marketing Expense": NaN,
        "General And Administrative Expense": NaN,
        "Other Gand A": NaN,
        "Salaries And Wages": NaN,
        "Gross Profit": NaN,
        "Cost Of Revenue": NaN,
        "Total Revenue": NaN,
        "Operating Revenue": NaN
    },
    "2022-06-30": {
        "Tax Effect Of Unusual Items": -265237.288623,
        "Tax Rate For Calcs": 0.25046,
        "Normalized EBITDA": 79758000.0,
        "Total Unusual Items": -1059000.0,
        "Total Unusual Items Excluding Goodwill": -1059000.0,
        "Net Income From Continuing Operation Net Minority Interest": 52126000.0,
        "Reconciled Depreciation": 23337000.0,
        "Reconciled Cost Of Revenue": 620019000.0,
        "EBITDA": 78699000.0,
        "EBIT": 78699000.0,
        "Net Interest Income": -2727000.0,
        "Interest Expense": NaN,
        "Normalized Income": 52919762.711377,
        "Net Income From Continuing And Discontinued Operation": 52126000.0,
        "Total Expenses": 672934000.0,
        "Total Operating Income As Reported": 77640000.0,
        "Diluted Average Shares": 23055000.0,
        "Basic Average Shares": 22792000.0,
        "Diluted EPS": 2.26,
        "Basic EPS": 2.29,
        "Diluted NI Availto Com Stockholders": 52126000.0,
        "Net Income Common Stockholders": 52126000.0,
        "Net Income": 52126000.0,
        "Minority Interests": 0.0,
        "Net Income Including Noncontrolling Interests": 52126000.0,
        "Net Income Continuous Operations": 52126000.0,
        "Tax Provision": 17418000.0,
        "Pretax Income": 69544000.0,
        "Other Income Expense": -6428000.0,
        "Other Non Operating Income Expenses": -5369000.0,
        "Special Income Charges": -1059000.0,
        "Impairment Of Capital Assets": 978000.0,
        "Restructuring And Mergern Acquisition": 81000.0,
        "Gain On Sale Of Security": -5761000.0,
        "Net Non Operating Interest Income Expense": -2727000.0,
        "Total Other Finance Cost": 2727000.0,
        "Interest Expense Non Operating": NaN,
        "Operating Income": 78699000.0,
        "Operating Expense": 52915000.0,
        "Research And Development": 16690000.0,
        "Selling General And Administration": 36225000.0,
        "Selling And Marketing Expense": 15552000.0,
        "General And Administrative Expense": 20673000.0,
        "Other Gand A": 24079000.0,
        "Salaries And Wages": -3406000.0,
        "Gross Profit": 131614000.0,
        "Cost Of Revenue": 620019000.0,
        "Total Revenue": 751633000.0,
        "Operating Revenue": 751633000.0
    },
    "2022-03-31": {
        "Diluted EPS": 1.93,
        "Total Revenue": 675,
        "Gross Profit": 109,
        "Operating Income": 63,
        "EBIT": 86,
        "Net Income": 45
    },
    "2021-12-31": {
        "Diluted EPS": 0.74,
        "Total Revenue": 610,
        "Gross Profit": 83,
        "Operating Income": 20,
        "EBIT": 43,
        "Net Income": 17
    },
    "2021-09-30": {
        "Diluted EPS": 1.59,
        "Total Revenue": 603,
        "Gross Profit": 92,
        "Operating Income": 40,
        "EBIT": 63,
        "Net Income": 37
    },
    "2021-06-30": {
        "Diluted EPS": 1.85,
        "Total Revenue": 596,
        "Gross Profit": 112,
        "Operating Income": 57,
        "EBIT": 80,
        "Net Income": 43
    },
    "2021-03-31": {
        "Diluted EPS": 1.74,
        "Total Revenue": 538,
        "Gross Profit": 109,
        "Operating Income": 54,
        "EBIT": 76,
        "Net Income": 41
    },
    "2020-12-31": {
        "Diluted EPS": 1.3,
        "Total Revenue": 495,
        "Gross Profit": 109,
        "Operating Income": 45,
        "EBIT": 66,
        "Net Income": 30
    },
    "2020-09-30": {
        "Diluted EPS": 1.43,
        "Total Revenue": 464,
        "Gross Profit": 97,
        "Operating Income": 42,
        "EBIT": 63,
        "Net Income": 33
    },
    "2020-06-30": {
        "Diluted EPS": 1.54,
        "Total Revenue": 461,
        "Gross Profit": 98,
        "Operating Income": 45,
        "EBIT": 65,
        "Net Income": 36
    },
    "2020-03-31": {
        "Diluted EPS": 1.18,
        "Total Revenue": 450,
        "Gross Profit": 79,
        "Operating Income": 40,
        "EBIT": 60,
        "Net Income": 28
    },
    "2019-12-31": {
        "Diluted EPS": 0.94,
        "Total Revenue": 445,
        "Gross Profit": 85,
        "Operating Income": 28,
        "EBIT": 49,
        "Net Income": 22
    },
    "2019-09-30": {
        "Diluted EPS": 1.11,
        "Total Revenue": 452,
        "Gross Profit": 77,
        "Operating Income": 28,
        "EBIT": 48,
        "Net Income": 26
    },
    "2019-06-30": {
        "Diluted EPS": 1.3,
        "Total Revenue": 473,
        "Gross Profit": 93,
        "Operating Income": 41,
        "EBIT": 61,
        "Net Income": 30
    },
    "2019-03-31": {
        "Diluted EPS": 1.07,
        "Total Revenue": 489,
        "Gross Profit": 85,
        "Operating Income": 30,
        "EBIT": 49,
        "Net Income": 25
    },
    "2018-12-31": {
        "Diluted EPS": 1.02,
        "Total Revenue": 467,
        "Gross Profit": 75,
        "Operating Income": 35,
        "EBIT": 56,
        "Net Income": 24
    },
    "2018-09-30": {
        "Diluted EPS": 0.93,
        "Total Revenue": 508,
        "Gross Profit": 84,
        "Operating Income": 27,
        "EBIT": 47,
        "Net Income": 22
    },
    "2018-06-30": {
        "Diluted EPS": 1.44,
        "Total Revenue": 520,
        "Gross Profit": 90,
        "Operating Income": 45,
        "EBIT": 66,
        "Net Income": 33
    },
    "2018-03-31": {
        "Diluted EPS": 1.37,
        "Total Revenue": 499,
        "Gross Profit": 91,
        "Operating Income": 41,
        "EBIT": 61,
        "Net Income": 32
    },
    "2017-12-31": {
        "Diluted EPS": 0.81,
        "Total Revenue": 474,
        "Gross Profit": 88,
        "Operating Income": 39,
        "EBIT": 61,
        "Net Income": 19
    },
    "2017-09-30": {
        "Diluted EPS": 0.94,
        "Total Revenue": 488,
        "Gross Profit": 76,
        "Operating Income": 30,
        "EBIT": 50,
        "Net Income": 22
    },
    "2017-06-30": {
        "Diluted EPS": 1.19,
        "Total Revenue": 495,
        "Gross Profit": 90,
        "Operating Income": 39,
        "EBIT": 58,
        "Net Income": 28
    },
    "2017-03-31": {
        "Diluted EPS": 1.37,
        "Total Revenue": 468,
        "Gross Profit": 92,
        "Operating Income": 46,
        "EBIT": 65,
        "Net Income": 32
    },
    "2016-12-31": {
        "Diluted EPS": 0.35,
        "Total Revenue": 421,
        "Gross Profit": 69,
        "Operating Income": 12,
        "EBIT": 31,
        "Net Income": 8
    },
    "2016-09-30": {
        "Diluted EPS": 0.92,
        "Total Revenue": 445,
        "Gross Profit": 83,
        "Operating Income": 29,
        "EBIT": 47,
        "Net Income": 21
    },
    "2016-06-30": {
        "Diluted EPS": 1.24,
        "Total Revenue": 455,
        "Gross Profit": 93,
        "Operating Income": 43,
        "EBIT": 61,
        "Net Income": 28
    },
    "2016-03-31": {
        "Diluted EPS": 1.22,
        "Total Revenue": 446,
        "Gross Profit": 93,
        "Operating Income": 45,
        "EBIT": 63,
        "Net Income": 28
    },
    "2015-12-31": {
        "Diluted EPS": 0.56,
        "Total Revenue": 419,
        "Gross Profit": 75,
        "Operating Income": 20,
        "EBIT": 38,
        "Net Income": 13
    },
    "2015-09-30": {
        "Diluted EPS": 1.09,
        "Total Revenue": 444,
        "Gross Profit": 78,
        "Operating Income": 39,
        "EBIT": 56,
        "Net Income": 25
    },
    "2015-06-30": {
        "Diluted EPS": 0.74,
        "Total Revenue": 452,
        "Gross Profit": 80,
        "Operating Income": 29,
        "EBIT": 45,
        "Net Income": 17
    },
    "2015-03-31": {
        "Diluted EPS": 0.93,
        "Total Revenue": 460,
        "Gross Profit": 76,
        "Operating Income": 35,
        "EBIT": 51,
        "Net Income": 21
    },
    "2014-12-31": {
        "Diluted EPS": 0.27,
        "Total Revenue": 454,
        "Gross Profit": 50,
        "Operating Income": 9,
        "EBIT": 25,
        "Net Income": 6
    },
    "2014-09-30": {
        "Diluted EPS": 0.59,
        "Total Revenue": 491,
        "Gross Profit": 65,
        "Operating Income": 22,
        "EBIT": 38,
        "Net Income": 13
    },
    "2014-06-30": {
        "Diluted EPS": 1.06,
        "Total Revenue": 504,
        "Gross Profit": 72,
        "Operating Income": 37,
        "EBIT": 53,
        "Net Income": 24
    },
    "2014-03-31": {
        "Diluted EPS": 0.57,
        "Total Revenue": 477,
        "Gross Profit": 63,
        "Operating Income": 23,
        "EBIT": 39,
        "Net Income": 13
    },
    "2013-12-31": {
        "Diluted EPS": 0.47,
        "Total Revenue": 474,
        "Gross Profit": 61,
        "Operating Income": 14,
        "EBIT": 29,
        "Net Income": 11
    },
    "2013-09-30": {
        "Diluted EPS": 0.89,
        "Total Revenue": 475,
        "Gross Profit": 74,
        "Operating Income": 31,
        "EBIT": 45,
        "Net Income": 20
    },
    "2013-06-30": {
        "Diluted EPS": 0.99,
        "Total Revenue": 474,
        "Gross Profit": 74,
        "Operating Income": 36,
        "EBIT": 50,
        "Net Income": 23
    },
    "2013-03-31": {
        "Diluted EPS": 0.83,
        "Total Revenue": 457,
        "Gross Profit": 73,
        "Operating Income": 28,
        "EBIT": 42,
        "Net Income": 19
    },
    "2012-12-31": {
        "Diluted EPS": 0.68,
        "Total Revenue": 427,
        "Gross Profit": 70,
        "Operating Income": 25,
        "EBIT": 38,
        "Net Income": 16
    },
    "2012-09-30": {
        "Diluted EPS": 0.89,
        "Total Revenue": 441,
        "Gross Profit": 71,
        "Operating Income": 34,
        "EBIT": 47,
        "Net Income": 20
    },
    "2012-06-30": {
        "Diluted EPS": 0.94,
        "Total Revenue": 470,
        "Gross Profit": 73,
        "Operating Income": 35,
        "EBIT": 48,
        "Net Income": 21
    },
    "2012-03-31": {
        "Diluted EPS": 0.98,
        "Total Revenue": 465,
        "Gross Profit": 77,
        "Operating Income": 35,
        "EBIT": 48,
        "Net Income": 22
    },
    "2011-12-31": {
        "Diluted EPS": 0.59,
        "Total Revenue": 444,
        "Gross Profit": 60,
        "Operating Income": 21,
        "EBIT": 33,
        "Net Income": 14
    },
    "2011-09-30": {
        "Diluted EPS": 0.85,
        "Total Revenue": 499,
        "Gross Profit": 64,
        "Operating Income": 33,
        "EBIT": 45,
        "Net Income": 19
    },
    "2011-06-30": {
        "Diluted EPS": 0.94,
        "Total Revenue": 477,
        "Gross Profit": 70,
        "Operating Income": 34,
        "EBIT": 46,
        "Net Income": 21
    },
    "2011-03-31": {
        "Diluted EPS": 0.84,
        "Total Revenue": 423,
        "Gross Profit": 62,
        "Operating Income": 30,
        "EBIT": 41,
        "Net Income": 19
    },
    "2010-12-31": {
        "Diluted EPS": 0.38,
        "Total Revenue": 361,
        "Gross Profit": 51,
        "Operating Income": 13,
        "EBIT": 25,
        "Net Income": 8
    },
    "2010-09-30": {
        "Diluted EPS": 0.87,
        "Total Revenue": 367,
        "Gross Profit": 58,
        "Operating Income": 31,
        "EBIT": 41,
        "Net Income": 19
    },
    "2010-06-30": {
        "Diluted EPS": 0.77,
        "Total Revenue": 367,
        "Gross Profit": 63,
        "Operating Income": 30,
        "EBIT": 39,
        "Net Income": 17
    },
    "2010-03-31": {
        "Diluted EPS": 0.94,
        "Total Revenue": 337,
        "Gross Profit": 64,
        "Operating Income": 34,
        "EBIT": 43,
        "Net Income": 21
    },
    "2009-12-31": {
        "Diluted EPS": 0.39,
        "Total Revenue": 311,
        "Gross Profit": 50,
        "Operating Income": 14,
        "EBIT": 24,
        "Net Income": 8
    },
    "2009-09-30": {
        "Diluted EPS": 0.9,
        "Total Revenue": 326,
        "Gross Profit": 69,
        "Operating Income": 34,
        "EBIT": 43,
        "Net Income": 20
    },
    "2009-06-30": {
        "Diluted EPS": 0.92,
        "Total Revenue": 321,
        "Gross Profit": 66,
        "Operating Income": 31,
        "EBIT": 40,
        "Net Income": 20
    },
    "2009-03-31": {
        "Diluted EPS": 0.72,
        "Total Revenue": 318,
        "Gross Profit": 49,
        "Operating Income": 26,
        "EBIT": 35,
        "Net Income": 15
    },
    "2023-09-30": {
        "Tax Effect Of Unusual Items": NaN,
        "Tax Rate For Calcs": NaN,
        "Normalized EBITDA": NaN,
        "Total Unusual Items": NaN,
        "Total Unusual Items Excluding Goodwill": NaN,
        "Net Income From Continuing Operation Net Minority Interest": NaN,
        "Reconciled Depreciation": NaN,
        "Reconciled Cost Of Revenue": NaN,
        "EBITDA": NaN,
        "EBIT": NaN,
        "Net Interest Income": NaN,
        "Normalized Income": NaN,
        "Net Income From Continuing And Discontinued Operation": NaN,
        "Total Expenses": NaN,
        "Total Operating Income As Reported": NaN,
        "Diluted Average Shares": NaN,
        "Basic Average Shares": NaN,
        "Diluted EPS": NaN,
        "Basic EPS": NaN,
        "Diluted NI Availto Com Stockholders": NaN,
        "Net Income Common Stockholders": NaN,
        "Net Income": NaN,
        "Net Income Including Noncontrolling Interests": NaN,
        "Net Income Continuous Operations": NaN,
        "Tax Provision": NaN,
        "Pretax Income": NaN,
        "Other Income Expense": NaN,
        "Other Non Operating Income Expenses": NaN,
        "Special Income Charges": NaN,
        "Impairment Of Capital Assets": 0.0,
        "Restructuring And Mergern Acquisition": NaN,
        "Gain On Sale Of Security": NaN,
        "Net Non Operating Interest Income Expense": NaN,
        "Total Other Finance Cost": 2987000.0,
        "Operating Income": NaN,
        "Operating Expense": NaN,
        "Other Operating Expenses": NaN,
        "Research And Development": NaN,
        "Selling General And Administration": NaN,
        "Selling And Marketing Expense": NaN,
        "General And Administrative Expense": NaN,
        "Other Gand A": NaN,
        "Salaries And Wages": -3101000.0,
        "Gross Profit": NaN,
        "Cost Of Revenue": NaN,
        "Total Revenue": NaN,
        "Operating Revenue": NaN
    },
    "2023-12-31": {
        "Tax Effect Of Unusual Items": NaN,
        "Tax Rate For Calcs": NaN,
        "Normalized EBITDA": NaN,
        "Total Unusual Items": NaN,
        "Total Unusual Items Excluding Goodwill": NaN,
        "Net Income From Continuing Operation Net Minority Interest": NaN,
        "Reconciled Depreciation": NaN,
        "Reconciled Cost Of Revenue": NaN,
        "EBITDA": NaN,
        "EBIT": NaN,
        "Net Interest Income": NaN,
        "Normalized Income": NaN,
        "Net Income From Continuing And Discontinued Operation": NaN,
        "Total Expenses": NaN,
        "Total Operating Income As Reported": NaN,
        "Diluted Average Shares": NaN,
        "Basic Average Shares": NaN,
        "Diluted EPS": NaN,
        "Basic EPS": NaN,
        "Diluted NI Availto Com Stockholders": NaN,
        "Net Income Common Stockholders": NaN,
        "Net Income": NaN,
        "Net Income Including Noncontrolling Interests": NaN,
        "Net Income Continuous Operations": NaN,
        "Tax Provision": NaN,
        "Pretax Income": NaN,
        "Other Income Expense": NaN,
        "Other Non Operating Income Expenses": -964000.0,
        "Special Income Charges": -8179000.0,
        "Impairment Of Capital Assets": 2038000.0,
        "Restructuring And Mergern Acquisition": 6141000.0,
        "Gain On Sale Of Security": NaN,
        "Net Non Operating Interest Income Expense": NaN,
        "Total Other Finance Cost": NaN,
        "Operating Income": NaN,
        "Operating Expense": NaN,
        "Other Operating Expenses": NaN,
        "Research And Development": NaN,
        "Selling General And Administration": NaN,
        "Selling And Marketing Expense": NaN,
        "General And Administrative Expense": NaN,
        "Other Gand A": NaN,
        "Salaries And Wages": 5227000.0,
        "Gross Profit": NaN,
        "Cost Of Revenue": NaN,
        "Total Revenue": NaN,
        "Operating Revenue": NaN
    },
    "2024-03-31": {
        "Tax Effect Of Unusual Items": 558416.443988,
        "Tax Rate For Calcs": 0.286074,
        "Normalized EBITDA": 45821000.0,
        "Total Unusual Items": 1952000.0,
        "Total Unusual Items Excluding Goodwill": 1952000.0,
        "Net Income From Continuing Operation Net Minority Interest": 13893000.0,
        "Reconciled Depreciation": 27604000.0,
        "Reconciled Cost Of Revenue": 481137000.0,
        "EBITDA": 47773000.0,
        "EBIT": 20169000.0,
        "Net Interest Income": -3071000.0,
        "Normalized Income": 12499416.443988,
        "Net Income From Continuing And Discontinued Operation": 13893000.0,
        "Total Expenses": 531249000.0,
        "Total Operating Income As Reported": 20169000.0,
        "Diluted Average Shares": 22948000.0,
        "Basic Average Shares": 22824000.0,
        "Diluted EPS": 0.61,
        "Basic EPS": 0.61,
        "Diluted NI Availto Com Stockholders": 13893000.0,
        "Net Income Common Stockholders": 13893000.0,
        "Net Income": 13893000.0,
        "Net Income Including Noncontrolling Interests": 13893000.0,
        "Net Income Continuous Operations": 13893000.0,
        "Tax Provision": 5567000.0,
        "Pretax Income": 19460000.0,
        "Other Income Expense": 2362000.0,
        "Other Non Operating Income Expenses": 410000.0,
        "Special Income Charges": 0.0,
        "Impairment Of Capital Assets": NaN,
        "Restructuring And Mergern Acquisition": 0.0,
        "Gain On Sale Of Security": 1952000.0,
        "Net Non Operating Interest Income Expense": -3071000.0,
        "Total Other Finance Cost": 3071000.0,
        "Operating Income": 20169000.0,
        "Operating Expense": 50112000.0,
        "Other Operating Expenses": 1778000.0,
        "Research And Development": 14256000.0,
        "Selling General And Administration": 34078000.0,
        "Selling And Marketing Expense": 11388000.0,
        "General And Administrative Expense": 22690000.0,
        "Other Gand A": 22690000.0,
        "Salaries And Wages": 1778000.0,
        "Gross Profit": 70281000.0,
        "Cost Of Revenue": 481137000.0,
        "Total Revenue": 551418000.0,
        "Operating Revenue": 551418000.0
    },
    "2024-06-30": {
        "Tax Effect Of Unusual Items": 164430.0,
        "Tax Rate For Calcs": 0.21,
        "Normalized EBITDA": 46311000.0,
        "Total Unusual Items": 783000.0,
        "Total Unusual Items Excluding Goodwill": 783000.0,
        "Net Income From Continuing Operation Net Minority Interest": 9521000.0,
        "Reconciled Depreciation": 28010000.0,
        "Reconciled Cost Of Revenue": 486853000.0,
        "EBITDA": 47094000.0,
        "EBIT": 19084000.0,
        "Net Interest Income": -2661000.0,
        "Normalized Income": 8902430.0,
        "Net Income From Continuing And Discontinued Operation": 9521000.0,
        "Total Expenses": 537321000.0,
        "Total Operating Income As Reported": 18667000.0,
        "Diluted Average Shares": 22936000.0,
        "Basic Average Shares": 22827000.0,
        "Diluted EPS": 0.42,
        "Basic EPS": 0.42,
        "Diluted NI Availto Com Stockholders": 9521000.0,
        "Net Income Common Stockholders": 9521000.0,
        "Net Income": 9521000.0,
        "Net Income Including Noncontrolling Interests": 9521000.0,
        "Net Income Continuous Operations": 9521000.0,
        "Tax Provision": 7685000.0,
        "Pretax Income": 17206000.0,
        "Other Income Expense": 783000.0,
        "Other Non Operating Income Expenses": NaN,
        "Special Income Charges": 0.0,
        "Impairment Of Capital Assets": NaN,
        "Restructuring And Mergern Acquisition": 0.0,
        "Gain On Sale Of Security": 783000.0,
        "Net Non Operating Interest Income Expense": -2661000.0,
        "Total Other Finance Cost": 2661000.0,
        "Operating Income": 19084000.0,
        "Operating Expense": 50468000.0,
        "Other Operating Expenses": 395000.0,
        "Research And Development": 14093000.0,
        "Selling General And Administration": 35980000.0,
        "Selling And Marketing Expense": 11828000.0,
        "General And Administrative Expense": 24152000.0,
        "Other Gand A": 24569000.0,
        "Salaries And Wages": -417000.0,
        "Gross Profit": 69552000.0,
        "Cost Of Revenue": 486853000.0,
        "Total Revenue": 556405000.0,
        "Operating Revenue": 556405000.0
    },
    "2024-09-30": {
        "Tax Effect Of Unusual Items": 121170.0,
        "Tax Rate For Calcs": 0.21,
        "Normalized EBITDA": 51434000.0,
        "Total Unusual Items": 577000.0,
        "Total Unusual Items Excluding Goodwill": 577000.0,
        "Net Income From Continuing Operation Net Minority Interest": 23606000.0,
        "Reconciled Depreciation": 28062000.0,
        "Reconciled Cost Of Revenue": 471157000.0,
        "EBITDA": 52011000.0,
        "EBIT": 23949000.0,
        "Net Interest Income": -3621000.0,
        "Normalized Income": 23150170.0,
        "Net Income From Continuing And Discontinued Operation": 23606000.0,
        "Total Expenses": 522893000.0,
        "Total Operating Income As Reported": 23949000.0,
        "Diluted Average Shares": 22923000.0,
        "Basic Average Shares": 22836000.0,
        "Diluted EPS": 1.03,
        "Basic EPS": 1.03,
        "Diluted NI Availto Com Stockholders": 23606000.0,
        "Net Income Common Stockholders": 23606000.0,
        "Net Income": 23606000.0,
        "Net Income Including Noncontrolling Interests": 23606000.0,
        "Net Income Continuous Operations": 23606000.0,
        "Tax Provision": -2289000.0,
        "Pretax Income": 21317000.0,
        "Other Income Expense": 989000.0,
        "Other Non Operating Income Expenses": 412000.0,
        "Special Income Charges": 0.0,
        "Impairment Of Capital Assets": NaN,
        "Restructuring And Mergern Acquisition": 0.0,
        "Gain On Sale Of Security": 577000.0,
        "Net Non Operating Interest Income Expense": -3621000.0,
        "Total Other Finance Cost": 3621000.0,
        "Operating Income": 23949000.0,
        "Operating Expense": 51736000.0,
        "Other Operating Expenses": 556000.0,
        "Research And Development": 13532000.0,
        "Selling General And Administration": 37648000.0,
        "Selling And Marketing Expense": 11394000.0,
        "General And Administrative Expense": 26254000.0,
        "Other Gand A": 26254000.0,
        "Salaries And Wages": NaN,
        "Gross Profit": 75685000.0,
        "Cost Of Revenue": 471157000.0,
        "Total Revenue": 546842000.0,
        "Operating Revenue": 546842000.0
    },
    "2024-12-31": {
        "Tax Effect Of Unusual Items": -27930.0,
        "Tax Rate For Calcs": 0.21,
        "Normalized EBITDA": 45773000.0,
        "Total Unusual Items": -133000.0,
        "Total Unusual Items Excluding Goodwill": -133000.0,
        "Net Income From Continuing Operation Net Minority Interest": 3350000.0,
        "Reconciled Depreciation": 28521000.0,
        "Reconciled Cost Of Revenue": 468913000.0,
        "EBITDA": 45640000.0,
        "EBIT": 17119000.0,
        "Net Interest Income": -4829000.0,
        "Normalized Income": 3455070.0,
        "Net Income From Continuing And Discontinued Operation": 3350000.0,
        "Total Expenses": 517562000.0,
        "Total Operating Income As Reported": 7695000.0,
        "Diluted Average Shares": 22912000.0,
        "Basic Average Shares": 22841000.0,
        "Diluted EPS": 0.15,
        "Basic EPS": 0.15,
        "Diluted NI Availto Com Stockholders": 3350000.0,
        "Net Income Common Stockholders": 3350000.0,
        "Net Income": 3350000.0,
        "Net Income Including Noncontrolling Interests": 3350000.0,
        "Net Income Continuous Operations": 3350000.0,
        "Tax Provision": -894000.0,
        "Pretax Income": 2456000.0,
        "Other Income Expense": -762000.0,
        "Other Non Operating Income Expenses": -629000.0,
        "Special Income Charges": 0.0,
        "Impairment Of Capital Assets": NaN,
        "Restructuring And Mergern Acquisition": 0.0,
        "Gain On Sale Of Security": -133000.0,
        "Net Non Operating Interest Income Expense": -4829000.0,
        "Total Other Finance Cost": NaN,
        "Operating Income": 8047000.0,
        "Operating Expense": 48649000.0,
        "Other Operating Expenses": -926000.0,
        "Research And Development": 13793000.0,
        "Selling General And Administration": 35782000.0,
        "Selling And Marketing Expense": 11018000.0,
        "General And Administrative Expense": 24764000.0,
        "Other Gand A": 24764000.0,
        "Salaries And Wages": NaN,
        "Gross Profit": 56696000.0,
        "Cost Of Revenue": 468913000.0,
        "Total Revenue": 525609000.0,
        "Operating Revenue": 525609000.0
    },
    "2025-03-31": {
        "Tax Effect Of Unusual Items": 49602.294843,
        "Tax Rate For Calcs": 0.200819,
        "Normalized EBITDA": 57311000.0,
        "Total Unusual Items": 247000.0,
        "Total Unusual Items Excluding Goodwill": 247000.0,
        "Net Income From Continuing Operation Net Minority Interest": 19711000.0,
        "Reconciled Depreciation": 29270000.0,
        "Reconciled Cost Of Revenue": 517792000.0,
        "EBITDA": 57558000.0,
        "EBIT": 28288000.0,
        "Net Interest Income": -4126000.0,
        "Normalized Income": 19513602.294843,
        "Net Income From Continuing And Discontinued Operation": 19711000.0,
        "Total Expenses": 564967000.0,
        "Total Operating Income As Reported": 28288000.0,
        "Diluted Average Shares": 22890000.0,
        "Basic Average Shares": 22867000.0,
        "Diluted EPS": 0.86,
        "Basic EPS": 0.86,
        "Diluted NI Availto Com Stockholders": 19711000.0,
        "Net Income Common Stockholders": 19711000.0,
        "Net Income": 19711000.0,
        "Net Income Including Noncontrolling Interests": 19711000.0,
        "Net Income Continuous Operations": 19711000.0,
        "Tax Provision": 4953000.0,
        "Pretax Income": 24664000.0,
        "Other Income Expense": 502000.0,
        "Other Non Operating Income Expenses": 255000.0,
        "Special Income Charges": NaN,
        "Impairment Of Capital Assets": NaN,
        "Restructuring And Mergern Acquisition": NaN,
        "Gain On Sale Of Security": 247000.0,
        "Net Non Operating Interest Income Expense": -4126000.0,
        "Total Other Finance Cost": 4126000.0,
        "Operating Income": 28288000.0,
        "Operating Expense": 47175000.0,
        "Other Operating Expenses": -996000.0,
        "Research And Development": 14649000.0,
        "Selling General And Administration": 33522000.0,
        "Selling And Marketing Expense": 12108000.0,
        "General And Administrative Expense": 21414000.0,
        "Other Gand A": 21414000.0,
        "Salaries And Wages": NaN,
        "Gross Profit": 75463000.0,
        "Cost Of Revenue": 517792000.0,
        "Total Revenue": 593255000.0,
        "Operating Revenue": 593255000.0
    }
}