{
    "2023-05-31": {
        "Tax Effect Of Unusual Items": NaN,
        "Tax Rate For Calcs": NaN,
        "Normalized EBITDA": NaN,
        "Total Unusual Items": NaN,
        "Total Unusual Items Excluding Goodwill": NaN,
        "Net Income From Continuing Operation Net Minority Interest": NaN,
        "Reconciled Depreciation": NaN,
        "Reconciled Cost Of Revenue": NaN,
        "EBITDA": NaN,
        "EBIT": NaN,
        "Net Interest Income": NaN,
        "Interest Expense": NaN,
        "Normalized Income": NaN,
        "Net Income From Continuing And Discontinued Operation": NaN,
        "Total Expenses": NaN,
        "Total Operating Income As Reported": NaN,
        "Diluted Average Shares": NaN,
        "Basic Average Shares": NaN,
        "Diluted EPS": NaN,
        "Basic EPS": NaN,
        "Diluted NI Availto Com Stockholders": NaN,
        "Net Income Common Stockholders": NaN,
        "Otherunder Preferred Stock Dividend": NaN,
        "Net Income": NaN,
        "Net Income Including Noncontrolling Interests": NaN,
        "Net Income Continuous Operations": NaN,
        "Tax Provision": NaN,
        "Pretax Income": NaN,
        "Other Income Expense": NaN,
        "Other Non Operating Income Expenses": NaN,
        "Special Income Charges": NaN,
        "Restructuring And Mergern Acquisition": NaN,
        "Earnings From Equity Interest": NaN,
        "Gain On Sale Of Security": NaN,
        "Net Non Operating Interest Income Expense": NaN,
        "Interest Expense Non Operating": NaN,
        "Operating Income": NaN,
        "Operating Expense": NaN,
        "Other Operating Expenses": NaN,
        "Selling General And Administration": 100000.0,
        "General And Administrative Expense": 100000.0,
        "Salaries And Wages": 100000.0,
        "Gross Profit": NaN,
        "Cost Of Revenue": NaN,
        "Total Revenue": NaN,
        "Operating Revenue": NaN
    },
    "2023-02-28": {
        "Tax Effect Of Unusual Items": NaN,
        "Tax Rate For Calcs": NaN,
        "Normalized EBITDA": NaN,
        "Total Unusual Items": NaN,
        "Total Unusual Items Excluding Goodwill": NaN,
        "Net Income From Continuing Operation Net Minority Interest": NaN,
        "Reconciled Depreciation": NaN,
        "Reconciled Cost Of Revenue": NaN,
        "EBITDA": NaN,
        "EBIT": NaN,
        "Net Interest Income": NaN,
        "Interest Expense": NaN,
        "Normalized Income": NaN,
        "Net Income From Continuing And Discontinued Operation": NaN,
        "Total Expenses": NaN,
        "Total Operating Income As Reported": NaN,
        "Diluted Average Shares": NaN,
        "Basic Average Shares": NaN,
        "Diluted EPS": NaN,
        "Basic EPS": NaN,
        "Diluted NI Availto Com Stockholders": NaN,
        "Net Income Common Stockholders": NaN,
        "Otherunder Preferred Stock Dividend": 600000.0,
        "Net Income": NaN,
        "Net Income Including Noncontrolling Interests": NaN,
        "Net Income Continuous Operations": NaN,
        "Tax Provision": NaN,
        "Pretax Income": NaN,
        "Other Income Expense": NaN,
        "Other Non Operating Income Expenses": NaN,
        "Special Income Charges": NaN,
        "Restructuring And Mergern Acquisition": NaN,
        "Earnings From Equity Interest": NaN,
        "Gain On Sale Of Security": NaN,
        "Net Non Operating Interest Income Expense": NaN,
        "Interest Expense Non Operating": NaN,
        "Operating Income": NaN,
        "Operating Expense": NaN,
        "Other Operating Expenses": NaN,
        "Selling General And Administration": NaN,
        "General And Administrative Expense": NaN,
        "Salaries And Wages": NaN,
        "Gross Profit": NaN,
        "Cost Of Revenue": NaN,
        "Total Revenue": NaN,
        "Operating Revenue": NaN
    },
    "2022-11-30": {
        "Tax Effect Of Unusual Items": NaN,
        "Tax Rate For Calcs": NaN,
        "Normalized EBITDA": NaN,
        "Total Unusual Items": NaN,
        "Total Unusual Items Excluding Goodwill": NaN,
        "Net Income From Continuing Operation Net Minority Interest": NaN,
        "Reconciled Depreciation": NaN,
        "Reconciled Cost Of Revenue": NaN,
        "EBITDA": NaN,
        "EBIT": NaN,
        "Net Interest Income": NaN,
        "Interest Expense": NaN,
        "Normalized Income": NaN,
        "Net Income From Continuing And Discontinued Operation": NaN,
        "Total Expenses": NaN,
        "Total Operating Income As Reported": NaN,
        "Diluted Average Shares": NaN,
        "Basic Average Shares": NaN,
        "Diluted EPS": NaN,
        "Basic EPS": NaN,
        "Diluted NI Availto Com Stockholders": NaN,
        "Net Income Common Stockholders": NaN,
        "Otherunder Preferred Stock Dividend": 400000.0,
        "Net Income": NaN,
        "Net Income Including Noncontrolling Interests": NaN,
        "Net Income Continuous Operations": NaN,
        "Tax Provision": NaN,
        "Pretax Income": NaN,
        "Other Income Expense": NaN,
        "Other Non Operating Income Expenses": NaN,
        "Special Income Charges": NaN,
        "Restructuring And Mergern Acquisition": NaN,
        "Earnings From Equity Interest": NaN,
        "Gain On Sale Of Security": NaN,
        "Net Non Operating Interest Income Expense": NaN,
        "Interest Expense Non Operating": NaN,
        "Operating Income": NaN,
        "Operating Expense": NaN,
        "Other Operating Expenses": NaN,
        "Gross Profit": NaN,
        "Cost Of Revenue": NaN,
        "Total Revenue": NaN,
        "Operating Revenue": NaN
    },
    "2022-08-31": {
        "Tax Effect Of Unusual Items": -51515.151515,
        "Tax Rate For Calcs": 0.257576,
        "Normalized EBITDA": 57300000.0,
        "Total Unusual Items": -200000.0,
        "Total Unusual Items Excluding Goodwill": -200000.0,
        "Net Income From Continuing Operation Net Minority Interest": 19600000.0,
        "Reconciled Depreciation": 23500000.0,
        "Reconciled Cost Of Revenue": 612500000.0,
        "EBITDA": 57100000.0,
        "EBIT": 33600000.0,
        "Net Interest Income": -7200000.0,
        "Interest Expense": 7200000.0,
        "Normalized Income": 19748484.848485,
        "Net Income From Continuing And Discontinued Operation": 19600000.0,
        "Total Expenses": 833900000.0,
        "Total Operating Income As Reported": 28900000.0,
        "Diluted Average Shares": 117700000.0,
        "Basic Average Shares": 117200000.0,
        "Diluted EPS": 0.17,
        "Basic EPS": 0.17,
        "Diluted NI Availto Com Stockholders": 19600000.0,
        "Net Income Common Stockholders": 19600000.0,
        "Otherunder Preferred Stock Dividend": NaN,
        "Net Income": 19600000.0,
        "Net Income Including Noncontrolling Interests": 19600000.0,
        "Net Income Continuous Operations": 19600000.0,
        "Tax Provision": 6800000.0,
        "Pretax Income": 26400000.0,
        "Other Income Expense": 4200000.0,
        "Other Non Operating Income Expenses": 4400000.0,
        "Special Income Charges": -500000.0,
        "Restructuring And Mergern Acquisition": 500000.0,
        "Earnings From Equity Interest": 3200000.0,
        "Gain On Sale Of Security": 300000.0,
        "Net Non Operating Interest Income Expense": -7200000.0,
        "Interest Expense Non Operating": 7200000.0,
        "Operating Income": 29400000.0,
        "Operating Expense": 221400000.0,
        "Other Operating Expenses": 221400000.0,
        "Gross Profit": 250800000.0,
        "Cost Of Revenue": 612500000.0,
        "Total Revenue": 863300000.0,
        "Operating Revenue": 863300000.0
    },
    "2022-05-31": {
        "Tax Effect Of Unusual Items": -891139.240506,
        "Tax Rate For Calcs": 0.278481,
        "Normalized EBITDA": 14000000.0,
        "Total Unusual Items": -3200000.0,
        "Total Unusual Items Excluding Goodwill": -3200000.0,
        "Net Income From Continuing Operation Net Minority Interest": -11400000.0,
        "Reconciled Depreciation": 20200000.0,
        "Reconciled Cost Of Revenue": 549100000.0,
        "EBIT": -9400000.0,
        "Net Interest Income": -6400000.0,
        "Interest Expense": 6400000.0,
        "Normalized Income": -9091139.240506,
        "Net Income From Continuing And Discontinued Operation": -11400000.0,
        "Total Expenses": 750000000.0,
        "Total Operating Income As Reported": -12600000.0,
        "Diluted Average Shares": 112700000.0,
        "Basic Average Shares": 112700000.0,
        "Diluted EPS": -0.1,
        "Basic EPS": -0.1,
        "Diluted NI Availto Com Stockholders": -11400000.0,
        "Net Income Common Stockholders": -11400000.0,
        "Otherunder Preferred Stock Dividend": -400000.0,
        "Net Income": -11400000.0,
        "Net Income Including Noncontrolling Interests": -11400000.0,
        "Net Income Continuous Operations": -11400000.0,
        "Tax Provision": -4400000.0,
        "Pretax Income": -15800000.0,
        "Other Income Expense": -100000.0,
        "Other Non Operating Income Expenses": 3100000.0,
        "Special Income Charges": -3300000.0,
        "Restructuring And Mergern Acquisition": 3300000.0,
        "Earnings From Equity Interest": 2300000.0,
        "Gain On Sale Of Security": 100000.0,
        "Net Non Operating Interest Income Expense": -6400000.0,
        "Interest Expense Non Operating": 6400000.0,
        "Operating Income": -9300000.0,
        "Operating Expense": 200900000.0,
        "Other Operating Expenses": 200900000.0,
        "Gross Profit": 191600000.0,
        "Cost Of Revenue": 549100000.0,
        "Total Revenue": 740700000.0,
        "Operating Revenue": 740700000.0
    },
    "2022-02-28": {
        "Diluted EPS": -0.02,
        "Total Revenue": 753,
        "Gross Profit": 196,
        "Operating Income": 2,
        "EBIT": 23,
        "Net Income": -2
    },
    "2021-11-30": {
        "Diluted EPS": 0.08,
        "Total Revenue": 738,
        "Gross Profit": 204,
        "Operating Income": 16,
        "EBIT": 37,
        "Net Income": 10
    },
    "2021-08-31": {
        "Diluted EPS": 0.21,
        "Total Revenue": 725,
        "Gross Profit": 207,
        "Operating Income": 34,
        "EBIT": 54,
        "Net Income": 25
    },
    "2021-05-31": {
        "Diluted EPS": -0.24,
        "Total Revenue": 557,
        "Gross Profit": 155,
        "Operating Income": -32,
        "EBIT": -11,
        "Net Income": -28
    },
    "2021-02-28": {
        "Diluted EPS": 0.06,
        "Total Revenue": 677,
        "Gross Profit": 193,
        "Operating Income": 7,
        "EBIT": 28,
        "Net Income": 6
    },
    "2020-11-30": {
        "Diluted EPS": 0.02,
        "Total Revenue": 618,
        "Gross Profit": 178,
        "Operating Income": NaN,
        "EBIT": 21,
        "Net Income": 2
    },
    "2020-08-31": {
        "Diluted EPS": 0.47,
        "Total Revenue": 819,
        "Gross Profit": 270,
        "Operating Income": 89,
        "EBIT": 109,
        "Net Income": 56
    },
    "2020-05-31": {
        "Diluted EPS": -0.33,
        "Total Revenue": 483,
        "Gross Profit": 123,
        "Operating Income": -52,
        "EBIT": -12,
        "Net Income": -37
    },
    "2020-02-29": {
        "Diluted EPS": 0.55,
        "Total Revenue": 946,
        "Gross Profit": 307,
        "Operating Income": 69,
        "EBIT": 92,
        "Net Income": 67
    },
    "2019-11-30": {
        "Diluted EPS": 0.46,
        "Total Revenue": 955,
        "Gross Profit": 316,
        "Operating Income": 75,
        "EBIT": 97,
        "Net Income": 55
    },
    "2019-08-31": {
        "Diluted EPS": 0.5,
        "Total Revenue": 998,
        "Gross Profit": 334,
        "Operating Income": 85,
        "EBIT": 106,
        "Net Income": 61
    },
    "2019-05-31": {
        "Diluted EPS": 0.15,
        "Total Revenue": 824,
        "Gross Profit": 258,
        "Operating Income": 28,
        "EBIT": 48,
        "Net Income": 18
    },
    "2019-02-28": {
        "Diluted EPS": 0.19,
        "Total Revenue": 912,
        "Gross Profit": 283,
        "Operating Income": 47,
        "EBIT": 68,
        "Net Income": 20
    },
    "2018-11-30": {
        "Diluted EPS": 0.31,
        "Total Revenue": 901,
        "Gross Profit": 278,
        "Operating Income": 45,
        "EBIT": 67,
        "Net Income": 37
    },
    "2018-08-31": {
        "Diluted EPS": 0.41,
        "Total Revenue": 876,
        "Gross Profit": 289,
        "Operating Income": 68,
        "EBIT": 89,
        "Net Income": 49
    },
    "2018-05-31": {
        "Diluted EPS": 0.14,
        "Total Revenue": 754,
        "Gross Profit": 238,
        "Operating Income": 23,
        "EBIT": 41,
        "Net Income": 17
    },
    "2018-02-28": {
        "Diluted EPS": 0.0,
        "Total Revenue": 773,
        "Gross Profit": 252,
        "Operating Income": 31,
        "EBIT": 50,
        "Net Income": -2
    },
    "2017-11-30": {
        "Diluted EPS": 0.22,
        "Total Revenue": 772,
        "Gross Profit": 251,
        "Operating Income": 37,
        "EBIT": 53,
        "Net Income": 26
    },
    "2017-08-31": {
        "Diluted EPS": 0.31,
        "Total Revenue": 776,
        "Gross Profit": 257,
        "Operating Income": 52,
        "EBIT": 68,
        "Net Income": 37
    },
    "2017-05-31": {
        "Diluted EPS": 0.15,
        "Total Revenue": 735,
        "Gross Profit": 245,
        "Operating Income": 35,
        "EBIT": 51,
        "Net Income": 18
    },
    "2017-02-28": {
        "Diluted EPS": 0.22,
        "Total Revenue": 769,
        "Gross Profit": 253,
        "Operating Income": 46,
        "EBIT": 62,
        "Net Income": 26
    },
    "2016-11-30": {
        "Diluted EPS": 0.34,
        "Total Revenue": 787,
        "Gross Profit": 262,
        "Operating Income": 55,
        "EBIT": 70,
        "Net Income": 41
    },
    "2016-08-31": {
        "Diluted EPS": 0.31,
        "Total Revenue": 758,
        "Gross Profit": 263,
        "Operating Income": 62,
        "EBIT": 76,
        "Net Income": 38
    },
    "2016-05-31": {
        "Diluted EPS": 0.16,
        "Total Revenue": 719,
        "Gross Profit": 230,
        "Operating Income": 33,
        "EBIT": 48,
        "Net Income": 19
    },
    "2016-02-29": {
        "Diluted EPS": 0.62,
        "Total Revenue": 748,
        "Gross Profit": 234,
        "Operating Income": 26,
        "EBIT": 42,
        "Net Income": 78
    },
    "2015-11-30": {
        "Diluted EPS": 0.28,
        "Total Revenue": 788,
        "Gross Profit": 254,
        "Operating Income": 55,
        "EBIT": 72,
        "Net Income": 36
    },
    "2015-08-31": {
        "Diluted EPS": 0.3,
        "Total Revenue": 819,
        "Gross Profit": 267,
        "Operating Income": 60,
        "EBIT": 77,
        "Net Income": 37
    },
    "2015-05-31": {
        "Diluted EPS": 0.16,
        "Total Revenue": 706,
        "Gross Profit": 217,
        "Operating Income": 34,
        "EBIT": 50,
        "Net Income": 20
    },
    "2015-02-28": {
        "Diluted EPS": 0.18,
        "Total Revenue": 750,
        "Gross Profit": 228,
        "Operating Income": 37,
        "EBIT": 53,
        "Net Income": 23
    },
    "2014-11-30": {
        "Diluted EPS": 0.09,
        "Total Revenue": 800,
        "Gross Profit": 215,
        "Operating Income": 19,
        "EBIT": 34,
        "Net Income": 12
    },
    "2014-08-31": {
        "Diluted EPS": 0.24,
        "Total Revenue": 787,
        "Gross Profit": 244,
        "Operating Income": 53,
        "EBIT": 67,
        "Net Income": 31
    },
    "2014-05-31": {
        "Diluted EPS": 0.17,
        "Total Revenue": 723,
        "Gross Profit": 229,
        "Operating Income": 36,
        "EBIT": 51,
        "Net Income": 21
    },
    "2014-02-28": {
        "Diluted EPS": 0.19,
        "Total Revenue": 779,
        "Gross Profit": 248,
        "Operating Income": 54,
        "EBIT": 70,
        "Net Income": 24
    },
    "2013-11-30": {
        "Diluted EPS": 0.18,
        "Total Revenue": 785,
        "Gross Profit": 243,
        "Operating Income": 39,
        "EBIT": 67,
        "Net Income": 23
    },
    "2013-08-31": {
        "Diluted EPS": 0.22,
        "Total Revenue": 758,
        "Gross Profit": 244,
        "Operating Income": 52,
        "EBIT": 67,
        "Net Income": 28
    },
    "2013-05-31": {
        "Diluted EPS": 0.1,
        "Total Revenue": 667,
        "Gross Profit": 210,
        "Operating Income": 20,
        "EBIT": 35,
        "Net Income": 13
    },
    "2013-02-28": {
        "Diluted EPS": -0.21,
        "Total Revenue": 721,
        "Gross Profit": 216,
        "Operating Income": -45,
        "EBIT": 31,
        "Net Income": -27
    },
    "2012-11-30": {
        "Diluted EPS": 0.18,
        "Total Revenue": 727,
        "Gross Profit": 226,
        "Operating Income": 38,
        "EBIT": 54,
        "Net Income": 24
    },
    "2012-08-31": {
        "Diluted EPS": 0.23,
        "Total Revenue": 745,
        "Gross Profit": 228,
        "Operating Income": 47,
        "EBIT": 61,
        "Net Income": 29
    },
    "2012-05-31": {
        "Diluted EPS": 0.1,
        "Total Revenue": 675,
        "Gross Profit": 196,
        "Operating Income": 19,
        "EBIT": 33,
        "Net Income": 13
    },
    "2012-02-29": {
        "Diluted EPS": 0.11,
        "Total Revenue": 690,
        "Gross Profit": 206,
        "Operating Income": 19,
        "EBIT": 33,
        "Net Income": 15
    },
    "2011-11-30": {
        "Diluted EPS": 0.17,
        "Total Revenue": 719,
        "Gross Profit": 220,
        "Operating Income": 38,
        "EBIT": 52,
        "Net Income": 22
    },
    "2011-08-31": {
        "Diluted EPS": 0.09,
        "Total Revenue": 701,
        "Gross Profit": 201,
        "Operating Income": 25,
        "EBIT": 39,
        "Net Income": 12
    },
    "2011-05-31": {
        "Diluted EPS": 0.06,
        "Total Revenue": 639,
        "Gross Profit": 183,
        "Operating Income": 15,
        "EBIT": 29,
        "Net Income": 8
    },
    "2011-02-28": {
        "Diluted EPS": 0.07,
        "Total Revenue": 623,
        "Gross Profit": 182,
        "Operating Income": 20,
        "EBIT": 35,
        "Net Income": 10
    },
    "2010-11-30": {
        "Diluted EPS": 0.14,
        "Total Revenue": 673,
        "Gross Profit": 204,
        "Operating Income": 27,
        "EBIT": 44,
        "Net Income": 18
    },
    "2010-08-31": {
        "Diluted EPS": 0.02,
        "Total Revenue": 600,
        "Gross Profit": 171,
        "Operating Income": 7,
        "EBIT": 22,
        "Net Income": 3
    },
    "2010-05-31": {
        "Diluted EPS": -0.08,
        "Total Revenue": 542,
        "Gross Profit": 162,
        "Operating Income": -1,
        "EBIT": 15,
        "Net Income": -11
    },
    "2010-02-28": {
        "Diluted EPS": 0.0,
        "Total Revenue": 552,
        "Gross Profit": 152,
        "Operating Income": -20,
        "EBIT": -2,
        "Net Income": NaN
    },
    "2009-11-30": {
        "Diluted EPS": 0.0,
        "Total Revenue": 616,
        "Gross Profit": 178,
        "Operating Income": 15,
        "EBIT": 34,
        "Net Income": NaN
    },
    "2009-08-31": {
        "Diluted EPS": 0.0,
        "Total Revenue": 578,
        "Gross Profit": 165,
        "Operating Income": -1,
        "EBIT": 17,
        "Net Income": NaN
    },
    "2009-05-31": {
        "Diluted EPS": 0.0,
        "Total Revenue": 546,
        "Gross Profit": 156,
        "Operating Income": -5,
        "EBIT": 13,
        "Net Income": NaN
    },
    "2009-02-28": {
        "Diluted EPS": -0.48,
        "Total Revenue": 655,
        "Gross Profit": 167,
        "Operating Income": -97,
        "EBIT": -12,
        "Net Income": -66
    },
    "2023-08-31": {
        "Tax Effect Of Unusual Items": -1619100.0,
        "Tax Rate For Calcs": 0.257,
        "Normalized EBITDA": 71200000.0,
        "Total Unusual Items": -6300000.0,
        "Total Unusual Items Excluding Goodwill": -6300000.0,
        "Net Income From Continuing Operation Net Minority Interest": 27500000.0,
        "Reconciled Depreciation": 21300000.0,
        "Reconciled Cost Of Revenue": 571200000.0,
        "EBITDA": 64900000.0,
        "EBIT": 43600000.0,
        "Net Interest Income": -6600000.0,
        "Interest Expense": 6600000.0,
        "Normalized Income": 32180900.0,
        "Net Income From Continuing And Discontinued Operation": 27500000.0,
        "Total Expenses": 807100000.0,
        "Total Operating Income As Reported": 41000000.0,
        "Diluted Average Shares": 119100000.0,
        "Basic Average Shares": 118800000.0,
        "Diluted EPS": 0.23,
        "Basic EPS": 0.23,
        "Diluted NI Availto Com Stockholders": 26400000.0,
        "Net Income Common Stockholders": 26400000.0,
        "Otherunder Preferred Stock Dividend": 1100000.0,
        "Net Income": 27500000.0,
        "Net Income Including Noncontrolling Interests": 27500000.0,
        "Net Income Continuous Operations": 27500000.0,
        "Tax Provision": 9500000.0,
        "Pretax Income": 37000000.0,
        "Other Income Expense": -3900000.0,
        "Other Non Operating Income Expenses": -900000.0,
        "Special Income Charges": -6500000.0,
        "Restructuring And Mergern Acquisition": 6500000.0,
        "Earnings From Equity Interest": 3300000.0,
        "Gain On Sale Of Security": 200000.0,
        "Net Non Operating Interest Income Expense": -6600000.0,
        "Interest Expense Non Operating": 6600000.0,
        "Operating Income": 47500000.0,
        "Operating Expense": 235900000.0,
        "Other Operating Expenses": 235900000.0,
        "Selling General And Administration": NaN,
        "General And Administrative Expense": NaN,
        "Salaries And Wages": NaN,
        "Gross Profit": 283400000.0,
        "Cost Of Revenue": 571200000.0,
        "Total Revenue": 854600000.0,
        "Operating Revenue": 854600000.0
    },
    "2023-11-30": {
        "Tax Effect Of Unusual Items": NaN,
        "Tax Rate For Calcs": NaN,
        "Normalized EBITDA": NaN,
        "Total Unusual Items": NaN,
        "Total Unusual Items Excluding Goodwill": NaN,
        "Net Income From Continuing Operation Net Minority Interest": NaN,
        "Reconciled Depreciation": NaN,
        "Reconciled Cost Of Revenue": NaN,
        "EBITDA": NaN,
        "EBIT": NaN,
        "Net Interest Income": NaN,
        "Interest Expense": NaN,
        "Normalized Income": NaN,
        "Net Income From Continuing And Discontinued Operation": NaN,
        "Total Expenses": NaN,
        "Total Operating Income As Reported": NaN,
        "Diluted Average Shares": 119400000.0,
        "Basic Average Shares": 118900000.0,
        "Diluted EPS": 0.26,
        "Basic EPS": 0.26,
        "Diluted NI Availto Com Stockholders": NaN,
        "Net Income Common Stockholders": NaN,
        "Otherunder Preferred Stock Dividend": NaN,
        "Net Income": NaN,
        "Net Income Including Noncontrolling Interests": NaN,
        "Net Income Continuous Operations": NaN,
        "Tax Provision": NaN,
        "Pretax Income": NaN,
        "Other Income Expense": NaN,
        "Other Non Operating Income Expenses": NaN,
        "Special Income Charges": NaN,
        "Restructuring And Mergern Acquisition": NaN,
        "Earnings From Equity Interest": NaN,
        "Gain On Sale Of Security": NaN,
        "Net Non Operating Interest Income Expense": NaN,
        "Interest Expense Non Operating": NaN,
        "Operating Income": NaN,
        "Operating Expense": NaN,
        "Other Operating Expenses": NaN,
        "Selling General And Administration": NaN,
        "General And Administrative Expense": NaN,
        "Salaries And Wages": NaN,
        "Gross Profit": NaN,
        "Cost Of Revenue": NaN,
        "Total Revenue": NaN,
        "Operating Revenue": NaN
    },
    "2024-02-29": {
        "Tax Effect Of Unusual Items": NaN,
        "Tax Rate For Calcs": NaN,
        "Normalized EBITDA": NaN,
        "Total Unusual Items": NaN,
        "Total Unusual Items Excluding Goodwill": NaN,
        "Net Income From Continuing Operation Net Minority Interest": NaN,
        "Reconciled Depreciation": NaN,
        "Reconciled Cost Of Revenue": NaN,
        "EBITDA": NaN,
        "EBIT": NaN,
        "Net Interest Income": NaN,
        "Interest Expense": NaN,
        "Normalized Income": NaN,
        "Net Income From Continuing And Discontinued Operation": NaN,
        "Total Expenses": NaN,
        "Total Operating Income As Reported": NaN,
        "Diluted Average Shares": 120100000.0,
        "Basic Average Shares": 118900000.0,
        "Diluted EPS": 0.18,
        "Basic EPS": 0.18,
        "Diluted NI Availto Com Stockholders": NaN,
        "Net Income Common Stockholders": NaN,
        "Otherunder Preferred Stock Dividend": NaN,
        "Net Income": NaN,
        "Net Income Including Noncontrolling Interests": NaN,
        "Net Income Continuous Operations": NaN,
        "Tax Provision": NaN,
        "Pretax Income": NaN,
        "Other Income Expense": NaN,
        "Other Non Operating Income Expenses": NaN,
        "Special Income Charges": NaN,
        "Restructuring And Mergern Acquisition": NaN,
        "Earnings From Equity Interest": NaN,
        "Gain On Sale Of Security": NaN,
        "Net Non Operating Interest Income Expense": NaN,
        "Interest Expense Non Operating": NaN,
        "Operating Income": NaN,
        "Operating Expense": NaN,
        "Other Operating Expenses": NaN,
        "Selling General And Administration": NaN,
        "General And Administrative Expense": NaN,
        "Salaries And Wages": NaN,
        "Gross Profit": NaN,
        "Cost Of Revenue": NaN,
        "Total Revenue": NaN,
        "Operating Revenue": NaN
    },
    "2024-05-31": {
        "Tax Effect Of Unusual Items": NaN,
        "Tax Rate For Calcs": NaN,
        "Normalized EBITDA": NaN,
        "Total Unusual Items": NaN,
        "Total Unusual Items Excluding Goodwill": NaN,
        "Net Income From Continuing Operation Net Minority Interest": NaN,
        "Reconciled Depreciation": NaN,
        "Reconciled Cost Of Revenue": NaN,
        "EBITDA": NaN,
        "EBIT": NaN,
        "Net Interest Income": NaN,
        "Interest Expense": NaN,
        "Normalized Income": NaN,
        "Net Income From Continuing And Discontinued Operation": NaN,
        "Total Expenses": NaN,
        "Total Operating Income As Reported": NaN,
        "Diluted Average Shares": NaN,
        "Basic Average Shares": NaN,
        "Diluted EPS": NaN,
        "Basic EPS": NaN,
        "Diluted NI Availto Com Stockholders": NaN,
        "Net Income Common Stockholders": NaN,
        "Otherunder Preferred Stock Dividend": NaN,
        "Net Income": NaN,
        "Net Income Including Noncontrolling Interests": NaN,
        "Net Income Continuous Operations": NaN,
        "Tax Provision": NaN,
        "Pretax Income": NaN,
        "Other Income Expense": NaN,
        "Other Non Operating Income Expenses": NaN,
        "Special Income Charges": NaN,
        "Restructuring And Mergern Acquisition": NaN,
        "Earnings From Equity Interest": NaN,
        "Gain On Sale Of Security": NaN,
        "Net Non Operating Interest Income Expense": NaN,
        "Interest Expense Non Operating": NaN,
        "Operating Income": NaN,
        "Operating Expense": NaN,
        "Other Operating Expenses": NaN,
        "Selling General And Administration": 200000.0,
        "General And Administrative Expense": 200000.0,
        "Salaries And Wages": 200000.0,
        "Gross Profit": NaN,
        "Cost Of Revenue": NaN,
        "Total Revenue": NaN,
        "Operating Revenue": NaN
    },
    "2024-08-31": {
        "Tax Effect Of Unusual Items": 318000.0,
        "Tax Rate For Calcs": 0.265,
        "Normalized EBITDA": 111100000.0,
        "Total Unusual Items": 1200000.0,
        "Total Unusual Items Excluding Goodwill": 1200000.0,
        "Net Income From Continuing Operation Net Minority Interest": 63100000.0,
        "Reconciled Depreciation": 20000000.0,
        "Reconciled Cost Of Revenue": 560400000.0,
        "EBITDA": 112300000.0,
        "EBIT": 92300000.0,
        "Net Interest Income": -6400000.0,
        "Interest Expense": 6400000.0,
        "Normalized Income": 62218000.0,
        "Net Income From Continuing And Discontinued Operation": 63100000.0,
        "Total Expenses": 765500000.0,
        "Total Operating Income As Reported": 90000000.0,
        "Diluted Average Shares": 118800000.0,
        "Basic Average Shares": 118100000.0,
        "Diluted EPS": 0.53,
        "Basic EPS": 0.53,
        "Diluted NI Availto Com Stockholders": 61000000.0,
        "Net Income Common Stockholders": 61000000.0,
        "Otherunder Preferred Stock Dividend": 2100000.0,
        "Net Income": 63100000.0,
        "Net Income Including Noncontrolling Interests": 63100000.0,
        "Net Income Continuous Operations": 63100000.0,
        "Tax Provision": 22800000.0,
        "Pretax Income": 85900000.0,
        "Other Income Expense": 2000000.0,
        "Other Non Operating Income Expenses": -900000.0,
        "Special Income Charges": -300000.0,
        "Restructuring And Mergern Acquisition": 300000.0,
        "Earnings From Equity Interest": 1700000.0,
        "Gain On Sale Of Security": 1500000.0,
        "Net Non Operating Interest Income Expense": -6400000.0,
        "Interest Expense Non Operating": 6400000.0,
        "Operating Income": 90300000.0,
        "Operating Expense": 205100000.0,
        "Other Operating Expenses": 205100000.0,
        "Selling General And Administration": NaN,
        "General And Administrative Expense": NaN,
        "Salaries And Wages": NaN,
        "Gross Profit": 295400000.0,
        "Cost Of Revenue": 560400000.0,
        "Total Revenue": 855800000.0,
        "Operating Revenue": 855800000.0
    },
    "2024-11-30": {
        "Tax Effect Of Unusual Items": 1018400.0,
        "Tax Rate For Calcs": 0.268,
        "Normalized EBITDA": 48600000.0,
        "Total Unusual Items": 3800000.0,
        "Total Unusual Items Excluding Goodwill": 3800000.0,
        "Net Income From Continuing Operation Net Minority Interest": 19100000.0,
        "Reconciled Depreciation": 20000000.0,
        "Reconciled Cost Of Revenue": 529500000.0,
        "EBITDA": 52400000.0,
        "EBIT": 32400000.0,
        "Net Interest Income": -6300000.0,
        "Interest Expense": 6300000.0,
        "Normalized Income": 16318400.0,
        "Net Income From Continuing And Discontinued Operation": 19100000.0,
        "Total Expenses": 753300000.0,
        "Total Operating Income As Reported": 41000000.0,
        "Diluted Average Shares": 114800000.0,
        "Basic Average Shares": 113800000.0,
        "Diluted EPS": 0.16,
        "Basic EPS": 0.16,
        "Diluted NI Availto Com Stockholders": 18500000.0,
        "Net Income Common Stockholders": 18500000.0,
        "Otherunder Preferred Stock Dividend": 600000.0,
        "Net Income": 19100000.0,
        "Net Income Including Noncontrolling Interests": 19100000.0,
        "Net Income Continuous Operations": 19100000.0,
        "Tax Provision": 7000000.0,
        "Pretax Income": 26100000.0,
        "Other Income Expense": -9200000.0,
        "Other Non Operating Income Expenses": -16300000.0,
        "Special Income Charges": -600000.0,
        "Restructuring And Mergern Acquisition": 600000.0,
        "Earnings From Equity Interest": 3300000.0,
        "Gain On Sale Of Security": 4400000.0,
        "Net Non Operating Interest Income Expense": -6300000.0,
        "Interest Expense Non Operating": 6300000.0,
        "Operating Income": 41600000.0,
        "Operating Expense": 223800000.0,
        "Other Operating Expenses": 223800000.0,
        "Selling General And Administration": NaN,
        "General And Administrative Expense": NaN,
        "Salaries And Wages": NaN,
        "Gross Profit": 265400000.0,
        "Cost Of Revenue": 529500000.0,
        "Total Revenue": 794900000.0,
        "Operating Revenue": 794900000.0
    },
    "2025-02-28": {
        "Tax Effect Of Unusual Items": 798000.0,
        "Tax Rate For Calcs": 0.21,
        "Normalized EBITDA": 31700000.0,
        "Total Unusual Items": 3800000.0,
        "Total Unusual Items Excluding Goodwill": 3800000.0,
        "Net Income From Continuing Operation Net Minority Interest": 27600000.0,
        "Reconciled Depreciation": 20600000.0,
        "Reconciled Cost Of Revenue": 536700000.0,
        "EBITDA": 35500000.0,
        "EBIT": 14900000.0,
        "Net Interest Income": -6800000.0,
        "Interest Expense": 6800000.0,
        "Normalized Income": 24598000.0,
        "Net Income From Continuing And Discontinued Operation": 27600000.0,
        "Total Expenses": 778300000.0,
        "Total Operating Income As Reported": 9500000.0,
        "Diluted Average Shares": 118800000.0,
        "Basic Average Shares": 117600000.0,
        "Diluted EPS": 0.23,
        "Basic EPS": 0.23,
        "Diluted NI Availto Com Stockholders": 26700000.0,
        "Net Income Common Stockholders": 26700000.0,
        "Otherunder Preferred Stock Dividend": 900000.0,
        "Net Income": 27600000.0,
        "Net Income Including Noncontrolling Interests": 27600000.0,
        "Net Income Continuous Operations": 27600000.0,
        "Tax Provision": -19500000.0,
        "Pretax Income": 8100000.0,
        "Other Income Expense": 5200000.0,
        "Other Non Operating Income Expenses": -1300000.0,
        "Special Income Charges": -200000.0,
        "Restructuring And Mergern Acquisition": 200000.0,
        "Earnings From Equity Interest": 2700000.0,
        "Gain On Sale Of Security": 4000000.0,
        "Net Non Operating Interest Income Expense": -6800000.0,
        "Interest Expense Non Operating": 6800000.0,
        "Operating Income": 9700000.0,
        "Operating Expense": 241600000.0,
        "Other Operating Expenses": 241600000.0,
        "Selling General And Administration": NaN,
        "General And Administrative Expense": NaN,
        "Salaries And Wages": NaN,
        "Gross Profit": 251300000.0,
        "Cost Of Revenue": 536700000.0,
        "Total Revenue": 788000000.0,
        "Operating Revenue": 788000000.0
    },
    "2025-05-31": {
        "Tax Effect Of Unusual Items": -2437600.0,
        "Tax Rate For Calcs": 0.277,
        "Normalized EBITDA": 51500000.0,
        "Total Unusual Items": -8800000.0,
        "Total Unusual Items Excluding Goodwill": -8800000.0,
        "Net Income From Continuing Operation Net Minority Interest": 13600000.0,
        "Reconciled Depreciation": 17600000.0,
        "Reconciled Cost Of Revenue": 515200000.0,
        "EBITDA": 42700000.0,
        "EBIT": 25100000.0,
        "Net Interest Income": -6300000.0,
        "Interest Expense": 6300000.0,
        "Normalized Income": 19962400.0,
        "Net Income From Continuing And Discontinued Operation": 13600000.0,
        "Total Expenses": 745300000.0,
        "Total Operating Income As Reported": 25500000.0,
        "Diluted Average Shares": 115200000.0,
        "Basic Average Shares": 114500000.0,
        "Diluted EPS": 0.11,
        "Basic EPS": 0.11,
        "Diluted NI Availto Com Stockholders": 13200000.0,
        "Net Income Common Stockholders": 13200000.0,
        "Otherunder Preferred Stock Dividend": 400000.0,
        "Net Income": 13600000.0,
        "Net Income Including Noncontrolling Interests": 13600000.0,
        "Net Income Continuous Operations": 13600000.0,
        "Tax Provision": 5200000.0,
        "Pretax Income": 18800000.0,
        "Other Income Expense": -8600000.0,
        "Other Non Operating Income Expenses": -500000.0,
        "Special Income Charges": -8200000.0,
        "Restructuring And Mergern Acquisition": 8200000.0,
        "Earnings From Equity Interest": 700000.0,
        "Gain On Sale Of Security": -600000.0,
        "Net Non Operating Interest Income Expense": -6300000.0,
        "Interest Expense Non Operating": 6300000.0,
        "Operating Income": 33700000.0,
        "Operating Expense": 230100000.0,
        "Other Operating Expenses": 230100000.0,
        "Selling General And Administration": NaN,
        "General And Administrative Expense": NaN,
        "Salaries And Wages": NaN,
        "Gross Profit": 263800000.0,
        "Cost Of Revenue": 515200000.0,
        "Total Revenue": 779000000.0,
        "Operating Revenue": 779000000.0
    },
    "2025-08-31": {
        "Tax Effect Of Unusual Items": -2427200.0,
        "Tax Rate For Calcs": 0.328,
        "Normalized EBITDA": 85100000.0,
        "Total Unusual Items": -7400000.0,
        "Total Unusual Items Excluding Goodwill": -7400000.0,
        "Net Income From Continuing Operation Net Minority Interest": 35000000.0,
        "Reconciled Depreciation": 19300000.0,
        "Reconciled Cost Of Revenue": 588600000.0,
        "EBITDA": 77700000.0,
        "EBIT": 58400000.0,
        "Net Interest Income": -6300000.0,
        "Interest Expense": 6300000.0,
        "Normalized Income": 39972800.0,
        "Net Income From Continuing And Discontinued Operation": 35000000.0,
        "Total Expenses": 835700000.0,
        "Total Operating Income As Reported": 53100000.0,
        "Diluted Average Shares": 119700000.0,
        "Basic Average Shares": 119000000.0,
        "Diluted EPS": 0.29,
        "Basic EPS": 0.29,
        "Diluted NI Availto Com Stockholders": 33800000.0,
        "Net Income Common Stockholders": 33800000.0,
        "Otherunder Preferred Stock Dividend": 1200000.0,
        "Net Income": 35000000.0,
        "Net Income Including Noncontrolling Interests": 35000000.0,
        "Net Income Continuous Operations": 35000000.0,
        "Tax Provision": 17100000.0,
        "Pretax Income": 52100000.0,
        "Other Income Expense": -3000000.0,
        "Other Non Operating Income Expenses": -500000.0,
        "Special Income Charges": -8300000.0,
        "Restructuring And Mergern Acquisition": 8300000.0,
        "Earnings From Equity Interest": 4900000.0,
        "Gain On Sale Of Security": 900000.0,
        "Net Non Operating Interest Income Expense": -6300000.0,
        "Interest Expense Non Operating": 6300000.0,
        "Operating Income": 61400000.0,
        "Operating Expense": 247100000.0,
        "Other Operating Expenses": 247100000.0,
        "Selling General And Administration": NaN,
        "General And Administrative Expense": NaN,
        "Salaries And Wages": NaN,
        "Gross Profit": 308500000.0,
        "Cost Of Revenue": 588600000.0,
        "Total Revenue": 897100000.0,
        "Operating Revenue": 897100000.0
    }
}