{
    "2023-03-31": {
        "Tax Effect Of Unusual Items": NaN,
        "Tax Rate For Calcs": NaN,
        "Normalized EBITDA": NaN,
        "Total Unusual Items": NaN,
        "Total Unusual Items Excluding Goodwill": NaN,
        "Net Income From Continuing Operation Net Minority Interest": NaN,
        "Reconciled Depreciation": NaN,
        "Reconciled Cost Of Revenue": NaN,
        "EBITDA": NaN,
        "EBIT": NaN,
        "Net Interest Income": NaN,
        "Interest Expense": NaN,
        "Interest Income": NaN,
        "Normalized Income": NaN,
        "Net Income From Continuing And Discontinued Operation": NaN,
        "Total Expenses": NaN,
        "Total Operating Income As Reported": NaN,
        "Diluted Average Shares": 25439000.0,
        "Basic Average Shares": 25196000.0,
        "Diluted EPS": 0.83,
        "Basic EPS": 0.84,
        "Diluted NI Availto Com Stockholders": NaN,
        "Net Income Common Stockholders": NaN,
        "Net Income": NaN,
        "Net Income Including Noncontrolling Interests": NaN,
        "Net Income Discontinuous Operations": 0.0,
        "Net Income Continuous Operations": NaN,
        "Tax Provision": NaN,
        "Pretax Income": NaN,
        "Other Income Expense": NaN,
        "Other Non Operating Income Expenses": NaN,
        "Special Income Charges": NaN,
        "Gain On Sale Of Business": 0.0,
        "Restructuring And Mergern Acquisition": 0.0,
        "Gain On Sale Of Security": NaN,
        "Net Non Operating Interest Income Expense": NaN,
        "Interest Expense Non Operating": NaN,
        "Interest Income Non Operating": NaN,
        "Operating Income": NaN,
        "Operating Expense": NaN,
        "Depreciation Amortization Depletion Income Statement": NaN,
        "Depreciation And Amortization In Income Statement": NaN,
        "Amortization": NaN,
        "Amortization Of Intangibles Income Statement": NaN,
        "Depreciation Income Statement": NaN,
        "Selling General And Administration": NaN,
        "Gross Profit": NaN,
        "Cost Of Revenue": NaN,
        "Total Revenue": NaN,
        "Operating Revenue": NaN
    },
    "2022-12-31": {
        "Tax Effect Of Unusual Items": NaN,
        "Tax Rate For Calcs": NaN,
        "Normalized EBITDA": NaN,
        "Total Unusual Items": NaN,
        "Total Unusual Items Excluding Goodwill": NaN,
        "Net Income From Continuing Operation Net Minority Interest": NaN,
        "Reconciled Depreciation": NaN,
        "Reconciled Cost Of Revenue": NaN,
        "EBITDA": NaN,
        "EBIT": NaN,
        "Net Interest Income": NaN,
        "Interest Expense": NaN,
        "Interest Income": NaN,
        "Normalized Income": NaN,
        "Net Income From Continuing And Discontinued Operation": NaN,
        "Total Expenses": NaN,
        "Total Operating Income As Reported": NaN,
        "Diluted Average Shares": 25502000.0,
        "Basic Average Shares": 25287000.0,
        "Diluted EPS": 1.01,
        "Basic EPS": 1.02,
        "Diluted NI Availto Com Stockholders": NaN,
        "Net Income Common Stockholders": NaN,
        "Net Income": NaN,
        "Net Income Including Noncontrolling Interests": NaN,
        "Net Income Discontinuous Operations": 0.0,
        "Net Income Continuous Operations": NaN,
        "Tax Provision": NaN,
        "Pretax Income": NaN,
        "Other Income Expense": NaN,
        "Other Non Operating Income Expenses": NaN,
        "Special Income Charges": 0.0,
        "Gain On Sale Of Business": 0.0,
        "Restructuring And Mergern Acquisition": NaN,
        "Gain On Sale Of Security": NaN,
        "Net Non Operating Interest Income Expense": NaN,
        "Interest Expense Non Operating": NaN,
        "Interest Income Non Operating": NaN,
        "Operating Income": NaN,
        "Operating Expense": NaN,
        "Depreciation Amortization Depletion Income Statement": NaN,
        "Depreciation And Amortization In Income Statement": NaN,
        "Amortization": NaN,
        "Amortization Of Intangibles Income Statement": NaN,
        "Depreciation Income Statement": NaN,
        "Selling General And Administration": NaN,
        "Gross Profit": NaN,
        "Cost Of Revenue": NaN,
        "Total Revenue": NaN,
        "Operating Revenue": NaN
    },
    "2022-09-30": {
        "Tax Effect Of Unusual Items": NaN,
        "Tax Rate For Calcs": NaN,
        "Normalized EBITDA": NaN,
        "Total Unusual Items": NaN,
        "Total Unusual Items Excluding Goodwill": NaN,
        "Net Income From Continuing Operation Net Minority Interest": NaN,
        "Reconciled Depreciation": NaN,
        "Reconciled Cost Of Revenue": NaN,
        "EBITDA": NaN,
        "EBIT": NaN,
        "Net Interest Income": NaN,
        "Interest Expense": NaN,
        "Interest Income": NaN,
        "Normalized Income": NaN,
        "Net Income From Continuing And Discontinued Operation": NaN,
        "Total Expenses": NaN,
        "Total Operating Income As Reported": NaN,
        "Diluted Average Shares": NaN,
        "Basic Average Shares": NaN,
        "Diluted EPS": NaN,
        "Basic EPS": NaN,
        "Diluted NI Availto Com Stockholders": NaN,
        "Net Income Common Stockholders": NaN,
        "Net Income": NaN,
        "Net Income Including Noncontrolling Interests": NaN,
        "Net Income Discontinuous Operations": NaN,
        "Net Income Continuous Operations": NaN,
        "Tax Provision": NaN,
        "Pretax Income": NaN,
        "Other Income Expense": NaN,
        "Other Non Operating Income Expenses": NaN,
        "Special Income Charges": NaN,
        "Gain On Sale Of Business": NaN,
        "Restructuring And Mergern Acquisition": NaN,
        "Gain On Sale Of Security": -922000.0,
        "Net Non Operating Interest Income Expense": NaN,
        "Interest Expense Non Operating": NaN,
        "Interest Income Non Operating": NaN,
        "Operating Income": NaN,
        "Operating Expense": NaN,
        "Depreciation Amortization Depletion Income Statement": NaN,
        "Depreciation And Amortization In Income Statement": NaN,
        "Amortization": NaN,
        "Amortization Of Intangibles Income Statement": NaN,
        "Depreciation Income Statement": NaN,
        "Selling General And Administration": NaN,
        "Gross Profit": NaN,
        "Cost Of Revenue": NaN,
        "Total Revenue": NaN,
        "Operating Revenue": NaN
    },
    "2022-06-30": {
        "Tax Effect Of Unusual Items": 0.0,
        "Tax Rate For Calcs": 0.239071,
        "Normalized EBITDA": 35801000.0,
        "Total Unusual Items": 0.0,
        "Total Unusual Items Excluding Goodwill": 0.0,
        "Net Income From Continuing Operation Net Minority Interest": 19947000.0,
        "Reconciled Depreciation": 7701000.0,
        "Reconciled Cost Of Revenue": 851253000.0,
        "EBITDA": 35801000.0,
        "EBIT": 28100000.0,
        "Net Interest Income": -526000.0,
        "Interest Expense": 1886000.0,
        "Interest Income": 1360000.0,
        "Normalized Income": 19947000.0,
        "Net Income From Continuing And Discontinued Operation": 19947000.0,
        "Total Expenses": 934859000.0,
        "Total Operating Income As Reported": 27424000.0,
        "Diluted Average Shares": 25596000.0,
        "Basic Average Shares": 25285000.0,
        "Diluted EPS": 0.78,
        "Basic EPS": 0.79,
        "Diluted NI Availto Com Stockholders": 19947000.0,
        "Net Income Common Stockholders": 19947000.0,
        "Net Income": 19947000.0,
        "Net Income Including Noncontrolling Interests": 19947000.0,
        "Net Income Discontinuous Operations": 0.0,
        "Net Income Continuous Operations": 19947000.0,
        "Tax Provision": 6267000.0,
        "Pretax Income": 26214000.0,
        "Other Income Expense": -684000.0,
        "Other Non Operating Income Expenses": -684000.0,
        "Special Income Charges": 0.0,
        "Restructuring And Mergern Acquisition": 0.0,
        "Net Non Operating Interest Income Expense": -526000.0,
        "Interest Expense Non Operating": 1886000.0,
        "Interest Income Non Operating": 1360000.0,
        "Operating Income": 27424000.0,
        "Operating Expense": 83368000.0,
        "Depreciation Amortization Depletion Income Statement": 7463000.0,
        "Depreciation And Amortization In Income Statement": 7463000.0,
        "Amortization": 4440000.0,
        "Amortization Of Intangibles Income Statement": 4440000.0,
        "Depreciation Income Statement": 3023000.0,
        "Selling General And Administration": 75905000.0,
        "Gross Profit": 110792000.0,
        "Cost Of Revenue": 851491000.0,
        "Total Revenue": 962283000.0,
        "Operating Revenue": 962283000.0
    },
    "2022-03-31": {
        "Diluted EPS": 0.91,
        "Total Revenue": 846,
        "Gross Profit": 107,
        "Operating Income": 33,
        "EBIT": 40,
        "Net Income": 24
    },
    "2021-12-31": {
        "Diluted EPS": 0.9,
        "Total Revenue": 864,
        "Gross Profit": 108,
        "Operating Income": 31,
        "EBIT": 39,
        "Net Income": 23
    },
    "2021-09-30": {
        "Diluted EPS": 0.86,
        "Total Revenue": 858,
        "Gross Profit": 102,
        "Operating Income": 30,
        "EBIT": 38,
        "Net Income": 22
    },
    "2021-06-30": {
        "Diluted EPS": 0.94,
        "Total Revenue": 853,
        "Gross Profit": 96,
        "Operating Income": 23,
        "EBIT": 31,
        "Net Income": 24
    },
    "2021-03-31": {
        "Diluted EPS": 0.51,
        "Total Revenue": 730,
        "Gross Profit": 88,
        "Operating Income": 19,
        "EBIT": 28,
        "Net Income": 13
    },
    "2020-12-31": {
        "Diluted EPS": -0.56,
        "Total Revenue": 811,
        "Gross Profit": 86,
        "Operating Income": 17,
        "EBIT": 26,
        "Net Income": -14
    },
    "2020-09-30": {
        "Diluted EPS": -0.47,
        "Total Revenue": 757,
        "Gross Profit": 81,
        "Operating Income": 2,
        "EBIT": 10,
        "Net Income": -12
    },
    "2020-06-30": {
        "Diluted EPS": -8.56,
        "Total Revenue": 636,
        "Gross Profit": 74,
        "Operating Income": -113,
        "EBIT": -105,
        "Net Income": -217
    },
    "2020-03-31": {
        "Diluted EPS": 0.07,
        "Total Revenue": 745,
        "Gross Profit": 85,
        "Operating Income": 10,
        "EBIT": 19,
        "Net Income": 2
    },
    "2019-12-31": {
        "Diluted EPS": 0.45,
        "Total Revenue": 824,
        "Gross Profit": 98,
        "Operating Income": 19,
        "EBIT": 28,
        "Net Income": 11
    },
    "2019-09-30": {
        "Diluted EPS": 0.45,
        "Total Revenue": 843,
        "Gross Profit": 99,
        "Operating Income": 20,
        "EBIT": 28,
        "Net Income": 12
    },
    "2019-06-30": {
        "Diluted EPS": 0.45,
        "Total Revenue": 338,
        "Gross Profit": 50,
        "Operating Income": 25,
        "EBIT": 31,
        "Net Income": 12
    },
    "2019-03-31": {
        "Diluted EPS": 0.45,
        "Total Revenue": 893,
        "Gross Profit": 110,
        "Operating Income": 19,
        "EBIT": 28,
        "Net Income": 12
    },
    "2018-12-31": {
        "Diluted EPS": 0.78,
        "Total Revenue": NaN,
        "Gross Profit": 120,
        "Operating Income": 30,
        "EBIT": 39,
        "Net Income": 20
    },
    "2018-09-30": {
        "Diluted EPS": 0.56,
        "Total Revenue": 973,
        "Gross Profit": 112,
        "Operating Income": 21,
        "EBIT": 31,
        "Net Income": 14
    },
    "2018-06-30": {
        "Diluted EPS": 0.4,
        "Total Revenue": 312,
        "Gross Profit": 47,
        "Operating Income": 21,
        "EBIT": 27,
        "Net Income": 10
    },
    "2018-03-31": {
        "Diluted EPS": 0.42,
        "Total Revenue": 896,
        "Gross Profit": 104,
        "Operating Income": 18,
        "EBIT": 27,
        "Net Income": 11
    },
    "2017-12-31": {
        "Diluted EPS": 0.31,
        "Total Revenue": NaN,
        "Gross Profit": 113,
        "Operating Income": 22,
        "EBIT": 32,
        "Net Income": 8
    },
    "2017-09-30": {
        "Diluted EPS": 0.16,
        "Total Revenue": 925,
        "Gross Profit": 106,
        "Operating Income": 8,
        "EBIT": 17,
        "Net Income": 4
    },
    "2017-06-30": {
        "Diluted EPS": 0.73,
        "Total Revenue": 917,
        "Gross Profit": 101,
        "Operating Income": 22,
        "EBIT": 28,
        "Net Income": 19
    },
    "2017-03-31": {
        "Diluted EPS": 0.49,
        "Total Revenue": 814,
        "Gross Profit": 93,
        "Operating Income": 20,
        "EBIT": 27,
        "Net Income": 12
    },
    "2016-12-31": {
        "Diluted EPS": 0.91,
        "Total Revenue": 905,
        "Gross Profit": 99,
        "Operating Income": 23,
        "EBIT": 30,
        "Net Income": 23
    },
    "2016-09-30": {
        "Diluted EPS": 0.58,
        "Total Revenue": 933,
        "Gross Profit": 92,
        "Operating Income": 23,
        "EBIT": 28,
        "Net Income": 15
    },
    "2016-06-30": {
        "Diluted EPS": 0.5,
        "Total Revenue": 877,
        "Gross Profit": 83,
        "Operating Income": 19,
        "EBIT": 24,
        "Net Income": 13
    },
    "2016-03-31": {
        "Diluted EPS": 0.54,
        "Total Revenue": 798,
        "Gross Profit": 84,
        "Operating Income": 22,
        "EBIT": 26,
        "Net Income": 14
    },
    "2015-12-31": {
        "Diluted EPS": 0.77,
        "Total Revenue": 994,
        "Gross Profit": 101,
        "Operating Income": 32,
        "EBIT": 36,
        "Net Income": 21
    },
    "2015-09-30": {
        "Diluted EPS": 0.57,
        "Total Revenue": 871,
        "Gross Profit": 88,
        "Operating Income": 24,
        "EBIT": 28,
        "Net Income": 16
    },
    "2015-06-30": {
        "Diluted EPS": 0.57,
        "Total Revenue": 857,
        "Gross Profit": 91,
        "Operating Income": 25,
        "EBIT": 29,
        "Net Income": 16
    },
    "2015-03-31": {
        "Diluted EPS": 0.45,
        "Total Revenue": 763,
        "Gross Profit": 80,
        "Operating Income": 21,
        "EBIT": 25,
        "Net Income": 13
    },
    "2014-12-31": {
        "Diluted EPS": 0.58,
        "Total Revenue": 807,
        "Gross Profit": 78,
        "Operating Income": 26,
        "EBIT": 29,
        "Net Income": 17
    },
    "2014-09-30": {
        "Diluted EPS": 0.67,
        "Total Revenue": 792,
        "Gross Profit": 78,
        "Operating Income": 29,
        "EBIT": 31,
        "Net Income": 19
    },
    "2014-06-30": {
        "Diluted EPS": 0.94,
        "Total Revenue": 758,
        "Gross Profit": 74,
        "Operating Income": 40,
        "EBIT": 42,
        "Net Income": 27
    },
    "2014-03-31": {
        "Diluted EPS": 0.59,
        "Total Revenue": 683,
        "Gross Profit": 73,
        "Operating Income": 26,
        "EBIT": 27,
        "Net Income": 17
    },
    "2013-12-31": {
        "Diluted EPS": 0.64,
        "Total Revenue": 741,
        "Gross Profit": 77,
        "Operating Income": 27,
        "EBIT": 29,
        "Net Income": 18
    },
    "2013-09-30": {
        "Diluted EPS": 0.69,
        "Total Revenue": 732,
        "Gross Profit": 76,
        "Operating Income": 28,
        "EBIT": 30,
        "Net Income": 19
    },
    "2013-06-30": {
        "Diluted EPS": -0.48,
        "Total Revenue": 713,
        "Gross Profit": 76,
        "Operating Income": -20,
        "EBIT": -18,
        "Net Income": -13
    },
    "2013-03-31": {
        "Diluted EPS": 0.5,
        "Total Revenue": 683,
        "Gross Profit": 69,
        "Operating Income": 21,
        "EBIT": 23,
        "Net Income": 14
    },
    "2012-12-31": {
        "Diluted EPS": 0.59,
        "Total Revenue": 748,
        "Gross Profit": 74,
        "Operating Income": 24,
        "EBIT": 27,
        "Net Income": 16
    },
    "2012-09-30": {
        "Diluted EPS": 0.63,
        "Total Revenue": 734,
        "Gross Profit": 74,
        "Operating Income": 26,
        "EBIT": 29,
        "Net Income": 18
    },
    "2012-06-30": {
        "Diluted EPS": 0.71,
        "Total Revenue": 754,
        "Gross Profit": 74,
        "Operating Income": 28,
        "EBIT": 31,
        "Net Income": 20
    },
    "2012-03-31": {
        "Diluted EPS": 0.53,
        "Total Revenue": 708,
        "Gross Profit": 69,
        "Operating Income": 21,
        "EBIT": 24,
        "Net Income": 15
    },
    "2011-12-31": {
        "Diluted EPS": 0.77,
        "Total Revenue": 783,
        "Gross Profit": 80,
        "Operating Income": 32,
        "EBIT": 34,
        "Net Income": 21
    },
    "2011-09-30": {
        "Diluted EPS": 0.67,
        "Total Revenue": 770,
        "Gross Profit": 79,
        "Operating Income": 32,
        "EBIT": 34,
        "Net Income": 18
    },
    "2011-06-30": {
        "Diluted EPS": 0.72,
        "Total Revenue": 735,
        "Gross Profit": 74,
        "Operating Income": 29,
        "EBIT": 32,
        "Net Income": 20
    },
    "2011-03-31": {
        "Diluted EPS": 0.6,
        "Total Revenue": 613,
        "Gross Profit": 66,
        "Operating Income": 25,
        "EBIT": 27,
        "Net Income": 17
    },
    "2010-12-31": {
        "Diluted EPS": 0.8,
        "Total Revenue": 684,
        "Gross Profit": 71,
        "Operating Income": 34,
        "EBIT": 35,
        "Net Income": 22
    },
    "2010-09-30": {
        "Diluted EPS": 0.58,
        "Total Revenue": 635,
        "Gross Profit": 63,
        "Operating Income": 25,
        "EBIT": 26,
        "Net Income": 16
    },
    "2010-06-30": {
        "Diluted EPS": 0.52,
        "Total Revenue": 582,
        "Gross Profit": 57,
        "Operating Income": 21,
        "EBIT": 23,
        "Net Income": 14
    },
    "2010-03-31": {
        "Diluted EPS": 0.45,
        "Total Revenue": 496,
        "Gross Profit": 54,
        "Operating Income": 19,
        "EBIT": 21,
        "Net Income": 12
    },
    "2009-12-31": {
        "Diluted EPS": 0.44,
        "Total Revenue": 548,
        "Gross Profit": 56,
        "Operating Income": 18,
        "EBIT": 20,
        "Net Income": 12
    },
    "2009-09-30": {
        "Diluted EPS": 0.41,
        "Total Revenue": 488,
        "Gross Profit": 51,
        "Operating Income": 18,
        "EBIT": 19,
        "Net Income": 11
    },
    "2009-06-30": {
        "Diluted EPS": 0.46,
        "Total Revenue": 441,
        "Gross Profit": 53,
        "Operating Income": 20,
        "EBIT": 22,
        "Net Income": 13
    },
    "2009-03-31": {
        "Diluted EPS": 0.35,
        "Total Revenue": 390,
        "Gross Profit": 48,
        "Operating Income": 15,
        "EBIT": 17,
        "Net Income": 9
    },
    "2023-06-30": {
        "Tax Effect Of Unusual Items": NaN,
        "Tax Rate For Calcs": NaN,
        "Normalized EBITDA": NaN,
        "Total Unusual Items": NaN,
        "Total Unusual Items Excluding Goodwill": NaN,
        "Net Income From Continuing Operation Net Minority Interest": NaN,
        "Reconciled Depreciation": NaN,
        "Reconciled Cost Of Revenue": NaN,
        "EBITDA": NaN,
        "EBIT": NaN,
        "Net Interest Income": NaN,
        "Interest Expense": NaN,
        "Interest Income": NaN,
        "Normalized Income": NaN,
        "Net Income From Continuing And Discontinued Operation": NaN,
        "Total Expenses": NaN,
        "Total Operating Income As Reported": NaN,
        "Diluted Average Shares": NaN,
        "Basic Average Shares": NaN,
        "Diluted EPS": NaN,
        "Basic EPS": NaN,
        "Diluted NI Availto Com Stockholders": NaN,
        "Net Income Common Stockholders": NaN,
        "Net Income": NaN,
        "Net Income Including Noncontrolling Interests": NaN,
        "Net Income Discontinuous Operations": 1717000.0,
        "Net Income Continuous Operations": NaN,
        "Tax Provision": NaN,
        "Pretax Income": NaN,
        "Other Income Expense": NaN,
        "Other Non Operating Income Expenses": NaN,
        "Special Income Charges": NaN,
        "Gain On Sale Of Business": NaN,
        "Restructuring And Mergern Acquisition": NaN,
        "Gain On Sale Of Security": NaN,
        "Net Non Operating Interest Income Expense": NaN,
        "Interest Expense Non Operating": NaN,
        "Interest Income Non Operating": NaN,
        "Operating Income": NaN,
        "Operating Expense": NaN,
        "Depreciation Amortization Depletion Income Statement": NaN,
        "Depreciation And Amortization In Income Statement": NaN,
        "Amortization": NaN,
        "Amortization Of Intangibles Income Statement": NaN,
        "Depreciation Income Statement": NaN,
        "Selling General And Administration": NaN,
        "Gross Profit": NaN,
        "Cost Of Revenue": NaN,
        "Total Revenue": NaN,
        "Operating Revenue": NaN
    },
    "2023-09-30": {
        "Tax Effect Of Unusual Items": NaN,
        "Tax Rate For Calcs": NaN,
        "Normalized EBITDA": NaN,
        "Total Unusual Items": NaN,
        "Total Unusual Items Excluding Goodwill": NaN,
        "Net Income From Continuing Operation Net Minority Interest": NaN,
        "Reconciled Depreciation": NaN,
        "Reconciled Cost Of Revenue": NaN,
        "EBITDA": NaN,
        "EBIT": NaN,
        "Net Interest Income": NaN,
        "Interest Expense": NaN,
        "Interest Income": NaN,
        "Normalized Income": NaN,
        "Net Income From Continuing And Discontinued Operation": NaN,
        "Total Expenses": NaN,
        "Total Operating Income As Reported": NaN,
        "Diluted Average Shares": NaN,
        "Basic Average Shares": NaN,
        "Diluted EPS": NaN,
        "Basic EPS": NaN,
        "Diluted NI Availto Com Stockholders": NaN,
        "Net Income Common Stockholders": NaN,
        "Net Income": NaN,
        "Net Income Including Noncontrolling Interests": NaN,
        "Net Income Continuous Operations": NaN,
        "Tax Provision": NaN,
        "Pretax Income": NaN,
        "Other Income Expense": NaN,
        "Other Non Operating Income Expenses": NaN,
        "Special Income Charges": NaN,
        "Gain On Sale Of Business": NaN,
        "Restructuring And Mergern Acquisition": NaN,
        "Gain On Sale Of Security": -696000.0,
        "Net Non Operating Interest Income Expense": NaN,
        "Interest Expense Non Operating": NaN,
        "Interest Income Non Operating": NaN,
        "Operating Income": NaN,
        "Operating Expense": NaN,
        "Depreciation Amortization Depletion Income Statement": NaN,
        "Depreciation And Amortization In Income Statement": NaN,
        "Amortization": NaN,
        "Amortization Of Intangibles Income Statement": NaN,
        "Depreciation Income Statement": NaN,
        "Selling General And Administration": NaN,
        "Gross Profit": NaN,
        "Cost Of Revenue": NaN,
        "Total Revenue": NaN,
        "Operating Revenue": NaN
    },
    "2023-12-31": {
        "Tax Effect Of Unusual Items": NaN,
        "Tax Rate For Calcs": NaN,
        "Normalized EBITDA": NaN,
        "Total Unusual Items": NaN,
        "Total Unusual Items Excluding Goodwill": NaN,
        "Net Income From Continuing Operation Net Minority Interest": NaN,
        "Reconciled Depreciation": NaN,
        "Reconciled Cost Of Revenue": NaN,
        "EBITDA": NaN,
        "EBIT": NaN,
        "Net Interest Income": NaN,
        "Interest Expense": NaN,
        "Interest Income": NaN,
        "Normalized Income": NaN,
        "Net Income From Continuing And Discontinued Operation": NaN,
        "Total Expenses": NaN,
        "Total Operating Income As Reported": NaN,
        "Diluted Average Shares": 25334000.0,
        "Basic Average Shares": 25035000.0,
        "Diluted EPS": 1.29,
        "Basic EPS": 1.31,
        "Diluted NI Availto Com Stockholders": NaN,
        "Net Income Common Stockholders": NaN,
        "Net Income": NaN,
        "Net Income Including Noncontrolling Interests": NaN,
        "Net Income Continuous Operations": NaN,
        "Tax Provision": NaN,
        "Pretax Income": NaN,
        "Other Income Expense": NaN,
        "Other Non Operating Income Expenses": NaN,
        "Special Income Charges": NaN,
        "Gain On Sale Of Business": 14533000.0,
        "Restructuring And Mergern Acquisition": NaN,
        "Gain On Sale Of Security": NaN,
        "Net Non Operating Interest Income Expense": NaN,
        "Interest Expense Non Operating": NaN,
        "Interest Income Non Operating": NaN,
        "Operating Income": NaN,
        "Operating Expense": NaN,
        "Depreciation Amortization Depletion Income Statement": NaN,
        "Depreciation And Amortization In Income Statement": NaN,
        "Amortization": NaN,
        "Amortization Of Intangibles Income Statement": NaN,
        "Depreciation Income Statement": NaN,
        "Selling General And Administration": NaN,
        "Gross Profit": NaN,
        "Cost Of Revenue": NaN,
        "Total Revenue": NaN,
        "Operating Revenue": NaN
    },
    "2024-03-31": {
        "Tax Effect Of Unusual Items": -1270160.762032,
        "Tax Rate For Calcs": 0.286653,
        "Normalized EBITDA": 31126000.0,
        "Total Unusual Items": -4431000.0,
        "Total Unusual Items Excluding Goodwill": -4431000.0,
        "Net Income From Continuing Operation Net Minority Interest": 12806000.0,
        "Reconciled Depreciation": 6742000.0,
        "Reconciled Cost Of Revenue": 657818000.0,
        "EBITDA": 26695000.0,
        "EBIT": 19953000.0,
        "Net Interest Income": 651000.0,
        "Interest Expense": 2001000.0,
        "Interest Income": 2652000.0,
        "Normalized Income": 15966839.237968,
        "Net Income From Continuing And Discontinued Operation": 12806000.0,
        "Total Expenses": 731134000.0,
        "Total Operating Income As Reported": 17542000.0,
        "Diluted Average Shares": 25437000.0,
        "Basic Average Shares": 25025000.0,
        "Diluted EPS": 0.5,
        "Basic EPS": 0.51,
        "Diluted NI Availto Com Stockholders": 12806000.0,
        "Net Income Common Stockholders": 12806000.0,
        "Net Income": 12806000.0,
        "Net Income Including Noncontrolling Interests": 12806000.0,
        "Net Income Continuous Operations": 12806000.0,
        "Tax Provision": 5146000.0,
        "Pretax Income": 17952000.0,
        "Other Income Expense": -4164000.0,
        "Other Non Operating Income Expenses": 267000.0,
        "Special Income Charges": -3923000.0,
        "Gain On Sale Of Business": 0.0,
        "Restructuring And Mergern Acquisition": 3923000.0,
        "Gain On Sale Of Security": -508000.0,
        "Net Non Operating Interest Income Expense": 651000.0,
        "Interest Expense Non Operating": 2001000.0,
        "Interest Income Non Operating": 2652000.0,
        "Operating Income": 21465000.0,
        "Operating Expense": 73016000.0,
        "Depreciation Amortization Depletion Income Statement": 6442000.0,
        "Depreciation And Amortization In Income Statement": 6442000.0,
        "Amortization": 3752000.0,
        "Amortization Of Intangibles Income Statement": 3752000.0,
        "Depreciation Income Statement": 2690000.0,
        "Selling General And Administration": 66574000.0,
        "Gross Profit": 94481000.0,
        "Cost Of Revenue": 658118000.0,
        "Total Revenue": 752599000.0,
        "Operating Revenue": 752599000.0
    },
    "2024-06-30": {
        "Tax Effect Of Unusual Items": -236420.514628,
        "Tax Rate For Calcs": 0.2908,
        "Normalized EBITDA": 32385000.0,
        "Total Unusual Items": -813000.0,
        "Total Unusual Items Excluding Goodwill": -813000.0,
        "Net Income From Continuing Operation Net Minority Interest": 16096000.0,
        "Reconciled Depreciation": 6792000.0,
        "Reconciled Cost Of Revenue": 648518000.0,
        "EBITDA": 31572000.0,
        "EBIT": 24780000.0,
        "Net Interest Income": 1201000.0,
        "Interest Expense": 2084000.0,
        "Interest Income": 3285000.0,
        "Normalized Income": 16672579.485372,
        "Net Income From Continuing And Discontinued Operation": 16096000.0,
        "Total Expenses": 723808000.0,
        "Total Operating Income As Reported": 21870000.0,
        "Diluted Average Shares": NaN,
        "Basic Average Shares": NaN,
        "Diluted EPS": NaN,
        "Basic EPS": NaN,
        "Diluted NI Availto Com Stockholders": 16096000.0,
        "Net Income Common Stockholders": 16096000.0,
        "Net Income": 16096000.0,
        "Net Income Including Noncontrolling Interests": 16096000.0,
        "Net Income Continuous Operations": 16096000.0,
        "Tax Provision": 6600000.0,
        "Pretax Income": 22696000.0,
        "Other Income Expense": -810000.0,
        "Other Non Operating Income Expenses": 3000.0,
        "Special Income Charges": -813000.0,
        "Gain On Sale Of Business": -378000.0,
        "Restructuring And Mergern Acquisition": 435000.0,
        "Gain On Sale Of Security": NaN,
        "Net Non Operating Interest Income Expense": 1201000.0,
        "Interest Expense Non Operating": 2084000.0,
        "Interest Income Non Operating": 3285000.0,
        "Operating Income": 22305000.0,
        "Operating Expense": 75009000.0,
        "Depreciation Amortization Depletion Income Statement": 6511000.0,
        "Depreciation And Amortization In Income Statement": 6511000.0,
        "Amortization": 3741000.0,
        "Amortization Of Intangibles Income Statement": 3741000.0,
        "Depreciation Income Statement": 2770000.0,
        "Selling General And Administration": 68498000.0,
        "Gross Profit": 97314000.0,
        "Cost Of Revenue": 648799000.0,
        "Total Revenue": 746113000.0,
        "Operating Revenue": 746113000.0
    },
    "2024-09-30": {
        "Tax Effect Of Unusual Items": -1409922.0,
        "Tax Rate For Calcs": 0.261,
        "Normalized EBITDA": 37944000.0,
        "Total Unusual Items": -5402000.0,
        "Total Unusual Items Excluding Goodwill": -5402000.0,
        "Net Income From Continuing Operation Net Minority Interest": 16974000.0,
        "Reconciled Depreciation": 7471000.0,
        "Reconciled Cost Of Revenue": 673705000.0,
        "EBITDA": 32542000.0,
        "EBIT": 25071000.0,
        "Net Interest Income": 550000.0,
        "Interest Expense": 2109000.0,
        "Interest Income": 2659000.0,
        "Normalized Income": 20966078.0,
        "Net Income From Continuing And Discontinued Operation": 16974000.0,
        "Total Expenses": 752882000.0,
        "Total Operating Income As Reported": 17630000.0,
        "Diluted Average Shares": 24646000.0,
        "Basic Average Shares": 24147000.0,
        "Diluted EPS": 0.69,
        "Basic EPS": 0.7,
        "Diluted NI Availto Com Stockholders": 16974000.0,
        "Net Income Common Stockholders": 16974000.0,
        "Net Income": 16974000.0,
        "Net Income Including Noncontrolling Interests": 16974000.0,
        "Net Income Continuous Operations": 16974000.0,
        "Tax Provision": 5988000.0,
        "Pretax Income": 22962000.0,
        "Other Income Expense": -286000.0,
        "Other Non Operating Income Expenses": 5116000.0,
        "Special Income Charges": -5068000.0,
        "Gain On Sale Of Business": NaN,
        "Restructuring And Mergern Acquisition": 5068000.0,
        "Gain On Sale Of Security": -334000.0,
        "Net Non Operating Interest Income Expense": 550000.0,
        "Interest Expense Non Operating": 2109000.0,
        "Interest Income Non Operating": 2659000.0,
        "Operating Income": 22698000.0,
        "Operating Expense": 78921000.0,
        "Depreciation Amortization Depletion Income Statement": 7215000.0,
        "Depreciation And Amortization In Income Statement": 7215000.0,
        "Amortization": 4358000.0,
        "Amortization Of Intangibles Income Statement": 4358000.0,
        "Depreciation Income Statement": 2857000.0,
        "Selling General And Administration": 71706000.0,
        "Gross Profit": 101619000.0,
        "Cost Of Revenue": 673961000.0,
        "Total Revenue": 775580000.0,
        "Operating Revenue": 775580000.0
    },
    "2024-12-31": {
        "Tax Effect Of Unusual Items": -196560.0,
        "Tax Rate For Calcs": 0.135,
        "Normalized EBITDA": 31268000.0,
        "Total Unusual Items": -1456000.0,
        "Total Unusual Items Excluding Goodwill": -1456000.0,
        "Net Income From Continuing Operation Net Minority Interest": 17053000.0,
        "Reconciled Depreciation": 8132000.0,
        "Reconciled Cost Of Revenue": 645545000.0,
        "EBITDA": 29812000.0,
        "EBIT": 21680000.0,
        "Net Interest Income": 723000.0,
        "Interest Expense": 1970000.0,
        "Interest Income": 2693000.0,
        "Normalized Income": 18312440.0,
        "Net Income From Continuing And Discontinued Operation": 17053000.0,
        "Total Expenses": 727597000.0,
        "Total Operating Income As Reported": 18444000.0,
        "Diluted Average Shares": 24217000.0,
        "Basic Average Shares": 23806000.0,
        "Diluted EPS": 0.7,
        "Basic EPS": 0.72,
        "Diluted NI Availto Com Stockholders": 17053000.0,
        "Net Income Common Stockholders": 17053000.0,
        "Net Income": 17053000.0,
        "Net Income Including Noncontrolling Interests": 17053000.0,
        "Net Income Continuous Operations": 17053000.0,
        "Tax Provision": 2657000.0,
        "Pretax Income": 19710000.0,
        "Other Income Expense": -913000.0,
        "Other Non Operating Income Expenses": 543000.0,
        "Special Income Charges": -1456000.0,
        "Gain On Sale Of Business": 0.0,
        "Restructuring And Mergern Acquisition": 1456000.0,
        "Gain On Sale Of Security": NaN,
        "Net Non Operating Interest Income Expense": 723000.0,
        "Interest Expense Non Operating": 1970000.0,
        "Interest Income Non Operating": 2693000.0,
        "Operating Income": 19900000.0,
        "Operating Expense": 81823000.0,
        "Depreciation Amortization Depletion Income Statement": 7903000.0,
        "Depreciation And Amortization In Income Statement": 7903000.0,
        "Amortization": 5001000.0,
        "Amortization Of Intangibles Income Statement": 5001000.0,
        "Depreciation Income Statement": 2902000.0,
        "Selling General And Administration": 73920000.0,
        "Gross Profit": 101723000.0,
        "Cost Of Revenue": 645774000.0,
        "Total Revenue": 747497000.0,
        "Operating Revenue": 747497000.0
    },
    "2025-03-31": {
        "Tax Effect Of Unusual Items": -290020.226203,
        "Tax Rate For Calcs": 0.280484,
        "Normalized EBITDA": 34588000.0,
        "Total Unusual Items": -1034000.0,
        "Total Unusual Items Excluding Goodwill": -1034000.0,
        "Net Income From Continuing Operation Net Minority Interest": 17431000.0,
        "Reconciled Depreciation": 7492000.0,
        "Reconciled Cost Of Revenue": 604414000.0,
        "EBITDA": 33554000.0,
        "EBIT": 26062000.0,
        "Net Interest Income": 1005000.0,
        "Interest Expense": 1836000.0,
        "Interest Income": 2841000.0,
        "Normalized Income": 18174979.773797,
        "Net Income From Continuing And Discontinued Operation": 17431000.0,
        "Total Expenses": 681604000.0,
        "Total Operating Income As Reported": 22339000.0,
        "Diluted Average Shares": 23604000.0,
        "Basic Average Shares": 23275000.0,
        "Diluted EPS": 0.74,
        "Basic EPS": 0.75,
        "Diluted NI Availto Com Stockholders": 17431000.0,
        "Net Income Common Stockholders": 17431000.0,
        "Net Income": 17431000.0,
        "Net Income Including Noncontrolling Interests": 17431000.0,
        "Net Income Continuous Operations": 17431000.0,
        "Tax Provision": 6795000.0,
        "Pretax Income": 24226000.0,
        "Other Income Expense": -22000.0,
        "Other Non Operating Income Expenses": 1012000.0,
        "Special Income Charges": -904000.0,
        "Gain On Sale Of Business": 0.0,
        "Restructuring And Mergern Acquisition": 904000.0,
        "Gain On Sale Of Security": -130000.0,
        "Net Non Operating Interest Income Expense": 1005000.0,
        "Interest Expense Non Operating": 1836000.0,
        "Interest Income Non Operating": 2841000.0,
        "Operating Income": 23243000.0,
        "Operating Expense": 76959000.0,
        "Depreciation Amortization Depletion Income Statement": 7261000.0,
        "Depreciation And Amortization In Income Statement": 7261000.0,
        "Amortization": 4941000.0,
        "Amortization Of Intangibles Income Statement": 4941000.0,
        "Depreciation Income Statement": 2320000.0,
        "Selling General And Administration": 69698000.0,
        "Gross Profit": 100202000.0,
        "Cost Of Revenue": 604645000.0,
        "Total Revenue": 704847000.0,
        "Operating Revenue": 704847000.0
    }
}