{
    "2023-03-31": {
        "Tax Effect Of Unusual Items": 0.0,
        "Tax Rate For Calcs": 0.21,
        "Normalized EBITDA": -378000.0,
        "Net Income From Continuing Operation Net Minority Interest": -4684000.0,
        "Reconciled Depreciation": 2089000.0,
        "Reconciled Cost Of Revenue": 17374000.0,
        "EBITDA": -378000.0,
        "EBIT": -2467000.0,
        "Net Interest Income": -2014000.0,
        "Interest Expense": 2145000.0,
        "Interest Income": 131000.0,
        "Normalized Income": -4684000.0,
        "Net Income From Continuing And Discontinued Operation": -4684000.0,
        "Total Expenses": 24125000.0,
        "Total Operating Income As Reported": -2598000.0,
        "Diluted Average Shares": 84799670.0,
        "Basic Average Shares": 84799670.0,
        "Diluted EPS": -0.06,
        "Basic EPS": -0.06,
        "Diluted NI Availto Com Stockholders": -4684000.0,
        "Net Income Common Stockholders": -4684000.0,
        "Net Income": -4684000.0,
        "Net Income Including Noncontrolling Interests": -4684000.0,
        "Net Income Continuous Operations": -4684000.0,
        "Tax Provision": 72000.0,
        "Pretax Income": -4612000.0,
        "Net Non Operating Interest Income Expense": -2014000.0,
        "Interest Expense Non Operating": 2145000.0,
        "Interest Income Non Operating": 131000.0,
        "Operating Income": -2598000.0,
        "Operating Expense": 4846000.0,
        "Depreciation Amortization Depletion Income Statement": 184000.0,
        "Depreciation And Amortization In Income Statement": 184000.0,
        "Amortization": 184000.0,
        "Amortization Of Intangibles Income Statement": 184000.0,
        "Selling General And Administration": 4662000.0,
        "Gross Profit": 2248000.0,
        "Cost Of Revenue": 19279000.0,
        "Total Revenue": 21527000.0,
        "Operating Revenue": 21527000.0
    },
    "2022-12-31": {
        "Tax Effect Of Unusual Items": 0.0,
        "Tax Rate For Calcs": 0.0,
        "Normalized EBITDA": 2730000.0,
        "Total Unusual Items": -4996000.0,
        "Total Unusual Items Excluding Goodwill": -4996000.0,
        "Net Income From Continuing Operation Net Minority Interest": -9169000.0,
        "Reconciled Depreciation": 2117000.0,
        "Reconciled Cost Of Revenue": 15540000.0,
        "EBITDA": -2266000.0,
        "EBIT": -4383000.0,
        "Net Interest Income": -3681000.0,
        "Interest Expense": 3681000.0,
        "Interest Income": NaN,
        "Normalized Income": -4173000.0,
        "Net Income From Continuing And Discontinued Operation": -9169000.0,
        "Total Expenses": 23666000.0,
        "Total Operating Income As Reported": 613000.0,
        "Diluted Average Shares": NaN,
        "Basic Average Shares": NaN,
        "Diluted EPS": NaN,
        "Basic EPS": NaN,
        "Diluted NI Availto Com Stockholders": -9169000.0,
        "Net Income Common Stockholders": -9169000.0,
        "Net Income": -9169000.0,
        "Net Income Including Noncontrolling Interests": -9169000.0,
        "Net Income Continuous Operations": -9169000.0,
        "Tax Provision": NaN,
        "Pretax Income": -8064000.0,
        "Special Income Charges": -4996000.0,
        "Net Non Operating Interest Income Expense": -3681000.0,
        "Interest Expense Non Operating": 3681000.0,
        "Interest Income Non Operating": NaN,
        "Operating Income": 613000.0,
        "Operating Expense": 6229000.0,
        "Depreciation Amortization Depletion Income Statement": 220000.0,
        "Depreciation And Amortization In Income Statement": 220000.0,
        "Amortization": 220000.0,
        "Amortization Of Intangibles Income Statement": 220000.0,
        "Selling General And Administration": 6009000.0,
        "Gross Profit": 6842000.0,
        "Cost Of Revenue": 17437000.0,
        "Total Revenue": 24279000.0,
        "Operating Revenue": 24279000.0
    },
    "2022-09-30": {
        "Tax Effect Of Unusual Items": 0.0,
        "Tax Rate For Calcs": 0.0,
        "Normalized EBITDA": 2381000.0,
        "Total Unusual Items": 0.0,
        "Total Unusual Items Excluding Goodwill": 0.0,
        "Net Income From Continuing Operation Net Minority Interest": -3329000.0,
        "Reconciled Depreciation": 2166000.0,
        "Reconciled Cost Of Revenue": 14133000.0,
        "EBITDA": 2381000.0,
        "EBIT": 215000.0,
        "Net Interest Income": -3544000.0,
        "Interest Expense": 3544000.0,
        "Interest Income": NaN,
        "Normalized Income": -3329000.0,
        "Net Income From Continuing And Discontinued Operation": -3329000.0,
        "Total Expenses": 21374000.0,
        "Total Operating Income As Reported": 215000.0,
        "Diluted Average Shares": 56666473.0,
        "Basic Average Shares": 56666473.0,
        "Diluted EPS": -0.06,
        "Basic EPS": -0.06,
        "Diluted NI Availto Com Stockholders": -3329000.0,
        "Net Income Common Stockholders": -3329000.0,
        "Net Income": -3329000.0,
        "Net Income Including Noncontrolling Interests": -3329000.0,
        "Net Income Continuous Operations": -3329000.0,
        "Tax Provision": NaN,
        "Pretax Income": -3329000.0,
        "Special Income Charges": 0.0,
        "Net Non Operating Interest Income Expense": -3544000.0,
        "Interest Expense Non Operating": 3544000.0,
        "Interest Income Non Operating": NaN,
        "Operating Income": 215000.0,
        "Operating Expense": 5319000.0,
        "Depreciation Amortization Depletion Income Statement": 244000.0,
        "Depreciation And Amortization In Income Statement": 244000.0,
        "Amortization": 244000.0,
        "Amortization Of Intangibles Income Statement": 244000.0,
        "Selling General And Administration": 5075000.0,
        "Gross Profit": 5534000.0,
        "Cost Of Revenue": 16055000.0,
        "Total Revenue": 21589000.0,
        "Operating Revenue": 21589000.0
    },
    "2022-06-30": {
        "Tax Effect Of Unusual Items": 0.0,
        "Tax Rate For Calcs": 0.0,
        "Normalized EBITDA": 2324000.0,
        "Total Unusual Items": 0.0,
        "Total Unusual Items Excluding Goodwill": 0.0,
        "Net Income From Continuing Operation Net Minority Interest": -3119000.0,
        "Reconciled Depreciation": 2022000.0,
        "Reconciled Cost Of Revenue": 15668000.0,
        "EBITDA": 2324000.0,
        "EBIT": 302000.0,
        "Net Interest Income": -3421000.0,
        "Interest Expense": 3421000.0,
        "Interest Income": NaN,
        "Normalized Income": -3119000.0,
        "Net Income From Continuing And Discontinued Operation": -3119000.0,
        "Total Expenses": 22850000.0,
        "Total Operating Income As Reported": 302000.0,
        "Diluted Average Shares": 56598706.0,
        "Basic Average Shares": 56598706.0,
        "Diluted EPS": -0.06,
        "Basic EPS": -0.06,
        "Diluted NI Availto Com Stockholders": -3119000.0,
        "Net Income Common Stockholders": -3119000.0,
        "Net Income": -3119000.0,
        "Net Income Including Noncontrolling Interests": -3119000.0,
        "Net Income Continuous Operations": -3119000.0,
        "Tax Provision": NaN,
        "Pretax Income": -3119000.0,
        "Special Income Charges": 0.0,
        "Net Non Operating Interest Income Expense": -3421000.0,
        "Interest Expense Non Operating": 3421000.0,
        "Interest Income Non Operating": NaN,
        "Operating Income": 302000.0,
        "Operating Expense": 5380000.0,
        "Depreciation Amortization Depletion Income Statement": 220000.0,
        "Depreciation And Amortization In Income Statement": 220000.0,
        "Amortization": 220000.0,
        "Amortization Of Intangibles Income Statement": 220000.0,
        "Selling General And Administration": 5160000.0,
        "Gross Profit": 5682000.0,
        "Cost Of Revenue": 17470000.0,
        "Total Revenue": 23152000.0,
        "Operating Revenue": 23152000.0
    },
    "2022-03-31": {
        "Diluted EPS": -0.08,
        "Total Revenue": 21,
        "Gross Profit": 5,
        "Operating Income": -1,
        "EBIT": 1,
        "Net Income": -4
    },
    "2021-12-31": {
        "Diluted EPS": 0.01,
        "Total Revenue": 22,
        "Gross Profit": 7,
        "Operating Income": 1,
        "EBIT": 3,
        "Net Income": -2
    },
    "2021-09-30": {
        "Diluted EPS": -0.07,
        "Total Revenue": 18,
        "Gross Profit": 5,
        "Operating Income": 0,
        "EBIT": 2,
        "Net Income": -3
    },
    "2021-06-30": {
        "Diluted EPS": 0.03,
        "Total Revenue": 18,
        "Gross Profit": 6,
        "Operating Income": 2,
        "EBIT": 3,
        "Net Income": 1
    },
    "2021-03-31": {
        "Diluted EPS": -0.23,
        "Total Revenue": 17,
        "Gross Profit": 2,
        "Operating Income": -3,
        "EBIT": -1,
        "Net Income": -7
    },
    "2020-12-31": {
        "Diluted EPS": -0.49,
        "Total Revenue": 10,
        "Gross Profit": -3,
        "Operating Income": -7,
        "EBIT": -5,
        "Net Income": -12
    },
    "2020-09-30": {
        "Diluted EPS": -0.09,
        "Total Revenue": 19,
        "Gross Profit": 8,
        "Operating Income": 2,
        "EBIT": 5,
        "Net Income": -2
    },
    "2020-06-30": {
        "Diluted EPS": -0.25,
        "Total Revenue": 16,
        "Gross Profit": 4,
        "Operating Income": -1,
        "EBIT": 1,
        "Net Income": -6
    },
    "2020-03-31": {
        "Diluted EPS": -0.33,
        "Total Revenue": 22,
        "Gross Profit": 4,
        "Operating Income": -3,
        "EBIT": 0,
        "Net Income": -8
    },
    "2019-12-31": {
        "Diluted EPS": -0.39,
        "Total Revenue": 18,
        "Gross Profit": 6,
        "Operating Income": 0,
        "EBIT": 3,
        "Net Income": -10
    },
    "2019-09-30": {
        "Diluted EPS": -0.18,
        "Total Revenue": 25,
        "Gross Profit": 14,
        "Operating Income": 9,
        "EBIT": 12,
        "Net Income": -4
    },
    "2019-06-30": {
        "Diluted EPS": -0.12,
        "Total Revenue": 31,
        "Gross Profit": 17,
        "Operating Income": 10,
        "EBIT": 12,
        "Net Income": -3
    },
    "2019-03-31": {
        "Diluted EPS": -0.1,
        "Total Revenue": 25,
        "Gross Profit": 11,
        "Operating Income": 4,
        "EBIT": 6,
        "Net Income": -2
    },
    "2018-12-31": {
        "Diluted EPS": -1.99,
        "Total Revenue": 18,
        "Gross Profit": 6,
        "Operating Income": 52,
        "EBIT": 54,
        "Net Income": -41
    },
    "2018-09-30": {
        "Diluted EPS": -0.64,
        "Total Revenue": 18,
        "Gross Profit": 10,
        "Operating Income": -14,
        "EBIT": -12,
        "Net Income": -13
    },
    "2018-06-30": {
        "Diluted EPS": -0.62,
        "Total Revenue": 22,
        "Gross Profit": 10,
        "Operating Income": -13,
        "EBIT": -11,
        "Net Income": -13
    },
    "2018-03-31": {
        "Diluted EPS": -0.65,
        "Total Revenue": 20,
        "Gross Profit": 9,
        "Operating Income": -13,
        "EBIT": -11,
        "Net Income": -12
    },
    "2017-12-31": {
        "Diluted EPS": -1.25,
        "Total Revenue": 19,
        "Gross Profit": 9,
        "Operating Income": 40,
        "EBIT": 41,
        "Net Income": -24
    },
    "2017-09-30": {
        "Diluted EPS": -0.48,
        "Total Revenue": 17,
        "Gross Profit": 10,
        "Operating Income": -11,
        "EBIT": -9,
        "Net Income": -9
    },
    "2017-06-30": {
        "Diluted EPS": -0.48,
        "Total Revenue": 17,
        "Gross Profit": 6,
        "Operating Income": -9,
        "EBIT": -8,
        "Net Income": -9
    },
    "2017-03-31": {
        "Diluted EPS": -0.42,
        "Total Revenue": 19,
        "Gross Profit": 8,
        "Operating Income": -7,
        "EBIT": -5,
        "Net Income": -8
    },
    "2016-12-31": {
        "Diluted EPS": -0.78,
        "Total Revenue": 17,
        "Gross Profit": 6,
        "Operating Income": -10,
        "EBIT": -8,
        "Net Income": -10
    },
    "2016-09-30": {
        "Diluted EPS": -0.5,
        "Total Revenue": 17,
        "Gross Profit": 11,
        "Operating Income": -4,
        "EBIT": -2,
        "Net Income": -5
    },
    "2016-06-30": {
        "Diluted EPS": -0.83,
        "Total Revenue": 17,
        "Gross Profit": 8,
        "Operating Income": -7,
        "EBIT": -5,
        "Net Income": -8
    },
    "2016-03-31": {
        "Diluted EPS": -0.71,
        "Total Revenue": 18,
        "Gross Profit": 7,
        "Operating Income": -5,
        "EBIT": -3,
        "Net Income": -7
    },
    "2015-12-31": {
        "Diluted EPS": 1.15,
        "Total Revenue": 17,
        "Gross Profit": 8,
        "Operating Income": -3,
        "EBIT": -1,
        "Net Income": 11
    },
    "2015-09-30": {
        "Diluted EPS": -0.24,
        "Total Revenue": 17,
        "Gross Profit": 7,
        "Operating Income": 0,
        "EBIT": 2,
        "Net Income": -2
    },
    "2015-06-30": {
        "Diluted EPS": -0.17,
        "Total Revenue": 19,
        "Gross Profit": 9,
        "Operating Income": 0,
        "EBIT": 0,
        "Net Income": -1
    },
    "2015-03-31": {
        "Diluted EPS": -0.53,
        "Total Revenue": NaN,
        "Gross Profit": NaN,
        "Operating Income": -4,
        "EBIT": -4,
        "Net Income": -4
    },
    "2014-12-31": {
        "Diluted EPS": 1.85,
        "Total Revenue": NaN,
        "Gross Profit": NaN,
        "Operating Income": -3,
        "EBIT": -3,
        "Net Income": -3
    },
    "2014-09-30": {
        "Diluted EPS": -0.61,
        "Total Revenue": NaN,
        "Gross Profit": NaN,
        "Operating Income": -5,
        "EBIT": -5,
        "Net Income": -5
    },
    "2014-06-30": {
        "Diluted EPS": -0.36,
        "Total Revenue": NaN,
        "Gross Profit": NaN,
        "Operating Income": -3,
        "EBIT": -3,
        "Net Income": -3
    },
    "2014-03-31": {
        "Diluted EPS": -3.67,
        "Total Revenue": NaN,
        "Gross Profit": NaN,
        "Operating Income": -1,
        "EBIT": -1,
        "Net Income": -6
    },
    "2013-12-31": {
        "Diluted EPS": -3.19,
        "Total Revenue": NaN,
        "Gross Profit": NaN,
        "Operating Income": 0,
        "EBIT": 0,
        "Net Income": 0
    },
    "2013-09-30": {
        "Diluted EPS": -3.95,
        "Total Revenue": NaN,
        "Gross Profit": NaN,
        "Operating Income": 0,
        "EBIT": 0,
        "Net Income": -1
    },
    "2013-06-30": {
        "Diluted EPS": -4.97,
        "Total Revenue": NaN,
        "Gross Profit": NaN,
        "Operating Income": 0,
        "EBIT": 0,
        "Net Income": -1
    },
    "2013-03-31": {
        "Diluted EPS": -3.3,
        "Total Revenue": NaN,
        "Gross Profit": NaN,
        "Operating Income": 0,
        "EBIT": 0,
        "Net Income": -1
    },
    "2023-06-30": {
        "Tax Effect Of Unusual Items": 0.0,
        "Tax Rate For Calcs": 0.21,
        "Normalized EBITDA": 1342000.0,
        "Net Income From Continuing Operation Net Minority Interest": -3212000.0,
        "Reconciled Depreciation": 2201000.0,
        "Reconciled Cost Of Revenue": 15294000.0,
        "EBITDA": 1342000.0,
        "EBIT": -859000.0,
        "Net Interest Income": -2205000.0,
        "Interest Expense": 2314000.0,
        "Interest Income": 109000.0,
        "Normalized Income": -3212000.0,
        "Net Income From Continuing And Discontinued Operation": -3212000.0,
        "Total Expenses": 22767000.0,
        "Total Operating Income As Reported": -968000.0,
        "Diluted Average Shares": 87330496.0,
        "Basic Average Shares": 87330496.0,
        "Diluted EPS": -0.04,
        "Basic EPS": -0.04,
        "Diluted NI Availto Com Stockholders": -3212000.0,
        "Net Income Common Stockholders": -3212000.0,
        "Net Income": -3212000.0,
        "Net Income Including Noncontrolling Interests": -3212000.0,
        "Net Income Continuous Operations": -3212000.0,
        "Tax Provision": 39000.0,
        "Pretax Income": -3173000.0,
        "Net Non Operating Interest Income Expense": -2205000.0,
        "Interest Expense Non Operating": 2314000.0,
        "Interest Income Non Operating": 109000.0,
        "Operating Income": -968000.0,
        "Operating Expense": 5440000.0,
        "Depreciation Amortization Depletion Income Statement": 168000.0,
        "Depreciation And Amortization In Income Statement": 168000.0,
        "Amortization": 168000.0,
        "Amortization Of Intangibles Income Statement": 168000.0,
        "Selling General And Administration": 5272000.0,
        "Gross Profit": 4472000.0,
        "Cost Of Revenue": 17327000.0,
        "Total Revenue": 21799000.0,
        "Operating Revenue": 21799000.0
    },
    "2023-09-30": {
        "Tax Effect Of Unusual Items": 0.0,
        "Tax Rate For Calcs": 0.21,
        "Normalized EBITDA": 595000.0,
        "Net Income From Continuing Operation Net Minority Interest": -4592000.0,
        "Reconciled Depreciation": 2273000.0,
        "Reconciled Cost Of Revenue": 17765000.0,
        "EBITDA": 595000.0,
        "EBIT": -1678000.0,
        "Net Interest Income": -2832000.0,
        "Interest Expense": 2911000.0,
        "Interest Income": 79000.0,
        "Normalized Income": -4592000.0,
        "Net Income From Continuing And Discontinued Operation": -4592000.0,
        "Total Expenses": 25347000.0,
        "Total Operating Income As Reported": -1757000.0,
        "Diluted Average Shares": 100637342.0,
        "Basic Average Shares": 100637342.0,
        "Diluted EPS": -0.05,
        "Basic EPS": -0.05,
        "Diluted NI Availto Com Stockholders": -4592000.0,
        "Net Income Common Stockholders": -4592000.0,
        "Net Income": -4592000.0,
        "Net Income Including Noncontrolling Interests": -4592000.0,
        "Net Income Continuous Operations": -4592000.0,
        "Tax Provision": 3000.0,
        "Pretax Income": -4589000.0,
        "Net Non Operating Interest Income Expense": -2832000.0,
        "Interest Expense Non Operating": 2911000.0,
        "Interest Income Non Operating": 79000.0,
        "Operating Income": -1757000.0,
        "Operating Expense": 5477000.0,
        "Depreciation Amortization Depletion Income Statement": 168000.0,
        "Depreciation And Amortization In Income Statement": 168000.0,
        "Amortization": 168000.0,
        "Amortization Of Intangibles Income Statement": 168000.0,
        "Selling General And Administration": 5309000.0,
        "Gross Profit": 3720000.0,
        "Cost Of Revenue": 19870000.0,
        "Total Revenue": 23590000.0,
        "Operating Revenue": 23590000.0
    },
    "2023-12-31": {
        "Tax Effect Of Unusual Items": 0.0,
        "Tax Rate For Calcs": 0.21,
        "Normalized EBITDA": 4170000.0,
        "Net Income From Continuing Operation Net Minority Interest": -786000.0,
        "Reconciled Depreciation": 2345000.0,
        "Reconciled Cost Of Revenue": 17843000.0,
        "EBITDA": 4170000.0,
        "EBIT": 1825000.0,
        "Net Interest Income": -2518000.0,
        "Interest Expense": 2593000.0,
        "Interest Income": 75000.0,
        "Normalized Income": -786000.0,
        "Net Income From Continuing And Discontinued Operation": -786000.0,
        "Total Expenses": 25969000.0,
        "Total Operating Income As Reported": 1750000.0,
        "Diluted Average Shares": NaN,
        "Basic Average Shares": NaN,
        "Diluted EPS": NaN,
        "Basic EPS": NaN,
        "Diluted NI Availto Com Stockholders": -786000.0,
        "Net Income Common Stockholders": -786000.0,
        "Net Income": -786000.0,
        "Net Income Including Noncontrolling Interests": -786000.0,
        "Net Income Continuous Operations": -786000.0,
        "Tax Provision": 18000.0,
        "Pretax Income": -768000.0,
        "Net Non Operating Interest Income Expense": -2518000.0,
        "Interest Expense Non Operating": 2593000.0,
        "Interest Income Non Operating": 75000.0,
        "Operating Income": 1750000.0,
        "Operating Expense": 5948000.0,
        "Depreciation Amortization Depletion Income Statement": 167000.0,
        "Depreciation And Amortization In Income Statement": 167000.0,
        "Amortization": 167000.0,
        "Amortization Of Intangibles Income Statement": 167000.0,
        "Selling General And Administration": 5781000.0,
        "Gross Profit": 7698000.0,
        "Cost Of Revenue": 20021000.0,
        "Total Revenue": 27719000.0,
        "Operating Revenue": 27719000.0
    }
}