{
    "2023-04-30": {
        "Tax Effect Of Unusual Items": 0.0,
        "Tax Rate For Calcs": 0.226,
        "Normalized EBITDA": 28114000.0,
        "Net Income From Continuing Operation Net Minority Interest": 16526000.0,
        "Reconciled Depreciation": 6697000.0,
        "Reconciled Cost Of Revenue": 182667000.0,
        "EBITDA": 28114000.0,
        "EBIT": 21417000.0,
        "Net Interest Income": 412000.0,
        "Interest Expense": 66000.0,
        "Interest Income": 478000.0,
        "Normalized Income": 16526000.0,
        "Net Income From Continuing And Discontinued Operation": 16526000.0,
        "Total Expenses": 260245000.0,
        "Total Operating Income As Reported": 20939000.0,
        "Diluted Average Shares": 27505000.0,
        "Basic Average Shares": 27223000.0,
        "Diluted EPS": 0.6,
        "Basic EPS": 0.61,
        "Diluted NI Availto Com Stockholders": 16526000.0,
        "Average Dilution Earnings": NaN,
        "Net Income Common Stockholders": 16526000.0,
        "Otherunder Preferred Stock Dividend": NaN,
        "Net Income": 16526000.0,
        "Net Income Including Noncontrolling Interests": 16526000.0,
        "Net Income Continuous Operations": 16526000.0,
        "Tax Provision": 4825000.0,
        "Pretax Income": 21351000.0,
        "Net Non Operating Interest Income Expense": 412000.0,
        "Interest Expense Non Operating": 66000.0,
        "Interest Income Non Operating": 478000.0,
        "Operating Income": 20939000.0,
        "Operating Expense": 77578000.0,
        "Selling General And Administration": 77578000.0,
        "Gross Profit": 98517000.0,
        "Cost Of Revenue": 182667000.0,
        "Total Revenue": 281184000.0,
        "Operating Revenue": 281184000.0
    },
    "2023-01-31": {
        "Tax Effect Of Unusual Items": NaN,
        "Tax Rate For Calcs": NaN,
        "Normalized EBITDA": NaN,
        "Net Income From Continuing Operation Net Minority Interest": NaN,
        "Reconciled Depreciation": NaN,
        "Reconciled Cost Of Revenue": NaN,
        "EBITDA": NaN,
        "EBIT": NaN,
        "Net Interest Income": NaN,
        "Interest Expense": NaN,
        "Interest Income": NaN,
        "Normalized Income": NaN,
        "Net Income From Continuing And Discontinued Operation": NaN,
        "Total Expenses": NaN,
        "Total Operating Income As Reported": NaN,
        "Diluted Average Shares": NaN,
        "Basic Average Shares": NaN,
        "Diluted EPS": NaN,
        "Basic EPS": NaN,
        "Diluted NI Availto Com Stockholders": NaN,
        "Average Dilution Earnings": 0.0,
        "Net Income Common Stockholders": NaN,
        "Otherunder Preferred Stock Dividend": NaN,
        "Net Income": NaN,
        "Net Income Including Noncontrolling Interests": NaN,
        "Net Income Continuous Operations": NaN,
        "Tax Provision": NaN,
        "Pretax Income": NaN,
        "Net Non Operating Interest Income Expense": NaN,
        "Interest Expense Non Operating": NaN,
        "Interest Income Non Operating": NaN,
        "Operating Income": NaN,
        "Operating Expense": NaN,
        "Selling General And Administration": NaN,
        "Gross Profit": NaN,
        "Cost Of Revenue": NaN,
        "Total Revenue": NaN,
        "Operating Revenue": NaN
    },
    "2022-10-31": {
        "Tax Effect Of Unusual Items": NaN,
        "Tax Rate For Calcs": NaN,
        "Normalized EBITDA": NaN,
        "Net Income From Continuing Operation Net Minority Interest": NaN,
        "Reconciled Depreciation": NaN,
        "Reconciled Cost Of Revenue": NaN,
        "EBITDA": NaN,
        "EBIT": NaN,
        "Net Interest Income": NaN,
        "Interest Expense": NaN,
        "Interest Income": NaN,
        "Normalized Income": NaN,
        "Net Income From Continuing And Discontinued Operation": NaN,
        "Total Expenses": NaN,
        "Total Operating Income As Reported": NaN,
        "Diluted Average Shares": NaN,
        "Basic Average Shares": NaN,
        "Diluted EPS": NaN,
        "Basic EPS": NaN,
        "Diluted NI Availto Com Stockholders": NaN,
        "Average Dilution Earnings": 0.0,
        "Net Income Common Stockholders": NaN,
        "Otherunder Preferred Stock Dividend": 0.0,
        "Net Income": NaN,
        "Net Income Including Noncontrolling Interests": NaN,
        "Net Income Continuous Operations": NaN,
        "Tax Provision": NaN,
        "Pretax Income": NaN,
        "Net Non Operating Interest Income Expense": NaN,
        "Interest Expense Non Operating": NaN,
        "Interest Income Non Operating": NaN,
        "Operating Income": NaN,
        "Operating Expense": NaN,
        "Selling General And Administration": NaN,
        "Gross Profit": NaN,
        "Cost Of Revenue": NaN,
        "Total Revenue": NaN,
        "Operating Revenue": NaN
    },
    "2022-07-31": {
        "Tax Effect Of Unusual Items": 0.0,
        "Tax Rate For Calcs": 0.256111,
        "Normalized EBITDA": 44666000.0,
        "Net Income From Continuing Operation Net Minority Interest": 28909000.0,
        "Reconciled Depreciation": 5739000.0,
        "Reconciled Cost Of Revenue": 199138000.0,
        "EBITDA": 44666000.0,
        "EBIT": 38927000.0,
        "Net Interest Income": 73000.0,
        "Interest Expense": 65000.0,
        "Interest Income": 138000.0,
        "Normalized Income": 28909000.0,
        "Net Income From Continuing And Discontinued Operation": 28909000.0,
        "Total Expenses": 273479000.0,
        "Total Operating Income As Reported": 38789000.0,
        "Diluted Average Shares": 27812000.0,
        "Basic Average Shares": 27590000.0,
        "Diluted EPS": 1.04,
        "Basic EPS": 1.05,
        "Diluted NI Availto Com Stockholders": 28909000.0,
        "Average Dilution Earnings": 0.0,
        "Net Income Common Stockholders": 28909000.0,
        "Net Income": 28909000.0,
        "Net Income Including Noncontrolling Interests": 28909000.0,
        "Net Income Continuous Operations": 28909000.0,
        "Tax Provision": 9953000.0,
        "Pretax Income": 38862000.0,
        "Net Non Operating Interest Income Expense": 73000.0,
        "Interest Expense Non Operating": 65000.0,
        "Interest Income Non Operating": 138000.0,
        "Operating Income": 38789000.0,
        "Operating Expense": 74341000.0,
        "Selling General And Administration": 74341000.0,
        "Gross Profit": 113130000.0,
        "Cost Of Revenue": 199138000.0,
        "Total Revenue": 312268000.0,
        "Operating Revenue": 312268000.0
    },
    "2022-04-30": {
        "Diluted EPS": 0.95,
        "Total Revenue": 318,
        "Gross Profit": 113,
        "Operating Income": 35,
        "EBIT": 40,
        "Net Income": 27
    },
    "2022-01-31": {
        "Diluted EPS": 0.73,
        "Total Revenue": 313,
        "Gross Profit": 117,
        "Operating Income": 28,
        "EBIT": 33,
        "Net Income": 21
    },
    "2021-10-31": {
        "Diluted EPS": 1.64,
        "Total Revenue": 356,
        "Gross Profit": 144,
        "Operating Income": 62,
        "EBIT": 67,
        "Net Income": 47
    },
    "2021-07-31": {
        "Diluted EPS": 1.54,
        "Total Revenue": 332,
        "Gross Profit": 136,
        "Operating Income": 60,
        "EBIT": 64,
        "Net Income": 44
    },
    "2021-04-30": {
        "Diluted EPS": 1.51,
        "Total Revenue": 328,
        "Gross Profit": 130,
        "Operating Income": 58,
        "EBIT": 62,
        "Net Income": 43
    },
    "2021-01-31": {
        "Diluted EPS": 0.28,
        "Total Revenue": 254,
        "Gross Profit": 78,
        "Operating Income": 11,
        "EBIT": 15,
        "Net Income": 7
    },
    "2020-10-31": {
        "Diluted EPS": 0.51,
        "Total Revenue": 275,
        "Gross Profit": 88,
        "Operating Income": 20,
        "EBIT": 24,
        "Net Income": 15
    },
    "2020-07-31": {
        "Diluted EPS": 0.35,
        "Total Revenue": 301,
        "Gross Profit": 83,
        "Operating Income": 14,
        "EBIT": 18,
        "Net Income": 10
    },
    "2020-04-30": {
        "Diluted EPS": -0.58,
        "Total Revenue": 147,
        "Gross Profit": 31,
        "Operating Income": -23,
        "EBIT": -19,
        "Net Income": -16
    },
    "2020-01-31": {
        "Diluted EPS": 0.14,
        "Total Revenue": 240,
        "Gross Profit": 70,
        "Operating Income": 5,
        "EBIT": 9,
        "Net Income": 4
    },
    "2019-10-31": {
        "Diluted EPS": 0.47,
        "Total Revenue": 275,
        "Gross Profit": 85,
        "Operating Income": 18,
        "EBIT": 22,
        "Net Income": 14
    },
    "2019-07-31": {
        "Diluted EPS": 0.4,
        "Total Revenue": 268,
        "Gross Profit": 82,
        "Operating Income": 16,
        "EBIT": 20,
        "Net Income": 12
    },
    "2019-04-30": {
        "Diluted EPS": 0.46,
        "Total Revenue": 254,
        "Gross Profit": 75,
        "Operating Income": 16,
        "EBIT": 20,
        "Net Income": 14
    },
    "2019-01-31": {
        "Diluted EPS": 0.05,
        "Total Revenue": 235,
        "Gross Profit": 67,
        "Operating Income": 1,
        "EBIT": 7,
        "Net Income": 1
    },
    "2018-10-31": {
        "Diluted EPS": 0.38,
        "Total Revenue": 269,
        "Gross Profit": 81,
        "Operating Income": 16,
        "EBIT": 21,
        "Net Income": 12
    },
    "2018-07-31": {
        "Diluted EPS": 0.38,
        "Total Revenue": 268,
        "Gross Profit": 84,
        "Operating Income": 15,
        "EBIT": 21,
        "Net Income": 12
    },
    "2018-04-30": {
        "Diluted EPS": 0.42,
        "Total Revenue": 257,
        "Gross Profit": 77,
        "Operating Income": 17,
        "EBIT": 23,
        "Net Income": 13
    },
    "2018-01-31": {
        "Diluted EPS": -0.12,
        "Total Revenue": 243,
        "Gross Profit": 70,
        "Operating Income": 0,
        "EBIT": 6,
        "Net Income": -4
    },
    "2017-10-31": {
        "Diluted EPS": 0.33,
        "Total Revenue": 287,
        "Gross Profit": 86,
        "Operating Income": 18,
        "EBIT": 24,
        "Net Income": 11
    },
    "2017-07-31": {
        "Diluted EPS": 0.12,
        "Total Revenue": 235,
        "Gross Profit": 68,
        "Operating Income": 6,
        "EBIT": 13,
        "Net Income": 4
    },
    "2017-04-30": {
        "Diluted EPS": 0.24,
        "Total Revenue": 253,
        "Gross Profit": 72,
        "Operating Income": 13,
        "EBIT": 19,
        "Net Income": 8
    },
    "2017-01-31": {
        "Diluted EPS": -0.02,
        "Total Revenue": 234,
        "Gross Profit": 64,
        "Operating Income": -1,
        "EBIT": 5,
        "Net Income": -1
    },
    "2016-10-31": {
        "Diluted EPS": 0.27,
        "Total Revenue": 275,
        "Gross Profit": 82,
        "Operating Income": 15,
        "EBIT": 21,
        "Net Income": 9
    },
    "2016-07-31": {
        "Diluted EPS": 0.11,
        "Total Revenue": 232,
        "Gross Profit": 67,
        "Operating Income": 7,
        "EBIT": 13,
        "Net Income": 4
    },
    "2016-04-30": {
        "Diluted EPS": 0.28,
        "Total Revenue": 260,
        "Gross Profit": 76,
        "Operating Income": 17,
        "EBIT": 23,
        "Net Income": 10
    },
    "2016-01-31": {
        "Diluted EPS": 0.11,
        "Total Revenue": 234,
        "Gross Profit": 68,
        "Operating Income": 7,
        "EBIT": 12,
        "Net Income": 4
    },
    "2015-10-31": {
        "Diluted EPS": 0.24,
        "Total Revenue": 270,
        "Gross Profit": 81,
        "Operating Income": 15,
        "EBIT": 21,
        "Net Income": 9
    },
    "2015-07-31": {
        "Diluted EPS": 0.12,
        "Total Revenue": 228,
        "Gross Profit": 66,
        "Operating Income": 8,
        "EBIT": 14,
        "Net Income": 5
    },
    "2015-04-30": {
        "Diluted EPS": 0.26,
        "Total Revenue": 253,
        "Gross Profit": 75,
        "Operating Income": 17,
        "EBIT": 23,
        "Net Income": 10
    },
    "2015-01-31": {
        "Diluted EPS": 0.08,
        "Total Revenue": 228,
        "Gross Profit": 65,
        "Operating Income": 5,
        "EBIT": 10,
        "Net Income": 3
    },
    "2014-10-31": {
        "Diluted EPS": 0.27,
        "Total Revenue": 255,
        "Gross Profit": 77,
        "Operating Income": 18,
        "EBIT": 23,
        "Net Income": 11
    },
    "2014-07-31": {
        "Diluted EPS": 0.07,
        "Total Revenue": 222,
        "Gross Profit": 62,
        "Operating Income": 4,
        "EBIT": 9,
        "Net Income": 3
    },
    "2014-04-30": {
        "Diluted EPS": 0.23,
        "Total Revenue": 236,
        "Gross Profit": 70,
        "Operating Income": 15,
        "EBIT": 20,
        "Net Income": 9
    },
    "2014-01-31": {
        "Diluted EPS": 0.01,
        "Total Revenue": 200,
        "Gross Profit": 57,
        "Operating Income": 1,
        "EBIT": 6,
        "Net Income": 1
    },
    "2013-10-31": {
        "Diluted EPS": 0.27,
        "Total Revenue": 236,
        "Gross Profit": 71,
        "Operating Income": 18,
        "EBIT": 22,
        "Net Income": 11
    },
    "2013-07-31": {
        "Diluted EPS": 0.15,
        "Total Revenue": 216,
        "Gross Profit": 63,
        "Operating Income": 10,
        "EBIT": 14,
        "Net Income": 6
    },
    "2013-04-30": {
        "Diluted EPS": 0.24,
        "Total Revenue": 232,
        "Gross Profit": 69,
        "Operating Income": 15,
        "EBIT": 19,
        "Net Income": 9
    },
    "2013-01-31": {
        "Diluted EPS": 0.08,
        "Total Revenue": 206,
        "Gross Profit": 60,
        "Operating Income": 5,
        "EBIT": 9,
        "Net Income": 3
    },
    "2012-10-31": {
        "Diluted EPS": 0.3,
        "Total Revenue": 244,
        "Gross Profit": 76,
        "Operating Income": 21,
        "EBIT": 25,
        "Net Income": 12
    },
    "2012-07-31": {
        "Diluted EPS": 0.07,
        "Total Revenue": 182,
        "Gross Profit": 52,
        "Operating Income": 5,
        "EBIT": 9,
        "Net Income": 3
    },
    "2012-04-30": {
        "Diluted EPS": 0.27,
        "Total Revenue": 223,
        "Gross Profit": 69,
        "Operating Income": 18,
        "EBIT": 22,
        "Net Income": 11
    },
    "2012-01-31": {
        "Diluted EPS": 0.08,
        "Total Revenue": 182,
        "Gross Profit": 52,
        "Operating Income": 5,
        "EBIT": 9,
        "Net Income": 3
    },
    "2011-10-31": {
        "Diluted EPS": 0.26,
        "Total Revenue": 215,
        "Gross Profit": 65,
        "Operating Income": 17,
        "EBIT": 21,
        "Net Income": 10
    },
    "2011-07-31": {
        "Diluted EPS": 0.07,
        "Total Revenue": 167,
        "Gross Profit": 46,
        "Operating Income": 4,
        "EBIT": 8,
        "Net Income": 3
    },
    "2011-04-30": {
        "Diluted EPS": 0.25,
        "Total Revenue": 198,
        "Gross Profit": 62,
        "Operating Income": 16,
        "EBIT": 20,
        "Net Income": 10
    },
    "2011-01-31": {
        "Diluted EPS": 0.11,
        "Total Revenue": 180,
        "Gross Profit": 54,
        "Operating Income": 7,
        "EBIT": 10,
        "Net Income": 4
    },
    "2010-10-31": {
        "Diluted EPS": 0.23,
        "Total Revenue": 204,
        "Gross Profit": 62,
        "Operating Income": 14,
        "EBIT": 18,
        "Net Income": 9
    },
    "2010-07-31": {
        "Diluted EPS": 0.11,
        "Total Revenue": 165,
        "Gross Profit": 47,
        "Operating Income": 6,
        "EBIT": 9,
        "Net Income": 4
    },
    "2010-04-30": {
        "Diluted EPS": 0.24,
        "Total Revenue": 189,
        "Gross Profit": 59,
        "Operating Income": 15,
        "EBIT": 19,
        "Net Income": 9
    },
    "2010-01-31": {
        "Diluted EPS": 0.07,
        "Total Revenue": 171,
        "Gross Profit": 49,
        "Operating Income": 4,
        "EBIT": 8,
        "Net Income": 3
    },
    "2009-10-31": {
        "Diluted EPS": 0.2,
        "Total Revenue": 192,
        "Gross Profit": 57,
        "Operating Income": 12,
        "EBIT": 16,
        "Net Income": 7
    },
    "2009-07-31": {
        "Diluted EPS": 0.03,
        "Total Revenue": 153,
        "Gross Profit": 41,
        "Operating Income": 2,
        "EBIT": 6,
        "Net Income": 1
    },
    "2009-04-30": {
        "Diluted EPS": 0.11,
        "Total Revenue": 167,
        "Gross Profit": 47,
        "Operating Income": 7,
        "EBIT": 10,
        "Net Income": 4
    },
    "2009-01-31": {
        "Diluted EPS": -0.08,
        "Total Revenue": 157,
        "Gross Profit": 39,
        "Operating Income": -5,
        "EBIT": -1,
        "Net Income": -3
    },
    "2023-07-31": {
        "Tax Effect Of Unusual Items": 0.0,
        "Tax Rate For Calcs": 0.223,
        "Normalized EBITDA": 32220000.0,
        "Net Income From Continuing Operation Net Minority Interest": 19441000.0,
        "Reconciled Depreciation": 7125000.0,
        "Reconciled Cost Of Revenue": 189150000.0,
        "EBITDA": 32220000.0,
        "EBIT": 25095000.0,
        "Net Interest Income": 362000.0,
        "Interest Expense": 71000.0,
        "Interest Income": 433000.0,
        "Normalized Income": 19441000.0,
        "Net Income From Continuing And Discontinued Operation": 19441000.0,
        "Total Expenses": 269953000.0,
        "Total Operating Income As Reported": 24662000.0,
        "Diluted Average Shares": 27410000.0,
        "Basic Average Shares": 27336000.0,
        "Diluted EPS": 0.71,
        "Basic EPS": 0.71,
        "Diluted NI Availto Com Stockholders": 19441000.0,
        "Net Income Common Stockholders": 19441000.0,
        "Otherunder Preferred Stock Dividend": NaN,
        "Net Income": 19441000.0,
        "Net Income Including Noncontrolling Interests": 19441000.0,
        "Net Income Continuous Operations": 19441000.0,
        "Tax Provision": 5583000.0,
        "Pretax Income": 25024000.0,
        "Net Non Operating Interest Income Expense": 362000.0,
        "Interest Expense Non Operating": 71000.0,
        "Interest Income Non Operating": 433000.0,
        "Operating Income": 24662000.0,
        "Operating Expense": 80803000.0,
        "Selling General And Administration": 80803000.0,
        "Gross Profit": 105465000.0,
        "Cost Of Revenue": 189150000.0,
        "Total Revenue": 294615000.0,
        "Operating Revenue": 294615000.0
    },
    "2023-10-31": {
        "Tax Effect Of Unusual Items": NaN,
        "Tax Rate For Calcs": NaN,
        "Normalized EBITDA": NaN,
        "Net Income From Continuing Operation Net Minority Interest": NaN,
        "Reconciled Depreciation": NaN,
        "Reconciled Cost Of Revenue": NaN,
        "EBITDA": NaN,
        "EBIT": NaN,
        "Net Interest Income": NaN,
        "Interest Expense": NaN,
        "Interest Income": NaN,
        "Normalized Income": NaN,
        "Net Income From Continuing And Discontinued Operation": NaN,
        "Total Expenses": NaN,
        "Total Operating Income As Reported": NaN,
        "Diluted Average Shares": NaN,
        "Basic Average Shares": NaN,
        "Diluted EPS": NaN,
        "Basic EPS": NaN,
        "Diluted NI Availto Com Stockholders": NaN,
        "Net Income Common Stockholders": NaN,
        "Otherunder Preferred Stock Dividend": 0.0,
        "Net Income": NaN,
        "Net Income Including Noncontrolling Interests": NaN,
        "Net Income Continuous Operations": NaN,
        "Tax Provision": NaN,
        "Pretax Income": NaN,
        "Net Non Operating Interest Income Expense": NaN,
        "Interest Expense Non Operating": NaN,
        "Interest Income Non Operating": NaN,
        "Operating Income": NaN,
        "Operating Expense": NaN,
        "Selling General And Administration": NaN,
        "Gross Profit": NaN,
        "Cost Of Revenue": NaN,
        "Total Revenue": NaN,
        "Operating Revenue": NaN
    },
    "2024-01-31": {
        "Tax Effect Of Unusual Items": NaN,
        "Tax Rate For Calcs": NaN,
        "Normalized EBITDA": NaN,
        "Net Income From Continuing Operation Net Minority Interest": NaN,
        "Reconciled Depreciation": NaN,
        "Reconciled Cost Of Revenue": NaN,
        "EBITDA": NaN,
        "EBIT": NaN,
        "Net Interest Income": NaN,
        "Interest Expense": NaN,
        "Interest Income": NaN,
        "Normalized Income": NaN,
        "Net Income From Continuing And Discontinued Operation": NaN,
        "Total Expenses": NaN,
        "Total Operating Income As Reported": NaN,
        "Diluted Average Shares": 27328000.0,
        "Basic Average Shares": 27117000.0,
        "Diluted EPS": 0.57,
        "Basic EPS": 0.57,
        "Diluted NI Availto Com Stockholders": NaN,
        "Net Income Common Stockholders": NaN,
        "Otherunder Preferred Stock Dividend": 0.0,
        "Net Income": NaN,
        "Net Income Including Noncontrolling Interests": NaN,
        "Net Income Continuous Operations": NaN,
        "Tax Provision": NaN,
        "Pretax Income": NaN,
        "Net Non Operating Interest Income Expense": NaN,
        "Interest Expense Non Operating": NaN,
        "Interest Income Non Operating": NaN,
        "Operating Income": NaN,
        "Operating Expense": NaN,
        "Selling General And Administration": NaN,
        "Gross Profit": NaN,
        "Cost Of Revenue": NaN,
        "Total Revenue": NaN,
        "Operating Revenue": NaN
    },
    "2024-04-30": {
        "Tax Effect Of Unusual Items": 0.0,
        "Tax Rate For Calcs": 0.254078,
        "Normalized EBITDA": 30695000.0,
        "Net Income From Continuing Operation Net Minority Interest": 17286000.0,
        "Reconciled Depreciation": 7385000.0,
        "Reconciled Cost Of Revenue": 193565000.0,
        "EBITDA": 30695000.0,
        "EBIT": 23310000.0,
        "Net Interest Income": 667000.0,
        "Interest Expense": 136000.0,
        "Interest Income": 803000.0,
        "Normalized Income": 17286000.0,
        "Net Income From Continuing And Discontinued Operation": 17286000.0,
        "Total Expenses": 277858000.0,
        "Total Operating Income As Reported": 22507000.0,
        "Diluted Average Shares": 27408000.0,
        "Basic Average Shares": 27142000.0,
        "Diluted EPS": 0.63,
        "Basic EPS": 0.64,
        "Diluted NI Availto Com Stockholders": 17286000.0,
        "Net Income Common Stockholders": 17286000.0,
        "Otherunder Preferred Stock Dividend": NaN,
        "Net Income": 17286000.0,
        "Net Income Including Noncontrolling Interests": 17286000.0,
        "Net Income Continuous Operations": 17286000.0,
        "Tax Provision": 5888000.0,
        "Pretax Income": 23174000.0,
        "Net Non Operating Interest Income Expense": 667000.0,
        "Interest Expense Non Operating": 136000.0,
        "Interest Income Non Operating": 803000.0,
        "Operating Income": 22507000.0,
        "Operating Expense": 84293000.0,
        "Selling General And Administration": 84293000.0,
        "Gross Profit": 106800000.0,
        "Cost Of Revenue": 193565000.0,
        "Total Revenue": 300365000.0,
        "Operating Revenue": 300365000.0
    },
    "2024-07-31": {
        "Tax Effect Of Unusual Items": 0.0,
        "Tax Rate For Calcs": 0.263,
        "Normalized EBITDA": 38482000.0,
        "Net Income From Continuing Operation Net Minority Interest": 22573000.0,
        "Reconciled Depreciation": 7731000.0,
        "Reconciled Cost Of Revenue": 212753000.0,
        "EBITDA": 38482000.0,
        "EBIT": 30751000.0,
        "Net Interest Income": 535000.0,
        "Interest Expense": 137000.0,
        "Interest Income": 672000.0,
        "Normalized Income": 22573000.0,
        "Net Income From Continuing And Discontinued Operation": 22573000.0,
        "Total Expenses": 302617000.0,
        "Total Operating Income As Reported": 30079000.0,
        "Diluted Average Shares": 27500000.0,
        "Basic Average Shares": 27159000.0,
        "Diluted EPS": 0.82,
        "Basic EPS": 0.83,
        "Diluted NI Availto Com Stockholders": 22573000.0,
        "Net Income Common Stockholders": 22573000.0,
        "Otherunder Preferred Stock Dividend": NaN,
        "Net Income": 22573000.0,
        "Net Income Including Noncontrolling Interests": 22573000.0,
        "Net Income Continuous Operations": 22573000.0,
        "Tax Provision": 8041000.0,
        "Pretax Income": 30614000.0,
        "Net Non Operating Interest Income Expense": 535000.0,
        "Interest Expense Non Operating": 137000.0,
        "Interest Income Non Operating": 672000.0,
        "Operating Income": 30079000.0,
        "Operating Expense": 89864000.0,
        "Selling General And Administration": 89864000.0,
        "Gross Profit": 119943000.0,
        "Cost Of Revenue": 212753000.0,
        "Total Revenue": 332696000.0,
        "Operating Revenue": 332696000.0
    },
    "2024-10-31": {
        "Tax Effect Of Unusual Items": 0.0,
        "Tax Rate For Calcs": 0.247,
        "Normalized EBITDA": 33323000.0,
        "Net Income From Continuing Operation Net Minority Interest": 19242000.0,
        "Reconciled Depreciation": 7646000.0,
        "Reconciled Cost Of Revenue": 196503000.0,
        "EBITDA": 33323000.0,
        "EBIT": 25677000.0,
        "Net Interest Income": 1009000.0,
        "Interest Expense": 139000.0,
        "Interest Income": 1148000.0,
        "Normalized Income": 19242000.0,
        "Net Income From Continuing And Discontinued Operation": 19242000.0,
        "Total Expenses": 282356000.0,
        "Total Operating Income As Reported": 24529000.0,
        "Diluted Average Shares": 27565000.0,
        "Basic Average Shares": 27161000.0,
        "Diluted EPS": 0.7,
        "Basic EPS": 0.71,
        "Diluted NI Availto Com Stockholders": 19242000.0,
        "Net Income Common Stockholders": 19242000.0,
        "Otherunder Preferred Stock Dividend": 0.0,
        "Net Income": 19242000.0,
        "Net Income Including Noncontrolling Interests": 19242000.0,
        "Net Income Continuous Operations": 19242000.0,
        "Tax Provision": 6296000.0,
        "Pretax Income": 25538000.0,
        "Net Non Operating Interest Income Expense": 1009000.0,
        "Interest Expense Non Operating": 139000.0,
        "Interest Income Non Operating": 1148000.0,
        "Operating Income": 24529000.0,
        "Operating Expense": 85853000.0,
        "Selling General And Administration": 85853000.0,
        "Gross Profit": 110382000.0,
        "Cost Of Revenue": 196503000.0,
        "Total Revenue": 306885000.0,
        "Operating Revenue": 306885000.0
    },
    "2025-01-31": {
        "Tax Effect Of Unusual Items": 0.0,
        "Tax Rate For Calcs": 0.192456,
        "Normalized EBITDA": 26365000.0,
        "Net Income From Continuing Operation Net Minority Interest": 14665000.0,
        "Reconciled Depreciation": 8303000.0,
        "Reconciled Cost Of Revenue": 171270000.0,
        "EBITDA": 26365000.0,
        "EBIT": 18062000.0,
        "Net Interest Income": 4123000.0,
        "Interest Expense": -98000.0,
        "Interest Income": 4025000.0,
        "Normalized Income": 14665000.0,
        "Net Income From Continuing And Discontinued Operation": 14665000.0,
        "Total Expenses": 248902000.0,
        "Total Operating Income As Reported": 14037000.0,
        "Diluted Average Shares": NaN,
        "Basic Average Shares": NaN,
        "Diluted EPS": NaN,
        "Basic EPS": NaN,
        "Diluted NI Availto Com Stockholders": 14665000.0,
        "Net Income Common Stockholders": 14665000.0,
        "Otherunder Preferred Stock Dividend": 0.0,
        "Net Income": 14665000.0,
        "Net Income Including Noncontrolling Interests": 14665000.0,
        "Net Income Continuous Operations": 14665000.0,
        "Tax Provision": 3495000.0,
        "Pretax Income": 18160000.0,
        "Net Non Operating Interest Income Expense": 4123000.0,
        "Interest Expense Non Operating": -98000.0,
        "Interest Income Non Operating": 4025000.0,
        "Operating Income": 14037000.0,
        "Operating Expense": 77632000.0,
        "Selling General And Administration": 77632000.0,
        "Gross Profit": 91669000.0,
        "Cost Of Revenue": 171270000.0,
        "Total Revenue": 262939000.0,
        "Operating Revenue": 262939000.0
    },
    "2025-04-30": {
        "Tax Effect Of Unusual Items": 0.0,
        "Tax Rate For Calcs": 0.281,
        "Normalized EBITDA": 21403000.0,
        "Net Income From Continuing Operation Net Minority Interest": 9343000.0,
        "Reconciled Depreciation": 8335000.0,
        "Reconciled Cost Of Revenue": 181938000.0,
        "EBITDA": 21403000.0,
        "EBIT": 13068000.0,
        "Net Interest Income": 1025000.0,
        "Interest Expense": 78000.0,
        "Interest Income": 1103000.0,
        "Normalized Income": 9343000.0,
        "Net Income From Continuing And Discontinued Operation": 9343000.0,
        "Total Expenses": 265750000.0,
        "Total Operating Income As Reported": 11965000.0,
        "Diluted Average Shares": 27476000.0,
        "Basic Average Shares": 27233000.0,
        "Diluted EPS": 0.34,
        "Basic EPS": 0.34,
        "Diluted NI Availto Com Stockholders": 9343000.0,
        "Net Income Common Stockholders": 9343000.0,
        "Otherunder Preferred Stock Dividend": NaN,
        "Net Income": 9343000.0,
        "Net Income Including Noncontrolling Interests": 9343000.0,
        "Net Income Continuous Operations": 9343000.0,
        "Tax Provision": 3647000.0,
        "Pretax Income": 12990000.0,
        "Net Non Operating Interest Income Expense": 1025000.0,
        "Interest Expense Non Operating": 78000.0,
        "Interest Income Non Operating": 1103000.0,
        "Operating Income": 11965000.0,
        "Operating Expense": 83812000.0,
        "Selling General And Administration": 83812000.0,
        "Gross Profit": 95777000.0,
        "Cost Of Revenue": 181938000.0,
        "Total Revenue": 277715000.0,
        "Operating Revenue": 277715000.0
    }
}