{
    "2022-12-31": {
        "Tax Effect Of Unusual Items": 0.0,
        "Tax Rate For Calcs": 0.0,
        "Normalized EBITDA": -278511.0,
        "Total Unusual Items": -10000.0,
        "Total Unusual Items Excluding Goodwill": -10000.0,
        "Net Income From Continuing Operation Net Minority Interest": 224729.0,
        "EBITDA": -288511.0,
        "EBIT": -288511.0,
        "Net Interest Income": 523240.0,
        "Interest Income": 523240.0,
        "Normalized Income": 234729.0,
        "Net Income From Continuing And Discontinued Operation": 224729.0,
        "Total Expenses": 288511.0,
        "Diluted NI Availto Com Stockholders": 224729.0,
        "Net Income Common Stockholders": 224729.0,
        "Net Income": 224729.0,
        "Net Income Including Noncontrolling Interests": 224729.0,
        "Net Income Continuous Operations": 224729.0,
        "Tax Provision": 0.0,
        "Pretax Income": 224729.0,
        "Other Income Expense": -10000.0,
        "Gain On Sale Of Security": -10000.0,
        "Net Non Operating Interest Income Expense": 523240.0,
        "Interest Income Non Operating": 523240.0,
        "Operating Income": -288511.0,
        "Operating Expense": 288511.0,
        "Selling General And Administration": 288511.0,
        "General And Administrative Expense": 288511.0,
        "Other Gand A": 288511.0,
        "Total Revenue": 0.0,
        "Operating Revenue": 0.0
    },
    "2024-09-30": {
        "Tax Effect Of Unusual Items": 28000.0,
        "Tax Rate For Calcs": 0.25,
        "Normalized EBITDA": 1972000.0,
        "Total Unusual Items": 112000.0,
        "Total Unusual Items Excluding Goodwill": 112000.0,
        "Net Income From Continuing Operation Net Minority Interest": -2164000.0,
        "Reconciled Depreciation": 1692000.0,
        "Reconciled Cost Of Revenue": 51222000.0,
        "EBITDA": 2084000.0,
        "EBIT": 392000.0,
        "Net Interest Income": -1161000.0,
        "Interest Expense": 1161000.0,
        "Normalized Income": -2248000.0,
        "Net Income From Continuing And Discontinued Operation": -2164000.0,
        "Total Expenses": 109378000.0,
        "Total Operating Income As Reported": 245000.0,
        "Diluted NI Availto Com Stockholders": -2164000.0,
        "Net Income Common Stockholders": -2164000.0,
        "Net Income": -2164000.0,
        "Minority Interests": -731000.0,
        "Net Income Including Noncontrolling Interests": -1433000.0,
        "Net Income Continuous Operations": -1433000.0,
        "Tax Provision": 664000.0,
        "Pretax Income": -769000.0,
        "Other Income Expense": 147000.0,
        "Other Non Operating Income Expenses": 35000.0,
        "Gain On Sale Of Security": 112000.0,
        "Net Non Operating Interest Income Expense": -1161000.0,
        "Interest Expense Non Operating": 1161000.0,
        "Operating Income": 245000.0,
        "Operating Expense": 58156000.0,
        "Research And Development": 1420000.0,
        "Selling General And Administration": 56736000.0,
        "Selling And Marketing Expense": 53194000.0,
        "General And Administrative Expense": 3542000.0,
        "Other Gand A": 3542000.0,
        "Gross Profit": 58401000.0,
        "Cost Of Revenue": 51222000.0,
        "Total Revenue": 109623000.0,
        "Operating Revenue": 109623000.0
    },
    "2023-12-31": {
        "Tax Effect Of Unusual Items": -133000.0,
        "Tax Rate For Calcs": 0.25,
        "Normalized EBITDA": -9533000.0,
        "Total Unusual Items": -532000.0,
        "Total Unusual Items Excluding Goodwill": -532000.0,
        "Net Income From Continuing Operation Net Minority Interest": -17519000.0,
        "Reconciled Depreciation": 469000.0,
        "Reconciled Cost Of Revenue": 183304000.0,
        "EBITDA": -10065000.0,
        "EBIT": -10534000.0,
        "Net Interest Income": -785000.0,
        "Interest Expense": 785000.0,
        "Normalized Income": -17120000.0,
        "Net Income From Continuing And Discontinued Operation": -17519000.0,
        "Total Expenses": 125193000.0,
        "Total Operating Income As Reported": -11910000.0,
        "Diluted NI Availto Com Stockholders": -17519000.0,
        "Net Income Common Stockholders": -17519000.0,
        "Net Income": -17519000.0,
        "Minority Interests": -4613000.0,
        "Net Income Including Noncontrolling Interests": -12906000.0,
        "Net Income Continuous Operations": -12906000.0,
        "Tax Provision": 1587000.0,
        "Pretax Income": -11319000.0,
        "Other Income Expense": 1376000.0,
        "Other Non Operating Income Expenses": 1908000.0,
        "Gain On Sale Of Security": -532000.0,
        "Net Non Operating Interest Income Expense": -785000.0,
        "Interest Expense Non Operating": 785000.0,
        "Operating Income": -11910000.0,
        "Operating Expense": -58111000.0,
        "Research And Development": 8647000.0,
        "Selling General And Administration": -66758000.0,
        "Selling And Marketing Expense": -76136000.0,
        "General And Administrative Expense": 9378000.0,
        "Other Gand A": 9378000.0,
        "Gross Profit": -70021000.0,
        "Cost Of Revenue": 183304000.0,
        "Total Revenue": 113283000.0,
        "Operating Revenue": 113283000.0
    },
    "2023-09-30": {
        "Tax Effect Of Unusual Items": 24500.0,
        "Tax Rate For Calcs": 0.25,
        "Normalized EBITDA": -2828000.0,
        "Total Unusual Items": 98000.0,
        "Total Unusual Items Excluding Goodwill": 98000.0,
        "Net Income From Continuing Operation Net Minority Interest": -6014000.0,
        "Reconciled Depreciation": 1209000.0,
        "Reconciled Cost Of Revenue": 1336000.0,
        "EBITDA": -2730000.0,
        "EBIT": -3939000.0,
        "Net Interest Income": -1735000.0,
        "Interest Expense": 1735000.0,
        "Normalized Income": -6087500.0,
        "Net Income From Continuing And Discontinued Operation": -6014000.0,
        "Total Expenses": 95765000.0,
        "Total Operating Income As Reported": -4680000.0,
        "Diluted NI Availto Com Stockholders": -6014000.0,
        "Net Income Common Stockholders": -6014000.0,
        "Net Income": -6014000.0,
        "Minority Interests": -205000.0,
        "Net Income Including Noncontrolling Interests": -5809000.0,
        "Net Income Continuous Operations": -5809000.0,
        "Tax Provision": 135000.0,
        "Pretax Income": -5674000.0,
        "Other Income Expense": 741000.0,
        "Other Non Operating Income Expenses": 643000.0,
        "Gain On Sale Of Security": 98000.0,
        "Net Non Operating Interest Income Expense": -1735000.0,
        "Interest Expense Non Operating": 1735000.0,
        "Operating Income": -4680000.0,
        "Operating Expense": 94429000.0,
        "Research And Development": 1444000.0,
        "Selling General And Administration": 92985000.0,
        "Selling And Marketing Expense": 83921000.0,
        "General And Administrative Expense": 9064000.0,
        "Other Gand A": 9064000.0,
        "Gross Profit": 89749000.0,
        "Cost Of Revenue": 1336000.0,
        "Total Revenue": 91085000.0,
        "Operating Revenue": 91085000.0
    },
    "2024-12-31": {
        "Tax Effect Of Unusual Items": 20000.0,
        "Tax Rate For Calcs": 0.25,
        "Normalized EBITDA": 1409000.0,
        "Total Unusual Items": 80000.0,
        "Total Unusual Items Excluding Goodwill": 80000.0,
        "Net Income From Continuing Operation Net Minority Interest": -3916000.0,
        "Reconciled Depreciation": 1381000.0,
        "Reconciled Cost Of Revenue": 231591000.0,
        "EBITDA": 1489000.0,
        "EBIT": 108000.0,
        "Net Interest Income": -1066000.0,
        "Interest Expense": 1066000.0,
        "Normalized Income": -3976000.0,
        "Net Income From Continuing And Discontinued Operation": -3916000.0,
        "Total Expenses": 129185000.0,
        "Total Operating Income As Reported": 3000.0,
        "Diluted NI Availto Com Stockholders": -3916000.0,
        "Net Income Common Stockholders": -3916000.0,
        "Net Income": -3916000.0,
        "Minority Interests": -1036000.0,
        "Net Income Including Noncontrolling Interests": -2880000.0,
        "Net Income Continuous Operations": -2880000.0,
        "Tax Provision": 1922000.0,
        "Pretax Income": -958000.0,
        "Other Income Expense": 105000.0,
        "Other Non Operating Income Expenses": 25000.0,
        "Gain On Sale Of Security": 80000.0,
        "Net Non Operating Interest Income Expense": -1066000.0,
        "Interest Expense Non Operating": 1066000.0,
        "Operating Income": 3000.0,
        "Operating Expense": -102406000.0,
        "Research And Development": 6619000.0,
        "Selling General And Administration": -109025000.0,
        "Selling And Marketing Expense": -111941000.0,
        "General And Administrative Expense": 2916000.0,
        "Other Gand A": 2916000.0,
        "Gross Profit": -102403000.0,
        "Cost Of Revenue": 231591000.0,
        "Total Revenue": 129188000.0,
        "Operating Revenue": 129188000.0
    },
    "2025-03-31": {
        "Tax Effect Of Unusual Items": NaN,
        "Tax Rate For Calcs": NaN,
        "Normalized EBITDA": -1321000.0,
        "Total Unusual Items": NaN,
        "Total Unusual Items Excluding Goodwill": NaN,
        "Net Income From Continuing Operation Net Minority Interest": NaN,
        "Reconciled Depreciation": NaN,
        "Reconciled Cost Of Revenue": NaN,
        "EBITDA": NaN,
        "EBIT": NaN,
        "Net Interest Income": NaN,
        "Interest Expense": NaN,
        "Normalized Income": NaN,
        "Net Income From Continuing And Discontinued Operation": NaN,
        "Total Expenses": NaN,
        "Total Operating Income As Reported": NaN,
        "Basic EPS": -0.03,
        "Diluted NI Availto Com Stockholders": -3402000.0,
        "Net Income Common Stockholders": NaN,
        "Net Income": NaN,
        "Minority Interests": NaN,
        "Net Income Including Noncontrolling Interests": NaN,
        "Net Income Continuous Operations": NaN,
        "Tax Provision": NaN,
        "Pretax Income": NaN,
        "Other Income Expense": NaN,
        "Other Non Operating Income Expenses": NaN,
        "Gain On Sale Of Security": NaN,
        "Net Non Operating Interest Income Expense": NaN,
        "Interest Expense Non Operating": NaN,
        "Operating Income": NaN,
        "Operating Expense": NaN,
        "Research And Development": NaN,
        "Selling General And Administration": NaN,
        "Selling And Marketing Expense": NaN,
        "General And Administrative Expense": NaN,
        "Other Gand A": NaN,
        "Gross Profit": NaN,
        "Cost Of Revenue": NaN,
        "Total Revenue": 102595000.0,
        "Operating Revenue": 102595000.0
    },
    "2024-06-30": {
        "Tax Effect Of Unusual Items": 28500.0,
        "Tax Rate For Calcs": NaN,
        "Normalized EBITDA": NaN,
        "Total Unusual Items": NaN,
        "Total Unusual Items Excluding Goodwill": NaN,
        "Net Income From Continuing Operation Net Minority Interest": NaN,
        "Reconciled Depreciation": NaN,
        "Reconciled Cost Of Revenue": NaN,
        "EBITDA": NaN,
        "EBIT": NaN,
        "Net Interest Income": NaN,
        "Interest Expense": NaN,
        "Normalized Income": NaN,
        "Net Income From Continuing And Discontinued Operation": NaN,
        "Total Expenses": NaN,
        "Total Operating Income As Reported": NaN,
        "Diluted NI Availto Com Stockholders": NaN,
        "Net Income Common Stockholders": NaN,
        "Net Income": NaN,
        "Minority Interests": NaN,
        "Net Income Including Noncontrolling Interests": NaN,
        "Net Income Continuous Operations": NaN,
        "Tax Provision": NaN,
        "Pretax Income": NaN,
        "Other Income Expense": NaN,
        "Other Non Operating Income Expenses": NaN,
        "Gain On Sale Of Security": NaN,
        "Net Non Operating Interest Income Expense": NaN,
        "Interest Expense Non Operating": NaN,
        "Operating Income": NaN,
        "Operating Expense": NaN,
        "Research And Development": NaN,
        "Selling General And Administration": NaN,
        "Selling And Marketing Expense": NaN,
        "General And Administrative Expense": NaN,
        "Other Gand A": NaN,
        "Gross Profit": NaN,
        "Cost Of Revenue": NaN,
        "Total Revenue": NaN,
        "Operating Revenue": NaN
    },
    "2024-03-31": {
        "Tax Effect Of Unusual Items": NaN,
        "Tax Rate For Calcs": NaN,
        "Normalized EBITDA": -2903000.0,
        "Total Unusual Items": NaN,
        "Total Unusual Items Excluding Goodwill": 192000.0,
        "Net Income From Continuing Operation Net Minority Interest": NaN,
        "Reconciled Depreciation": NaN,
        "Reconciled Cost Of Revenue": NaN,
        "EBITDA": NaN,
        "EBIT": NaN,
        "Net Interest Income": NaN,
        "Interest Expense": NaN,
        "Normalized Income": NaN,
        "Net Income From Continuing And Discontinued Operation": NaN,
        "Total Expenses": NaN,
        "Total Operating Income As Reported": NaN,
        "Basic EPS": NaN,
        "Diluted NI Availto Com Stockholders": -3267000.0,
        "Net Income Common Stockholders": NaN,
        "Net Income": NaN,
        "Minority Interests": NaN,
        "Net Income Including Noncontrolling Interests": NaN,
        "Net Income Continuous Operations": NaN,
        "Tax Provision": -199000.0,
        "Pretax Income": NaN,
        "Other Income Expense": NaN,
        "Other Non Operating Income Expenses": NaN,
        "Gain On Sale Of Security": 192000.0,
        "Net Non Operating Interest Income Expense": NaN,
        "Interest Expense Non Operating": NaN,
        "Operating Income": NaN,
        "Operating Expense": NaN,
        "Research And Development": NaN,
        "Selling General And Administration": NaN,
        "Selling And Marketing Expense": NaN,
        "General And Administrative Expense": 4633000.0,
        "Other Gand A": NaN,
        "Gross Profit": NaN,
        "Cost Of Revenue": NaN,
        "Total Revenue": 85587000.0,
        "Operating Revenue": NaN
    }
}