{
    "2023-03-31": {
        "Tax Effect Of Unusual Items": -3480400.0,
        "Tax Rate For Calcs": 0.4,
        "Normalized EBITDA": -33123000.0,
        "Total Unusual Items": -8701000.0,
        "Total Unusual Items Excluding Goodwill": -8701000.0,
        "Net Income From Continuing Operation Net Minority Interest": -21419000.0,
        "Reconciled Depreciation": 15873000.0,
        "Reconciled Cost Of Revenue": 32892000.0,
        "EBITDA": -41824000.0,
        "EBIT": -57697000.0,
        "Net Interest Income": -7709000.0,
        "Interest Expense": 7709000.0,
        "Normalized Income": -16198400.0,
        "Net Income From Continuing And Discontinued Operation": -21419000.0,
        "Total Expenses": 170257000.0,
        "Total Operating Income As Reported": -59181000.0,
        "Diluted Average Shares": 398588561.0,
        "Basic Average Shares": 129769504.0,
        "Diluted EPS": -0.17,
        "Basic EPS": -0.17,
        "Diluted NI Availto Com Stockholders": -65727000.0,
        "Average Dilution Earnings": -44308000.0,
        "Net Income Common Stockholders": -21419000.0,
        "Net Income": -21419000.0,
        "Minority Interests": 44308000.0,
        "Net Income Including Noncontrolling Interests": -65727000.0,
        "Net Income Continuous Operations": -65727000.0,
        "Tax Provision": 321000.0,
        "Pretax Income": -65406000.0,
        "Other Income Expense": -7217000.0,
        "Other Non Operating Income Expenses": 1484000.0,
        "Special Income Charges": -8701000.0,
        "Gain On Sale Of Ppe": NaN,
        "Impairment Of Capital Assets": 947000.0,
        "Restructuring And Mergern Acquisition": 7754000.0,
        "Net Non Operating Interest Income Expense": -7709000.0,
        "Interest Expense Non Operating": 7709000.0,
        "Operating Income": -50480000.0,
        "Operating Expense": 137365000.0,
        "Selling General And Administration": 137365000.0,
        "Selling And Marketing Expense": 72201000.0,
        "General And Administrative Expense": 65164000.0,
        "Other Gand A": 65164000.0,
        "Gross Profit": 86885000.0,
        "Cost Of Revenue": 32892000.0,
        "Total Revenue": 119777000.0,
        "Operating Revenue": 119777000.0
    },
    "2022-12-31": {
        "Tax Effect Of Unusual Items": -4147.202069,
        "Tax Rate For Calcs": 0.0025,
        "Normalized EBITDA": -44569000.0,
        "Total Unusual Items": -1659000.0,
        "Total Unusual Items Excluding Goodwill": -1659000.0,
        "Net Income From Continuing Operation Net Minority Interest": -21844000.0,
        "Reconciled Depreciation": 16786000.0,
        "Reconciled Cost Of Revenue": 33754000.0,
        "EBITDA": -46228000.0,
        "EBIT": -63014000.0,
        "Net Interest Income": -6591000.0,
        "Interest Expense": 6591000.0,
        "Normalized Income": -20189147.202069,
        "Net Income From Continuing And Discontinued Operation": -21844000.0,
        "Total Expenses": 158029000.0,
        "Total Operating Income As Reported": -73157000.0,
        "Diluted Average Shares": 391880944.0,
        "Basic Average Shares": 123062882.0,
        "Diluted EPS": -0.18,
        "Basic EPS": -0.18,
        "Diluted NI Availto Com Stockholders": -21844000.0,
        "Average Dilution Earnings": -47587000.0,
        "Net Income Common Stockholders": -21844000.0,
        "Net Income": -21844000.0,
        "Minority Interests": 47587000.0,
        "Net Income Including Noncontrolling Interests": -69431000.0,
        "Net Income Continuous Operations": -69431000.0,
        "Tax Provision": -174000.0,
        "Pretax Income": -69605000.0,
        "Other Income Expense": 8484000.0,
        "Other Non Operating Income Expenses": 10143000.0,
        "Special Income Charges": -1659000.0,
        "Gain On Sale Of Ppe": 140000.0,
        "Impairment Of Capital Assets": NaN,
        "Restructuring And Mergern Acquisition": 1799000.0,
        "Net Non Operating Interest Income Expense": -6591000.0,
        "Interest Expense Non Operating": 6591000.0,
        "Operating Income": -71498000.0,
        "Operating Expense": 124275000.0,
        "Selling General And Administration": 124275000.0,
        "Selling And Marketing Expense": 64117000.0,
        "General And Administrative Expense": 60158000.0,
        "Other Gand A": 60158000.0,
        "Gross Profit": 52777000.0,
        "Cost Of Revenue": 33754000.0,
        "Total Revenue": 86531000.0,
        "Operating Revenue": 86531000.0
    },
    "2022-09-30": {
        "Tax Effect Of Unusual Items": -1346400.0,
        "Tax Rate For Calcs": 0.4,
        "Normalized EBITDA": -60267000.0,
        "Total Unusual Items": -3366000.0,
        "Total Unusual Items Excluding Goodwill": -3366000.0,
        "Net Income From Continuing Operation Net Minority Interest": -21674000.0,
        "Reconciled Depreciation": 19113000.0,
        "Reconciled Cost Of Revenue": 31995000.0,
        "EBITDA": -63633000.0,
        "EBIT": -63633000.0,
        "Net Interest Income": -5360000.0,
        "Interest Expense": 5360000.0,
        "Normalized Income": -19654400.0,
        "Net Income From Continuing And Discontinued Operation": -21674000.0,
        "Total Expenses": 165714000.0,
        "Total Operating Income As Reported": -62310000.0,
        "Diluted Average Shares": 389987079.0,
        "Basic Average Shares": 121163578.0,
        "Diluted EPS": -0.18,
        "Basic EPS": -0.18,
        "Diluted NI Availto Com Stockholders": -21674000.0,
        "Average Dilution Earnings": -48058000.0,
        "Net Income Common Stockholders": -21674000.0,
        "Net Income": -21674000.0,
        "Minority Interests": 48058000.0,
        "Net Income Including Noncontrolling Interests": -69732000.0,
        "Net Income Continuous Operations": -69732000.0,
        "Tax Provision": 739000.0,
        "Pretax Income": -68993000.0,
        "Other Income Expense": -4689000.0,
        "Other Non Operating Income Expenses": -1323000.0,
        "Special Income Charges": -3366000.0,
        "Gain On Sale Of Ppe": -197000.0,
        "Impairment Of Capital Assets": NaN,
        "Restructuring And Mergern Acquisition": 3169000.0,
        "Net Non Operating Interest Income Expense": -5360000.0,
        "Interest Expense Non Operating": 5360000.0,
        "Operating Income": -58944000.0,
        "Operating Expense": 133719000.0,
        "Selling General And Administration": 133719000.0,
        "Selling And Marketing Expense": 58212000.0,
        "General And Administrative Expense": 75507000.0,
        "Other Gand A": 75507000.0,
        "Gross Profit": 74775000.0,
        "Cost Of Revenue": 31995000.0,
        "Total Revenue": 106770000.0,
        "Operating Revenue": 106770000.0
    },
    "2022-06-30": {
        "Tax Effect Of Unusual Items": -1267200.0,
        "Tax Rate For Calcs": 0.4,
        "Normalized EBITDA": -38028000.0,
        "Total Unusual Items": -3168000.0,
        "Total Unusual Items Excluding Goodwill": -3168000.0,
        "Net Income From Continuing Operation Net Minority Interest": -20305000.0,
        "Reconciled Depreciation": 19580000.0,
        "Reconciled Cost Of Revenue": 34075000.0,
        "EBITDA": -41196000.0,
        "EBIT": -60776000.0,
        "Net Interest Income": -4454000.0,
        "Interest Expense": 4454000.0,
        "Normalized Income": -18404200.0,
        "Net Income From Continuing And Discontinued Operation": -20305000.0,
        "Total Expenses": 177586000.0,
        "Total Operating Income As Reported": -54958000.0,
        "Diluted Average Shares": 389665923.0,
        "Basic Average Shares": 120818400.0,
        "Diluted EPS": -0.17,
        "Basic EPS": -0.17,
        "Diluted NI Availto Com Stockholders": -65486000.0,
        "Average Dilution Earnings": -45181000.0,
        "Net Income Common Stockholders": -20305000.0,
        "Net Income": -20305000.0,
        "Minority Interests": 45181000.0,
        "Net Income Including Noncontrolling Interests": -65486000.0,
        "Net Income Continuous Operations": -65486000.0,
        "Tax Provision": 256000.0,
        "Pretax Income": -65230000.0,
        "Other Income Expense": -8986000.0,
        "Other Non Operating Income Expenses": -5818000.0,
        "Special Income Charges": -3168000.0,
        "Gain On Sale Of Ppe": 0.0,
        "Impairment Of Capital Assets": NaN,
        "Restructuring And Mergern Acquisition": 3168000.0,
        "Net Non Operating Interest Income Expense": -4454000.0,
        "Interest Expense Non Operating": 4454000.0,
        "Operating Income": -51790000.0,
        "Operating Expense": 143511000.0,
        "Selling General And Administration": 143511000.0,
        "Selling And Marketing Expense": 71191000.0,
        "General And Administrative Expense": 72320000.0,
        "Other Gand A": 72320000.0,
        "Gross Profit": 91721000.0,
        "Cost Of Revenue": 34075000.0,
        "Total Revenue": 125796000.0,
        "Operating Revenue": 125796000.0
    },
    "2022-03-31": {
        "Diluted EPS": -0.19,
        "Total Revenue": 152,
        "Gross Profit": 109,
        "Operating Income": -72,
        "EBIT": -52,
        "Net Income": -23
    },
    "2021-12-31": {
        "Diluted EPS": -0.25,
        "Total Revenue": 126,
        "Gross Profit": 82,
        "Operating Income": -93,
        "EBIT": -74,
        "Net Income": -29
    },
    "2021-09-30": {
        "Diluted EPS": -0.23,
        "Total Revenue": 138,
        "Gross Profit": 98,
        "Operating Income": -85,
        "EBIT": -66,
        "Net Income": -27
    },
    "2021-06-30": {
        "Diluted EPS": -0.14,
        "Total Revenue": 174,
        "Gross Profit": 128,
        "Operating Income": -53,
        "EBIT": -35,
        "Net Income": -17
    },
    "2021-03-31": {
        "Diluted EPS": -0.25,
        "Total Revenue": 199,
        "Gross Profit": 152,
        "Operating Income": -28,
        "EBIT": -9,
        "Net Income": -29
    },
    "2020-12-31": {
        "Diluted EPS": -0.08,
        "Total Revenue": 185,
        "Gross Profit": 136,
        "Operating Income": -19,
        "EBIT": -1,
        "Net Income": -10
    },
    "2020-09-30": {
        "Diluted EPS": -0.11,
        "Total Revenue": 169,
        "Gross Profit": 119,
        "Operating Income": -28,
        "EBIT": -12,
        "Net Income": -13
    },
    "2020-06-30": {
        "Diluted EPS": -0.25,
        "Total Revenue": 107,
        "Gross Profit": 58,
        "Operating Income": -74,
        "EBIT": -59,
        "Net Income": -27
    },
    "2020-03-31": {
        "Diluted EPS": -0.28,
        "Total Revenue": 197,
        "Gross Profit": 137,
        "Operating Income": -96,
        "EBIT": -84,
        "Net Income": -29
    },
    "2019-12-31": {
        "Diluted EPS": -0.25,
        "Total Revenue": 197,
        "Gross Profit": 143,
        "Operating Income": -92,
        "EBIT": -79,
        "Net Income": 27
    },
    "2019-09-30": {
        "Diluted EPS": -0.89,
        "Total Revenue": 180,
        "Gross Profit": 139,
        "Operating Income": -382,
        "EBIT": -375,
        "Net Income": -88
    },
    "2019-06-30": {
        "Diluted EPS": 0.0,
        "Total Revenue": 196,
        "Gross Profit": 161,
        "Operating Income": 1,
        "EBIT": 6,
        "Net Income": -32
    },
    "2019-03-31": {
        "Diluted EPS": 0.0,
        "Total Revenue": 178,
        "Gross Profit": 129,
        "Operating Income": -16,
        "EBIT": -12,
        "Net Income": -20
    },
    "2018-12-31": {
        "Diluted EPS": 0.0,
        "Total Revenue": NaN,
        "Gross Profit": NaN,
        "Operating Income": NaN,
        "EBIT": NaN,
        "Net Income": NaN
    },
    "2018-09-30": {
        "Diluted EPS": 0.0,
        "Total Revenue": 120,
        "Gross Profit": 84,
        "Operating Income": -4,
        "EBIT": -4,
        "Net Income": -15
    },
    "2017-12-31": {
        "Diluted EPS": 0.0,
        "Total Revenue": NaN,
        "Gross Profit": NaN,
        "Operating Income": NaN,
        "EBIT": NaN,
        "Net Income": NaN
    },
    "2023-06-30": {
        "Tax Effect Of Unusual Items": -1267200.0,
        "Tax Rate For Calcs": 0.4,
        "Normalized EBITDA": -42090000.0,
        "Total Unusual Items": -3168000.0,
        "Total Unusual Items Excluding Goodwill": -3168000.0,
        "Net Income From Continuing Operation Net Minority Interest": -20305000.0,
        "Reconciled Depreciation": 15518000.0,
        "Reconciled Cost Of Revenue": 34075000.0,
        "EBITDA": -45258000.0,
        "EBIT": -60776000.0,
        "Net Interest Income": -4454000.0,
        "Interest Expense": 4454000.0,
        "Normalized Income": -18404200.0,
        "Net Income From Continuing And Discontinued Operation": -20305000.0,
        "Total Expenses": 177586000.0,
        "Total Operating Income As Reported": -54958000.0,
        "Diluted Average Shares": 401045683.0,
        "Basic Average Shares": 132422182.0,
        "Diluted EPS": -0.13,
        "Basic EPS": -0.13,
        "Diluted NI Availto Com Stockholders": -65486000.0,
        "Average Dilution Earnings": -45181000.0,
        "Net Income Common Stockholders": -20305000.0,
        "Net Income": -20305000.0,
        "Minority Interests": 45181000.0,
        "Net Income Including Noncontrolling Interests": -65486000.0,
        "Net Income Continuous Operations": -65486000.0,
        "Tax Provision": 256000.0,
        "Pretax Income": -65230000.0,
        "Other Income Expense": -8986000.0,
        "Other Non Operating Income Expenses": -5818000.0,
        "Special Income Charges": -3168000.0,
        "Gain On Sale Of Ppe": 0.0,
        "Impairment Of Capital Assets": NaN,
        "Restructuring And Mergern Acquisition": 3168000.0,
        "Net Non Operating Interest Income Expense": -4454000.0,
        "Interest Expense Non Operating": 4454000.0,
        "Operating Income": -51790000.0,
        "Operating Expense": 143511000.0,
        "Selling General And Administration": 143511000.0,
        "Selling And Marketing Expense": 71191000.0,
        "General And Administrative Expense": 72320000.0,
        "Other Gand A": 72320000.0,
        "Gross Profit": 91721000.0,
        "Cost Of Revenue": 34075000.0,
        "Total Revenue": 125796000.0,
        "Operating Revenue": 125796000.0
    }
}