{
    "2023-03-31": {
        "Tax Effect Of Unusual Items": NaN,
        "Tax Rate For Calcs": NaN,
        "Normalized EBITDA": NaN,
        "Total Unusual Items": NaN,
        "Total Unusual Items Excluding Goodwill": NaN,
        "Net Income From Continuing Operation Net Minority Interest": NaN,
        "Reconciled Depreciation": NaN,
        "Reconciled Cost Of Revenue": NaN,
        "EBITDA": NaN,
        "EBIT": NaN,
        "Normalized Income": NaN,
        "Net Income From Continuing And Discontinued Operation": NaN,
        "Total Expenses": NaN,
        "Total Operating Income As Reported": NaN,
        "Diluted Average Shares": 73818611.0,
        "Basic Average Shares": 71467097.0,
        "Diluted EPS": 1.75,
        "Basic EPS": 1.81,
        "Diluted NI Availto Com Stockholders": NaN,
        "Net Income Common Stockholders": NaN,
        "Net Income": NaN,
        "Net Income Including Noncontrolling Interests": NaN,
        "Net Income Continuous Operations": NaN,
        "Tax Provision": NaN,
        "Pretax Income": NaN,
        "Other Income Expense": NaN,
        "Other Non Operating Income Expenses": NaN,
        "Earnings From Equity Interest": NaN,
        "Gain On Sale Of Security": NaN,
        "Operating Income": NaN,
        "Operating Expense": NaN,
        "Research And Development": NaN,
        "Selling General And Administration": NaN,
        "Selling And Marketing Expense": NaN,
        "General And Administrative Expense": NaN,
        "Other Gand A": NaN,
        "Gross Profit": NaN,
        "Cost Of Revenue": NaN,
        "Total Revenue": NaN,
        "Operating Revenue": NaN
    },
    "2022-12-31": {
        "Tax Effect Of Unusual Items": NaN,
        "Tax Rate For Calcs": NaN,
        "Normalized EBITDA": NaN,
        "Total Unusual Items": NaN,
        "Total Unusual Items Excluding Goodwill": NaN,
        "Net Income From Continuing Operation Net Minority Interest": NaN,
        "Reconciled Depreciation": NaN,
        "Reconciled Cost Of Revenue": NaN,
        "EBITDA": NaN,
        "EBIT": NaN,
        "Normalized Income": NaN,
        "Net Income From Continuing And Discontinued Operation": NaN,
        "Total Expenses": NaN,
        "Total Operating Income As Reported": NaN,
        "Diluted Average Shares": NaN,
        "Basic Average Shares": NaN,
        "Diluted EPS": NaN,
        "Basic EPS": NaN,
        "Diluted NI Availto Com Stockholders": NaN,
        "Net Income Common Stockholders": NaN,
        "Net Income": NaN,
        "Minority Interests": 1000.0,
        "Net Income Including Noncontrolling Interests": NaN,
        "Net Income Continuous Operations": NaN,
        "Tax Provision": NaN,
        "Pretax Income": NaN,
        "Other Income Expense": NaN,
        "Other Non Operating Income Expenses": NaN,
        "Earnings From Equity Interest": NaN,
        "Gain On Sale Of Security": NaN,
        "Operating Income": NaN,
        "Operating Expense": NaN,
        "Research And Development": NaN,
        "Selling General And Administration": NaN,
        "Selling And Marketing Expense": NaN,
        "General And Administrative Expense": NaN,
        "Other Gand A": NaN,
        "Gross Profit": NaN,
        "Cost Of Revenue": NaN,
        "Total Revenue": NaN,
        "Operating Revenue": NaN
    },
    "2022-09-30": {
        "Tax Effect Of Unusual Items": NaN,
        "Tax Rate For Calcs": NaN,
        "Normalized EBITDA": NaN,
        "Total Unusual Items": NaN,
        "Total Unusual Items Excluding Goodwill": NaN,
        "Net Income From Continuing Operation Net Minority Interest": NaN,
        "Reconciled Depreciation": NaN,
        "Reconciled Cost Of Revenue": NaN,
        "EBITDA": NaN,
        "EBIT": NaN,
        "Normalized Income": NaN,
        "Net Income From Continuing And Discontinued Operation": NaN,
        "Total Expenses": NaN,
        "Total Operating Income As Reported": NaN,
        "Diluted Average Shares": 71207992.0,
        "Basic Average Shares": 71207992.0,
        "Diluted EPS": -0.56,
        "Basic EPS": -0.56,
        "Diluted NI Availto Com Stockholders": NaN,
        "Net Income Common Stockholders": NaN,
        "Net Income": NaN,
        "Minority Interests": 3000.0,
        "Net Income Including Noncontrolling Interests": NaN,
        "Net Income Continuous Operations": NaN,
        "Tax Provision": NaN,
        "Pretax Income": NaN,
        "Other Income Expense": NaN,
        "Other Non Operating Income Expenses": NaN,
        "Earnings From Equity Interest": NaN,
        "Gain On Sale Of Security": NaN,
        "Operating Income": NaN,
        "Operating Expense": NaN,
        "Research And Development": NaN,
        "Selling General And Administration": NaN,
        "Selling And Marketing Expense": NaN,
        "General And Administrative Expense": NaN,
        "Other Gand A": NaN,
        "Gross Profit": NaN,
        "Cost Of Revenue": NaN,
        "Total Revenue": NaN,
        "Operating Revenue": NaN
    },
    "2022-06-30": {
        "Tax Effect Of Unusual Items": -6280000.0,
        "Tax Rate For Calcs": 0.4,
        "Normalized EBITDA": -26647000.0,
        "Total Unusual Items": -15700000.0,
        "Total Unusual Items Excluding Goodwill": -15700000.0,
        "Net Income From Continuing Operation Net Minority Interest": -47686000.0,
        "Reconciled Depreciation": 1126000.0,
        "Reconciled Cost Of Revenue": 21335000.0,
        "EBITDA": -42347000.0,
        "EBIT": -43473000.0,
        "Normalized Income": -38266000.0,
        "Net Income From Continuing And Discontinued Operation": -47686000.0,
        "Total Expenses": 81942000.0,
        "Total Operating Income As Reported": -43473000.0,
        "Diluted Average Shares": 71161892.0,
        "Basic Average Shares": 71161892.0,
        "Diluted EPS": -0.67,
        "Basic EPS": -0.67,
        "Diluted NI Availto Com Stockholders": -47686000.0,
        "Net Income Common Stockholders": -47686000.0,
        "Net Income": -47686000.0,
        "Minority Interests": -12000.0,
        "Net Income Including Noncontrolling Interests": -47674000.0,
        "Net Income Continuous Operations": -47674000.0,
        "Tax Provision": 33000.0,
        "Pretax Income": -47641000.0,
        "Other Income Expense": -4168000.0,
        "Other Non Operating Income Expenses": -296000.0,
        "Earnings From Equity Interest": 11828000.0,
        "Gain On Sale Of Security": -15700000.0,
        "Operating Income": -43473000.0,
        "Operating Expense": 60607000.0,
        "Research And Development": 31123000.0,
        "Selling General And Administration": 29484000.0,
        "Selling And Marketing Expense": 7428000.0,
        "General And Administrative Expense": 22056000.0,
        "Other Gand A": 22056000.0,
        "Gross Profit": 17134000.0,
        "Cost Of Revenue": 21335000.0,
        "Total Revenue": 38469000.0,
        "Operating Revenue": 38469000.0
    },
    "2023-06-30": {
        "Tax Effect Of Unusual Items": NaN,
        "Tax Rate For Calcs": NaN,
        "Normalized EBITDA": NaN,
        "Total Unusual Items": NaN,
        "Total Unusual Items Excluding Goodwill": NaN,
        "Net Income From Continuing Operation Net Minority Interest": NaN,
        "Reconciled Depreciation": NaN,
        "Reconciled Cost Of Revenue": NaN,
        "EBITDA": NaN,
        "EBIT": NaN,
        "Normalized Income": NaN,
        "Net Income From Continuing And Discontinued Operation": NaN,
        "Total Expenses": NaN,
        "Total Operating Income As Reported": NaN,
        "Diluted Average Shares": 75064323.0,
        "Basic Average Shares": 71642722.0,
        "Diluted EPS": 0.06,
        "Basic EPS": 0.06,
        "Diluted NI Availto Com Stockholders": NaN,
        "Net Income Common Stockholders": NaN,
        "Net Income": NaN,
        "Net Income Including Noncontrolling Interests": NaN,
        "Net Income Continuous Operations": NaN,
        "Tax Provision": NaN,
        "Pretax Income": NaN,
        "Other Income Expense": NaN,
        "Other Non Operating Income Expenses": NaN,
        "Earnings From Equity Interest": NaN,
        "Gain On Sale Of Security": NaN,
        "Operating Income": NaN,
        "Operating Expense": NaN,
        "Research And Development": NaN,
        "Selling General And Administration": NaN,
        "Selling And Marketing Expense": NaN,
        "General And Administrative Expense": NaN,
        "Other Gand A": NaN,
        "Gross Profit": NaN,
        "Cost Of Revenue": NaN,
        "Total Revenue": NaN,
        "Operating Revenue": NaN
    },
    "2022-03-31": {
        "Diluted EPS": -0.48,
        "Total Revenue": 49,
        "Gross Profit": 28,
        "Operating Income": -29,
        "EBIT": -28,
        "Net Income": -34
    },
    "2021-12-31": {
        "Diluted EPS": -0.44,
        "Total Revenue": 46,
        "Gross Profit": 26,
        "Operating Income": -23,
        "EBIT": -22,
        "Net Income": -31
    },
    "2021-09-30": {
        "Diluted EPS": -0.49,
        "Total Revenue": 30,
        "Gross Profit": 11,
        "Operating Income": -35,
        "EBIT": -34,
        "Net Income": -35
    },
    "2021-06-30": {
        "Diluted EPS": -0.49,
        "Total Revenue": 30,
        "Gross Profit": 12,
        "Operating Income": -30,
        "EBIT": -30,
        "Net Income": -35
    },
    "2021-03-31": {
        "Diluted EPS": 0.0,
        "Total Revenue": 32,
        "Gross Profit": 16,
        "Operating Income": -24,
        "EBIT": -23,
        "Net Income": 0
    },
    "2020-12-31": {
        "Diluted EPS": -0.07,
        "Total Revenue": 33,
        "Gross Profit": 19,
        "Operating Income": -17,
        "EBIT": -16,
        "Net Income": -11
    },
    "2020-09-30": {
        "Diluted EPS": 0.05,
        "Total Revenue": 26,
        "Gross Profit": 15,
        "Operating Income": -15,
        "EBIT": -15,
        "Net Income": 4
    },
    "2020-06-30": {
        "Diluted EPS": -0.05,
        "Total Revenue": 23,
        "Gross Profit": 14,
        "Operating Income": -17,
        "EBIT": -16,
        "Net Income": -3
    },
    "2020-03-31": {
        "Diluted EPS": -0.34,
        "Total Revenue": 26,
        "Gross Profit": 16,
        "Operating Income": -12,
        "EBIT": -11,
        "Net Income": -14
    },
    "2019-12-31": {
        "Diluted EPS": -2.84,
        "Total Revenue": 26,
        "Gross Profit": 16,
        "Operating Income": -8,
        "EBIT": -7,
        "Net Income": -7
    },
    "2019-09-30": {
        "Diluted EPS": -0.26,
        "Total Revenue": 20,
        "Gross Profit": 11,
        "Operating Income": -11,
        "EBIT": -10,
        "Net Income": -12
    },
    "2019-06-30": {
        "Diluted EPS": -0.01,
        "Total Revenue": 19,
        "Gross Profit": 10,
        "Operating Income": -14,
        "EBIT": -13,
        "Net Income": -1
    },
    "2019-03-31": {
        "Diluted EPS": -0.98,
        "Total Revenue": 21,
        "Gross Profit": 13,
        "Operating Income": -6,
        "EBIT": -5,
        "Net Income": -6
    },
    "2018-12-31": {
        "Diluted EPS": 0.0,
        "Total Revenue": NaN,
        "Gross Profit": NaN,
        "Operating Income": NaN,
        "EBIT": NaN,
        "Net Income": NaN
    },
    "2023-09-30": {
        "Tax Effect Of Unusual Items": NaN,
        "Tax Rate For Calcs": NaN,
        "Normalized EBITDA": NaN,
        "Total Unusual Items": NaN,
        "Total Unusual Items Excluding Goodwill": NaN,
        "Net Income From Continuing Operation Net Minority Interest": NaN,
        "Reconciled Depreciation": NaN,
        "Reconciled Cost Of Revenue": NaN,
        "EBITDA": NaN,
        "EBIT": NaN,
        "Normalized Income": NaN,
        "Net Income From Continuing And Discontinued Operation": NaN,
        "Total Expenses": NaN,
        "Total Operating Income As Reported": NaN,
        "Diluted Average Shares": 71924451.0,
        "Basic Average Shares": 71924451.0,
        "Diluted EPS": -0.86,
        "Basic EPS": -0.86,
        "Diluted NI Availto Com Stockholders": NaN,
        "Net Income Common Stockholders": NaN,
        "Net Income": NaN,
        "Net Income Including Noncontrolling Interests": NaN,
        "Net Income Continuous Operations": NaN,
        "Tax Provision": NaN,
        "Pretax Income": NaN,
        "Other Income Expense": NaN,
        "Other Non Operating Income Expenses": NaN,
        "Earnings From Equity Interest": NaN,
        "Gain On Sale Of Security": NaN,
        "Operating Income": NaN,
        "Operating Expense": NaN,
        "Research And Development": NaN,
        "Selling General And Administration": NaN,
        "Selling And Marketing Expense": NaN,
        "General And Administrative Expense": NaN,
        "Other Gand A": NaN,
        "Gross Profit": NaN,
        "Cost Of Revenue": NaN,
        "Total Revenue": NaN,
        "Operating Revenue": NaN
    },
    "2023-12-31": {
        "Tax Effect Of Unusual Items": -224661.589236,
        "Tax Rate For Calcs": 0.02672,
        "Normalized EBITDA": -19859000.0,
        "Total Unusual Items": -8408000.0,
        "Total Unusual Items Excluding Goodwill": -8408000.0,
        "Net Income From Continuing Operation Net Minority Interest": -30670000.0,
        "Reconciled Depreciation": 1354000.0,
        "Reconciled Cost Of Revenue": 16576000.0,
        "EBITDA": -28267000.0,
        "EBIT": -29621000.0,
        "Normalized Income": -22486661.589236,
        "Net Income From Continuing And Discontinued Operation": -30670000.0,
        "Total Expenses": 103747000.0,
        "Total Operating Income As Reported": -29621000.0,
        "Diluted Average Shares": NaN,
        "Basic Average Shares": NaN,
        "Diluted EPS": NaN,
        "Basic EPS": NaN,
        "Diluted NI Availto Com Stockholders": -30670000.0,
        "Net Income Common Stockholders": -30670000.0,
        "Net Income": -30670000.0,
        "Net Income Including Noncontrolling Interests": -30670000.0,
        "Net Income Continuous Operations": -30670000.0,
        "Tax Provision": -842000.0,
        "Pretax Income": -31512000.0,
        "Other Income Expense": -1891000.0,
        "Other Non Operating Income Expenses": 6626000.0,
        "Earnings From Equity Interest": -109000.0,
        "Gain On Sale Of Security": -8408000.0,
        "Operating Income": -29621000.0,
        "Operating Expense": 87171000.0,
        "Research And Development": 51487000.0,
        "Selling General And Administration": 35684000.0,
        "Selling And Marketing Expense": 9950000.0,
        "General And Administrative Expense": 25734000.0,
        "Other Gand A": 25734000.0,
        "Gross Profit": 57550000.0,
        "Cost Of Revenue": 16576000.0,
        "Total Revenue": 74126000.0,
        "Operating Revenue": 74126000.0
    },
    "2024-03-31": {
        "Tax Effect Of Unusual Items": NaN,
        "Tax Rate For Calcs": NaN,
        "Normalized EBITDA": NaN,
        "Total Unusual Items": NaN,
        "Total Unusual Items Excluding Goodwill": NaN,
        "Net Income From Continuing Operation Net Minority Interest": NaN,
        "Reconciled Depreciation": NaN,
        "Reconciled Cost Of Revenue": NaN,
        "EBITDA": NaN,
        "EBIT": NaN,
        "Normalized Income": NaN,
        "Net Income From Continuing And Discontinued Operation": NaN,
        "Total Expenses": NaN,
        "Total Operating Income As Reported": NaN,
        "Diluted Average Shares": 72291134.0,
        "Basic Average Shares": 72291134.0,
        "Diluted EPS": -0.76,
        "Basic EPS": -0.76,
        "Diluted NI Availto Com Stockholders": NaN,
        "Net Income Common Stockholders": NaN,
        "Net Income": NaN,
        "Net Income Including Noncontrolling Interests": NaN,
        "Net Income Continuous Operations": NaN,
        "Tax Provision": NaN,
        "Pretax Income": NaN,
        "Other Income Expense": NaN,
        "Other Non Operating Income Expenses": NaN,
        "Earnings From Equity Interest": NaN,
        "Gain On Sale Of Security": NaN,
        "Operating Income": NaN,
        "Operating Expense": NaN,
        "Research And Development": NaN,
        "Selling General And Administration": NaN,
        "Selling And Marketing Expense": NaN,
        "General And Administrative Expense": NaN,
        "Other Gand A": NaN,
        "Gross Profit": NaN,
        "Cost Of Revenue": NaN,
        "Total Revenue": NaN,
        "Operating Revenue": NaN
    },
    "2024-06-30": {
        "Tax Effect Of Unusual Items": NaN,
        "Tax Rate For Calcs": NaN,
        "Normalized EBITDA": NaN,
        "Total Unusual Items": NaN,
        "Total Unusual Items Excluding Goodwill": NaN,
        "Net Income From Continuing Operation Net Minority Interest": NaN,
        "Reconciled Depreciation": NaN,
        "Reconciled Cost Of Revenue": NaN,
        "EBITDA": NaN,
        "EBIT": NaN,
        "Normalized Income": NaN,
        "Net Income From Continuing And Discontinued Operation": NaN,
        "Total Expenses": NaN,
        "Total Operating Income As Reported": NaN,
        "Diluted Average Shares": 72711685.0,
        "Basic Average Shares": 72711685.0,
        "Diluted EPS": -0.74,
        "Basic EPS": -0.74,
        "Diluted NI Availto Com Stockholders": NaN,
        "Net Income Common Stockholders": NaN,
        "Net Income": NaN,
        "Net Income Including Noncontrolling Interests": NaN,
        "Net Income Continuous Operations": NaN,
        "Tax Provision": NaN,
        "Pretax Income": NaN,
        "Other Income Expense": NaN,
        "Other Non Operating Income Expenses": NaN,
        "Earnings From Equity Interest": NaN,
        "Gain On Sale Of Security": NaN,
        "Operating Income": NaN,
        "Operating Expense": NaN,
        "Research And Development": NaN,
        "Selling General And Administration": NaN,
        "Selling And Marketing Expense": NaN,
        "General And Administrative Expense": NaN,
        "Other Gand A": NaN,
        "Gross Profit": NaN,
        "Cost Of Revenue": NaN,
        "Total Revenue": NaN,
        "Operating Revenue": NaN
    },
    "2024-09-30": {
        "Tax Effect Of Unusual Items": 59941.139539,
        "Tax Rate For Calcs": 0.002354,
        "Normalized EBITDA": -92323000.0,
        "Total Unusual Items": 25459000.0,
        "Total Unusual Items Excluding Goodwill": 25459000.0,
        "Net Income From Continuing Operation Net Minority Interest": -38136000.0,
        "Reconciled Depreciation": 1558000.0,
        "Reconciled Cost Of Revenue": 17562000.0,
        "EBITDA": -66864000.0,
        "EBIT": -68422000.0,
        "Normalized Income": -63535058.860461,
        "Net Income From Continuing And Discontinued Operation": -38136000.0,
        "Total Expenses": 103712000.0,
        "Total Operating Income As Reported": -68422000.0,
        "Diluted Average Shares": 72813006.0,
        "Basic Average Shares": 72813006.0,
        "Diluted EPS": -0.52,
        "Basic EPS": -0.52,
        "Diluted NI Availto Com Stockholders": -38136000.0,
        "Net Income Common Stockholders": -38136000.0,
        "Net Income": -38136000.0,
        "Net Income Including Noncontrolling Interests": -38136000.0,
        "Net Income Continuous Operations": -38136000.0,
        "Tax Provision": -90000.0,
        "Pretax Income": -38226000.0,
        "Other Income Expense": 30196000.0,
        "Other Non Operating Income Expenses": 4737000.0,
        "Earnings From Equity Interest": 0.0,
        "Gain On Sale Of Security": 25459000.0,
        "Operating Income": -68422000.0,
        "Operating Expense": 86150000.0,
        "Research And Development": 50977000.0,
        "Selling General And Administration": 35173000.0,
        "Selling And Marketing Expense": 10349000.0,
        "General And Administrative Expense": 24824000.0,
        "Other Gand A": 24824000.0,
        "Gross Profit": 17728000.0,
        "Cost Of Revenue": 17562000.0,
        "Total Revenue": 35290000.0,
        "Operating Revenue": 35290000.0
    },
    "2024-12-31": {
        "Tax Effect Of Unusual Items": -4636800.0,
        "Tax Rate For Calcs": 0.21,
        "Normalized EBITDA": 3132000.0,
        "Total Unusual Items": -22080000.0,
        "Total Unusual Items Excluding Goodwill": -22080000.0,
        "Net Income From Continuing Operation Net Minority Interest": -40216000.0,
        "Reconciled Depreciation": 1764000.0,
        "Reconciled Cost Of Revenue": 24187000.0,
        "EBITDA": -18948000.0,
        "EBIT": -20712000.0,
        "Normalized Income": -22772800.0,
        "Net Income From Continuing And Discontinued Operation": -40216000.0,
        "Total Expenses": 109029000.0,
        "Total Operating Income As Reported": -20712000.0,
        "Diluted Average Shares": NaN,
        "Basic Average Shares": NaN,
        "Diluted EPS": NaN,
        "Basic EPS": NaN,
        "Diluted NI Availto Com Stockholders": -40216000.0,
        "Net Income Common Stockholders": -40216000.0,
        "Net Income": -40216000.0,
        "Net Income Including Noncontrolling Interests": -40216000.0,
        "Net Income Continuous Operations": -40216000.0,
        "Tax Provision": 963000.0,
        "Pretax Income": -39253000.0,
        "Other Income Expense": -18541000.0,
        "Other Non Operating Income Expenses": 3539000.0,
        "Earnings From Equity Interest": 0.0,
        "Gain On Sale Of Security": -22080000.0,
        "Operating Income": -20712000.0,
        "Operating Expense": 84842000.0,
        "Research And Development": 49362000.0,
        "Selling General And Administration": 35480000.0,
        "Selling And Marketing Expense": 9704000.0,
        "General And Administrative Expense": 25776000.0,
        "Other Gand A": 25776000.0,
        "Gross Profit": 64130000.0,
        "Cost Of Revenue": 24187000.0,
        "Total Revenue": 88317000.0,
        "Operating Revenue": 88317000.0
    },
    "2025-03-31": {
        "Tax Effect Of Unusual Items": -2749950.0,
        "Tax Rate For Calcs": 0.21,
        "Normalized EBITDA": -36205000.0,
        "Total Unusual Items": -13095000.0,
        "Total Unusual Items Excluding Goodwill": -13095000.0,
        "Net Income From Continuing Operation Net Minority Interest": -59808000.0,
        "Reconciled Depreciation": 1589000.0,
        "Reconciled Cost Of Revenue": 28427000.0,
        "EBITDA": -49300000.0,
        "EBIT": -50889000.0,
        "Normalized Income": -49462950.0,
        "Net Income From Continuing And Discontinued Operation": -59808000.0,
        "Total Expenses": 110440000.0,
        "Total Operating Income As Reported": -50889000.0,
        "Diluted Average Shares": 73057916.0,
        "Basic Average Shares": 73057916.0,
        "Diluted EPS": -0.82,
        "Basic EPS": -0.82,
        "Diluted NI Availto Com Stockholders": -59808000.0,
        "Net Income Common Stockholders": -59808000.0,
        "Net Income": -59808000.0,
        "Net Income Including Noncontrolling Interests": -59808000.0,
        "Net Income Continuous Operations": -59808000.0,
        "Tax Provision": 28000.0,
        "Pretax Income": -59780000.0,
        "Other Income Expense": -8891000.0,
        "Other Non Operating Income Expenses": 4204000.0,
        "Earnings From Equity Interest": 0.0,
        "Gain On Sale Of Security": -13095000.0,
        "Operating Income": -50889000.0,
        "Operating Expense": 82013000.0,
        "Research And Development": 45844000.0,
        "Selling General And Administration": 36169000.0,
        "Selling And Marketing Expense": 10367000.0,
        "General And Administrative Expense": 25802000.0,
        "Other Gand A": 25802000.0,
        "Gross Profit": 31124000.0,
        "Cost Of Revenue": 28427000.0,
        "Total Revenue": 59551000.0,
        "Operating Revenue": 59551000.0
    },
    "2025-06-30": {
        "Tax Effect Of Unusual Items": 961590.0,
        "Tax Rate For Calcs": 0.21,
        "Normalized EBITDA": -55951000.0,
        "Total Unusual Items": 4579000.0,
        "Total Unusual Items Excluding Goodwill": 4579000.0,
        "Net Income From Continuing Operation Net Minority Interest": -43173000.0,
        "Reconciled Depreciation": 1531000.0,
        "Reconciled Cost Of Revenue": 28601000.0,
        "EBITDA": -51372000.0,
        "EBIT": -52903000.0,
        "Normalized Income": -46790410.0,
        "Net Income From Continuing And Discontinued Operation": -43173000.0,
        "Total Expenses": 107662000.0,
        "Total Operating Income As Reported": -52903000.0,
        "Diluted Average Shares": 73427635.0,
        "Basic Average Shares": 73427635.0,
        "Diluted EPS": -0.59,
        "Basic EPS": -0.59,
        "Diluted NI Availto Com Stockholders": -43173000.0,
        "Net Income Common Stockholders": -43173000.0,
        "Net Income": -43173000.0,
        "Net Income Including Noncontrolling Interests": -43173000.0,
        "Net Income Continuous Operations": -43173000.0,
        "Tax Provision": 287000.0,
        "Pretax Income": -42886000.0,
        "Other Income Expense": 10017000.0,
        "Other Non Operating Income Expenses": 5438000.0,
        "Earnings From Equity Interest": 0.0,
        "Gain On Sale Of Security": 4579000.0,
        "Operating Income": -52903000.0,
        "Operating Expense": 79061000.0,
        "Research And Development": 43138000.0,
        "Selling General And Administration": 35923000.0,
        "Selling And Marketing Expense": 10734000.0,
        "General And Administrative Expense": 25189000.0,
        "Other Gand A": 25189000.0,
        "Gross Profit": 26158000.0,
        "Cost Of Revenue": 28601000.0,
        "Total Revenue": 54759000.0,
        "Operating Revenue": 54759000.0
    },
    "2025-09-30": {
        "Tax Effect Of Unusual Items": 2035110.0,
        "Tax Rate For Calcs": 0.21,
        "Normalized EBITDA": -54173000.0,
        "Total Unusual Items": 9691000.0,
        "Total Unusual Items Excluding Goodwill": 9691000.0,
        "Net Income From Continuing Operation Net Minority Interest": -32795000.0,
        "Reconciled Depreciation": 1465000.0,
        "Reconciled Cost Of Revenue": 26285000.0,
        "EBITDA": -44482000.0,
        "EBIT": -45947000.0,
        "Normalized Income": -40450890.0,
        "Net Income From Continuing And Discontinued Operation": -32795000.0,
        "Total Expenses": 100271000.0,
        "Total Operating Income As Reported": -45947000.0,
        "Diluted Average Shares": 73613090.0,
        "Basic Average Shares": 73613090.0,
        "Diluted EPS": -0.45,
        "Basic EPS": -0.45,
        "Diluted NI Availto Com Stockholders": -32795000.0,
        "Net Income Common Stockholders": -32795000.0,
        "Net Income": -32795000.0,
        "Net Income Including Noncontrolling Interests": -32795000.0,
        "Net Income Continuous Operations": -32795000.0,
        "Tax Provision": 162000.0,
        "Pretax Income": -32633000.0,
        "Other Income Expense": 13314000.0,
        "Other Non Operating Income Expenses": 3623000.0,
        "Earnings From Equity Interest": 0.0,
        "Gain On Sale Of Security": 9691000.0,
        "Operating Income": -45947000.0,
        "Operating Expense": 73986000.0,
        "Research And Development": 42757000.0,
        "Selling General And Administration": 31229000.0,
        "Selling And Marketing Expense": 9524000.0,
        "General And Administrative Expense": 21705000.0,
        "Other Gand A": 21705000.0,
        "Gross Profit": 28039000.0,
        "Cost Of Revenue": 26285000.0,
        "Total Revenue": 54324000.0,
        "Operating Revenue": 54324000.0
    }
}