{
    "2023-03-31": {
        "Tax Effect Of Unusual Items": NaN,
        "Tax Rate For Calcs": NaN,
        "Normalized EBITDA": NaN,
        "Total Unusual Items": NaN,
        "Total Unusual Items Excluding Goodwill": NaN,
        "Net Income From Continuing Operation Net Minority Interest": NaN,
        "Reconciled Depreciation": NaN,
        "Reconciled Cost Of Revenue": NaN,
        "EBITDA": NaN,
        "EBIT": NaN,
        "Net Interest Income": NaN,
        "Normalized Income": NaN,
        "Net Income From Continuing And Discontinued Operation": NaN,
        "Total Expenses": NaN,
        "Total Operating Income As Reported": NaN,
        "Diluted Average Shares": NaN,
        "Basic Average Shares": NaN,
        "Diluted EPS": NaN,
        "Basic EPS": NaN,
        "Diluted NI Availto Com Stockholders": NaN,
        "Average Dilution Earnings": NaN,
        "Net Income Common Stockholders": NaN,
        "Net Income": NaN,
        "Net Income Including Noncontrolling Interests": NaN,
        "Net Income Continuous Operations": NaN,
        "Earnings From Equity Interest Net Of Tax": NaN,
        "Tax Provision": NaN,
        "Pretax Income": NaN,
        "Other Income Expense": NaN,
        "Other Non Operating Income Expenses": -125000.0,
        "Special Income Charges": NaN,
        "Gain On Sale Of Ppe": NaN,
        "Other Special Charges": NaN,
        "Impairment Of Capital Assets": NaN,
        "Net Non Operating Interest Income Expense": NaN,
        "Total Other Finance Cost": NaN,
        "Operating Income": NaN,
        "Operating Expense": NaN,
        "Other Operating Expenses": NaN,
        "Research And Development": NaN,
        "Selling General And Administration": NaN,
        "Selling And Marketing Expense": NaN,
        "General And Administrative Expense": NaN,
        "Other Gand A": NaN,
        "Gross Profit": NaN,
        "Cost Of Revenue": NaN,
        "Total Revenue": NaN,
        "Operating Revenue": NaN
    },
    "2022-12-31": {
        "Tax Effect Of Unusual Items": NaN,
        "Tax Rate For Calcs": NaN,
        "Normalized EBITDA": NaN,
        "Total Unusual Items": NaN,
        "Total Unusual Items Excluding Goodwill": NaN,
        "Net Income From Continuing Operation Net Minority Interest": NaN,
        "Reconciled Depreciation": NaN,
        "Reconciled Cost Of Revenue": NaN,
        "EBITDA": NaN,
        "EBIT": NaN,
        "Net Interest Income": NaN,
        "Normalized Income": NaN,
        "Net Income From Continuing And Discontinued Operation": NaN,
        "Total Expenses": NaN,
        "Total Operating Income As Reported": NaN,
        "Diluted Average Shares": NaN,
        "Basic Average Shares": NaN,
        "Diluted EPS": NaN,
        "Basic EPS": NaN,
        "Diluted NI Availto Com Stockholders": NaN,
        "Average Dilution Earnings": NaN,
        "Net Income Common Stockholders": NaN,
        "Net Income": NaN,
        "Net Income Including Noncontrolling Interests": NaN,
        "Net Income Continuous Operations": NaN,
        "Earnings From Equity Interest Net Of Tax": NaN,
        "Tax Provision": NaN,
        "Pretax Income": NaN,
        "Other Income Expense": NaN,
        "Other Non Operating Income Expenses": 186000.0,
        "Special Income Charges": NaN,
        "Gain On Sale Of Ppe": NaN,
        "Other Special Charges": NaN,
        "Impairment Of Capital Assets": NaN,
        "Net Non Operating Interest Income Expense": NaN,
        "Total Other Finance Cost": NaN,
        "Operating Income": NaN,
        "Operating Expense": NaN,
        "Other Operating Expenses": NaN,
        "Research And Development": NaN,
        "Selling General And Administration": NaN,
        "Selling And Marketing Expense": NaN,
        "General And Administrative Expense": NaN,
        "Other Gand A": NaN,
        "Gross Profit": NaN,
        "Cost Of Revenue": NaN,
        "Total Revenue": NaN,
        "Operating Revenue": NaN
    },
    "2022-09-30": {
        "Tax Effect Of Unusual Items": NaN,
        "Tax Rate For Calcs": NaN,
        "Normalized EBITDA": NaN,
        "Total Unusual Items": NaN,
        "Total Unusual Items Excluding Goodwill": NaN,
        "Net Income From Continuing Operation Net Minority Interest": NaN,
        "Reconciled Depreciation": NaN,
        "Reconciled Cost Of Revenue": NaN,
        "EBITDA": NaN,
        "EBIT": NaN,
        "Net Interest Income": NaN,
        "Normalized Income": NaN,
        "Net Income From Continuing And Discontinued Operation": NaN,
        "Total Expenses": NaN,
        "Total Operating Income As Reported": NaN,
        "Diluted Average Shares": NaN,
        "Basic Average Shares": NaN,
        "Diluted EPS": NaN,
        "Basic EPS": NaN,
        "Diluted NI Availto Com Stockholders": NaN,
        "Average Dilution Earnings": NaN,
        "Net Income Common Stockholders": NaN,
        "Net Income": NaN,
        "Net Income Including Noncontrolling Interests": NaN,
        "Net Income Continuous Operations": NaN,
        "Earnings From Equity Interest Net Of Tax": NaN,
        "Tax Provision": NaN,
        "Pretax Income": NaN,
        "Other Income Expense": NaN,
        "Other Non Operating Income Expenses": 7654000.0,
        "Special Income Charges": NaN,
        "Gain On Sale Of Ppe": NaN,
        "Other Special Charges": NaN,
        "Impairment Of Capital Assets": NaN,
        "Net Non Operating Interest Income Expense": NaN,
        "Total Other Finance Cost": NaN,
        "Operating Income": NaN,
        "Operating Expense": NaN,
        "Research And Development": NaN,
        "Selling General And Administration": NaN,
        "Selling And Marketing Expense": NaN,
        "General And Administrative Expense": NaN,
        "Other Gand A": NaN,
        "Gross Profit": NaN,
        "Cost Of Revenue": NaN,
        "Total Revenue": NaN,
        "Operating Revenue": NaN
    },
    "2022-06-30": {
        "Tax Effect Of Unusual Items": 0.0,
        "Tax Rate For Calcs": 0.304917,
        "Normalized EBITDA": 48490000.0,
        "Total Unusual Items": -4686000.0,
        "Total Unusual Items Excluding Goodwill": -4686000.0,
        "Net Income From Continuing Operation Net Minority Interest": 15084000.0,
        "Reconciled Depreciation": 12478000.0,
        "Reconciled Cost Of Revenue": 545132000.0,
        "EBITDA": 48490000.0,
        "EBIT": 36012000.0,
        "Net Interest Income": -14311000.0,
        "Interest Expense": 14311000.0,
        "Interest Income": NaN,
        "Normalized Income": 15084000.0,
        "Net Income From Continuing And Discontinued Operation": 15084000.0,
        "Total Expenses": 691762000.0,
        "Total Operating Income As Reported": 36012000.0,
        "Diluted Average Shares": 58564734.0,
        "Basic Average Shares": 55470279.0,
        "Diluted EPS": 0.26,
        "Basic EPS": 0.27,
        "Diluted NI Availto Com Stockholders": 15084000.0,
        "Average Dilution Earnings": 551000.0,
        "Net Income Common Stockholders": 15084000.0,
        "Net Income": 15084000.0,
        "Net Income Including Noncontrolling Interests": 15084000.0,
        "Net Income Continuous Operations": 15084000.0,
        "Tax Provision": 6617000.0,
        "Pretax Income": 21701000.0,
        "Other Income Expense": -4686000.0,
        "Other Non Operating Income Expenses": NaN,
        "Special Income Charges": -4686000.0,
        "Gain On Sale Of Ppe": NaN,
        "Impairment Of Capital Assets": 4686000.0,
        "Net Non Operating Interest Income Expense": -14311000.0,
        "Total Other Finance Cost": 14311000.0,
        "Interest Expense Non Operating": 14311000.0,
        "Interest Income Non Operating": NaN,
        "Operating Income": 36012000.0,
        "Operating Expense": 146630000.0,
        "Other Operating Expenses": 4687000.0,
        "Research And Development": 74847000.0,
        "Selling General And Administration": 67096000.0,
        "Selling And Marketing Expense": 38975000.0,
        "General And Administrative Expense": 28121000.0,
        "Other Gand A": 28121000.0,
        "Gross Profit": 182642000.0,
        "Cost Of Revenue": 545132000.0,
        "Total Revenue": 727774000.0,
        "Operating Revenue": 727774000.0
    },
    "2023-06-30": {
        "Tax Effect Of Unusual Items": NaN,
        "Tax Rate For Calcs": NaN,
        "Normalized EBITDA": NaN,
        "Total Unusual Items": NaN,
        "Total Unusual Items Excluding Goodwill": NaN,
        "Net Income From Continuing Operation Net Minority Interest": NaN,
        "Reconciled Depreciation": NaN,
        "Reconciled Cost Of Revenue": NaN,
        "EBITDA": NaN,
        "EBIT": NaN,
        "Net Interest Income": NaN,
        "Normalized Income": NaN,
        "Net Income From Continuing And Discontinued Operation": NaN,
        "Total Expenses": NaN,
        "Total Operating Income As Reported": NaN,
        "Diluted Average Shares": NaN,
        "Basic Average Shares": NaN,
        "Diluted EPS": NaN,
        "Basic EPS": NaN,
        "Diluted NI Availto Com Stockholders": NaN,
        "Average Dilution Earnings": NaN,
        "Net Income Common Stockholders": NaN,
        "Net Income": NaN,
        "Net Income Including Noncontrolling Interests": NaN,
        "Net Income Continuous Operations": NaN,
        "Earnings From Equity Interest Net Of Tax": 0.0,
        "Tax Provision": NaN,
        "Pretax Income": NaN,
        "Other Income Expense": NaN,
        "Other Non Operating Income Expenses": NaN,
        "Special Income Charges": NaN,
        "Gain On Sale Of Ppe": NaN,
        "Other Special Charges": NaN,
        "Impairment Of Capital Assets": NaN,
        "Net Non Operating Interest Income Expense": NaN,
        "Total Other Finance Cost": NaN,
        "Operating Income": NaN,
        "Operating Expense": NaN,
        "Other Operating Expenses": NaN,
        "Research And Development": NaN,
        "Selling General And Administration": NaN,
        "Selling And Marketing Expense": NaN,
        "General And Administrative Expense": NaN,
        "Other Gand A": NaN,
        "Gross Profit": NaN,
        "Cost Of Revenue": NaN,
        "Total Revenue": NaN,
        "Operating Revenue": NaN
    },
    "2022-03-31": {
        "Diluted EPS": 0.6,
        "Total Revenue": 655,
        "Gross Profit": 179,
        "Operating Income": 51,
        "EBIT": 63,
        "Net Income": 33
    },
    "2021-12-31": {
        "Diluted EPS": 0.73,
        "Total Revenue": 552,
        "Gross Profit": 160,
        "Operating Income": 41,
        "EBIT": 55,
        "Net Income": 41
    },
    "2021-09-30": {
        "Diluted EPS": 0.96,
        "Total Revenue": 526,
        "Gross Profit": 173,
        "Operating Income": 66,
        "EBIT": 80,
        "Net Income": 53
    },
    "2021-06-30": {
        "Diluted EPS": 0.82,
        "Total Revenue": 480,
        "Gross Profit": 156,
        "Operating Income": 56,
        "EBIT": 68,
        "Net Income": 45
    },
    "2021-03-31": {
        "Diluted EPS": 0.55,
        "Total Revenue": 405,
        "Gross Profit": 140,
        "Operating Income": 44,
        "EBIT": 55,
        "Net Income": 30
    },
    "2020-12-31": {
        "Diluted EPS": 0.32,
        "Total Revenue": 358,
        "Gross Profit": 110,
        "Operating Income": 14,
        "EBIT": 26,
        "Net Income": 18
    },
    "2020-09-30": {
        "Diluted EPS": 0.83,
        "Total Revenue": 338,
        "Gross Profit": 108,
        "Operating Income": 30,
        "EBIT": 39,
        "Net Income": 44
    },
    "2020-06-30": {
        "Diluted EPS": 0.7,
        "Total Revenue": 332,
        "Gross Profit": 103,
        "Operating Income": 30,
        "EBIT": 38,
        "Net Income": 37
    },
    "2020-03-31": {
        "Diluted EPS": 0.81,
        "Total Revenue": 431,
        "Gross Profit": 140,
        "Operating Income": 68,
        "EBIT": 75,
        "Net Income": 42
    },
    "2019-12-31": {
        "Diluted EPS": 1.04,
        "Total Revenue": 418,
        "Gross Profit": 143,
        "Operating Income": 51,
        "EBIT": 57,
        "Net Income": 53
    },
    "2019-09-30": {
        "Diluted EPS": 0.81,
        "Total Revenue": 411,
        "Gross Profit": 139,
        "Operating Income": 66,
        "EBIT": 73,
        "Net Income": 42
    },
    "2019-06-30": {
        "Diluted EPS": 0.66,
        "Total Revenue": 325,
        "Gross Profit": 111,
        "Operating Income": 45,
        "EBIT": 53,
        "Net Income": 33
    },
    "2019-03-31": {
        "Diluted EPS": 0.39,
        "Total Revenue": 272,
        "Gross Profit": 86,
        "Operating Income": 28,
        "EBIT": 34,
        "Net Income": 19
    },
    "2018-12-31": {
        "Diluted EPS": 0.27,
        "Total Revenue": 264,
        "Gross Profit": 80,
        "Operating Income": 24,
        "EBIT": 28,
        "Net Income": 13
    },
    "2018-09-30": {
        "Diluted EPS": 0.95,
        "Total Revenue": 237,
        "Gross Profit": 78,
        "Operating Income": 34,
        "EBIT": 38,
        "Net Income": 46
    },
    "2018-06-30": {
        "Diluted EPS": 0.72,
        "Total Revenue": 227,
        "Gross Profit": 82,
        "Operating Income": 41,
        "EBIT": 44,
        "Net Income": 35
    },
    "2018-03-31": {
        "Diluted EPS": 0.75,
        "Total Revenue": 210,
        "Gross Profit": 80,
        "Operating Income": 41,
        "EBIT": 44,
        "Net Income": 36
    },
    "2017-12-31": {
        "Diluted EPS": 0.42,
        "Total Revenue": 189,
        "Gross Profit": 71,
        "Operating Income": 35,
        "EBIT": 38,
        "Net Income": 20
    },
    "2017-09-30": {
        "Diluted EPS": 0.61,
        "Total Revenue": 167,
        "Gross Profit": 58,
        "Operating Income": 25,
        "EBIT": 28,
        "Net Income": 28
    },
    "2017-06-30": {
        "Diluted EPS": 0.5,
        "Total Revenue": 136,
        "Gross Profit": 47,
        "Operating Income": 19,
        "EBIT": 21,
        "Net Income": 23
    },
    "2017-03-31": {
        "Diluted EPS": 0.32,
        "Total Revenue": 115,
        "Gross Profit": 39,
        "Operating Income": 12,
        "EBIT": 14,
        "Net Income": 14
    },
    "2016-12-31": {
        "Diluted EPS": 0.0,
        "Total Revenue": NaN,
        "Gross Profit": NaN,
        "Operating Income": NaN,
        "EBIT": NaN,
        "Net Income": NaN
    },
    "2016-09-30": {
        "Diluted EPS": 0.35,
        "Total Revenue": 128,
        "Gross Profit": 42,
        "Operating Income": 18,
        "EBIT": 20,
        "Net Income": 16
    },
    "2016-06-30": {
        "Diluted EPS": 0.39,
        "Total Revenue": 125,
        "Gross Profit": 39,
        "Operating Income": 18,
        "EBIT": 29,
        "Net Income": 17
    },
    "2016-03-31": {
        "Diluted EPS": 0.47,
        "Total Revenue": 125,
        "Gross Profit": 41,
        "Operating Income": 20,
        "EBIT": 21,
        "Net Income": 21
    },
    "2015-12-31": {
        "Diluted EPS": 0.55,
        "Total Revenue": 125,
        "Gross Profit": 125,
        "Operating Income": 125,
        "EBIT": 126,
        "Net Income": 24
    },
    "2015-09-30": {
        "Diluted EPS": 0.32,
        "Total Revenue": 115,
        "Gross Profit": 34,
        "Operating Income": 15,
        "EBIT": 15,
        "Net Income": 14
    },
    "2015-06-30": {
        "Diluted EPS": 0.0,
        "Total Revenue": NaN,
        "Gross Profit": NaN,
        "Operating Income": NaN,
        "EBIT": NaN,
        "Net Income": NaN
    },
    "2015-03-31": {
        "Diluted EPS": 0.01,
        "Total Revenue": 86,
        "Gross Profit": 24,
        "Operating Income": 10,
        "EBIT": 11,
        "Net Income": 6
    },
    "2014-12-31": {
        "Diluted EPS": 1.2,
        "Total Revenue": 73,
        "Gross Profit": 16,
        "Operating Income": 4,
        "EBIT": 5,
        "Net Income": 3
    },
    "2014-09-30": {
        "Diluted EPS": 0.0,
        "Total Revenue": 67,
        "Gross Profit": 14,
        "Operating Income": 2,
        "EBIT": 1,
        "Net Income": NaN
    },
    "2014-06-30": {
        "Diluted EPS": -1.08,
        "Total Revenue": 45,
        "Gross Profit": 45,
        "Operating Income": 45,
        "EBIT": 45,
        "Net Income": -3
    },
    "2014-03-31": {
        "Diluted EPS": -1.87,
        "Total Revenue": 31,
        "Gross Profit": 6,
        "Operating Income": -5,
        "EBIT": -3,
        "Net Income": -5
    },
    "2013-06-30": {
        "Diluted EPS": 0.0,
        "Total Revenue": NaN,
        "Gross Profit": NaN,
        "Operating Income": NaN,
        "EBIT": NaN,
        "Net Income": NaN
    },
    "2023-09-30": {
        "Tax Effect Of Unusual Items": NaN,
        "Tax Rate For Calcs": NaN,
        "Normalized EBITDA": NaN,
        "Total Unusual Items": NaN,
        "Total Unusual Items Excluding Goodwill": NaN,
        "Net Income From Continuing Operation Net Minority Interest": NaN,
        "Reconciled Depreciation": NaN,
        "Reconciled Cost Of Revenue": NaN,
        "EBITDA": NaN,
        "EBIT": NaN,
        "Net Interest Income": NaN,
        "Normalized Income": NaN,
        "Net Income From Continuing And Discontinued Operation": NaN,
        "Total Expenses": NaN,
        "Total Operating Income As Reported": NaN,
        "Diluted Average Shares": NaN,
        "Basic Average Shares": NaN,
        "Diluted EPS": NaN,
        "Basic EPS": NaN,
        "Diluted NI Availto Com Stockholders": NaN,
        "Average Dilution Earnings": NaN,
        "Net Income Common Stockholders": NaN,
        "Net Income": NaN,
        "Net Income Including Noncontrolling Interests": NaN,
        "Net Income Continuous Operations": NaN,
        "Earnings From Equity Interest Net Of Tax": NaN,
        "Tax Provision": NaN,
        "Pretax Income": NaN,
        "Other Income Expense": NaN,
        "Other Non Operating Income Expenses": NaN,
        "Special Income Charges": NaN,
        "Gain On Sale Of Ppe": 0.0,
        "Other Special Charges": NaN,
        "Impairment Of Capital Assets": NaN,
        "Net Non Operating Interest Income Expense": NaN,
        "Total Other Finance Cost": NaN,
        "Operating Income": NaN,
        "Operating Expense": NaN,
        "Other Operating Expenses": NaN,
        "Research And Development": NaN,
        "Selling General And Administration": NaN,
        "Selling And Marketing Expense": NaN,
        "General And Administrative Expense": NaN,
        "Other Gand A": NaN,
        "Gross Profit": NaN,
        "Cost Of Revenue": NaN,
        "Total Revenue": NaN,
        "Operating Revenue": NaN
    },
    "2023-12-31": {
        "Tax Effect Of Unusual Items": NaN,
        "Tax Rate For Calcs": NaN,
        "Normalized EBITDA": NaN,
        "Total Unusual Items": NaN,
        "Total Unusual Items Excluding Goodwill": NaN,
        "Net Income From Continuing Operation Net Minority Interest": NaN,
        "Reconciled Depreciation": NaN,
        "Reconciled Cost Of Revenue": NaN,
        "EBITDA": NaN,
        "EBIT": NaN,
        "Net Interest Income": NaN,
        "Normalized Income": NaN,
        "Net Income From Continuing And Discontinued Operation": NaN,
        "Total Expenses": NaN,
        "Total Operating Income As Reported": NaN,
        "Diluted Average Shares": NaN,
        "Basic Average Shares": NaN,
        "Diluted EPS": NaN,
        "Basic EPS": NaN,
        "Diluted NI Availto Com Stockholders": NaN,
        "Average Dilution Earnings": -1608000.0,
        "Net Income Common Stockholders": NaN,
        "Net Income": NaN,
        "Net Income Including Noncontrolling Interests": NaN,
        "Net Income Continuous Operations": NaN,
        "Earnings From Equity Interest Net Of Tax": NaN,
        "Tax Provision": NaN,
        "Pretax Income": NaN,
        "Other Income Expense": NaN,
        "Other Non Operating Income Expenses": NaN,
        "Special Income Charges": NaN,
        "Gain On Sale Of Ppe": -172000.0,
        "Gain On Sale Of Business": NaN,
        "Other Special Charges": NaN,
        "Write Off": NaN,
        "Impairment Of Capital Assets": NaN,
        "Restructuring And Mergern Acquisition": NaN,
        "Net Non Operating Interest Income Expense": NaN,
        "Total Other Finance Cost": NaN,
        "Operating Income": NaN,
        "Operating Expense": NaN,
        "Other Operating Expenses": NaN,
        "Research And Development": NaN,
        "Selling General And Administration": NaN,
        "Selling And Marketing Expense": NaN,
        "General And Administrative Expense": NaN,
        "Other Gand A": NaN,
        "Gross Profit": NaN,
        "Cost Of Revenue": NaN,
        "Total Revenue": NaN,
        "Operating Revenue": NaN
    },
    "2024-03-31": {
        "Tax Effect Of Unusual Items": NaN,
        "Tax Rate For Calcs": NaN,
        "Normalized EBITDA": NaN,
        "Total Unusual Items": NaN,
        "Total Unusual Items Excluding Goodwill": NaN,
        "Net Income From Continuing Operation Net Minority Interest": NaN,
        "Reconciled Depreciation": NaN,
        "Reconciled Cost Of Revenue": NaN,
        "EBITDA": NaN,
        "EBIT": NaN,
        "Net Interest Income": NaN,
        "Normalized Income": NaN,
        "Net Income From Continuing And Discontinued Operation": NaN,
        "Total Expenses": NaN,
        "Total Operating Income As Reported": NaN,
        "Diluted Average Shares": NaN,
        "Basic Average Shares": NaN,
        "Diluted EPS": NaN,
        "Basic EPS": NaN,
        "Diluted NI Availto Com Stockholders": NaN,
        "Average Dilution Earnings": 0.0,
        "Net Income Common Stockholders": NaN,
        "Net Income": NaN,
        "Net Income Including Noncontrolling Interests": NaN,
        "Net Income Continuous Operations": NaN,
        "Earnings From Equity Interest Net Of Tax": NaN,
        "Tax Provision": NaN,
        "Pretax Income": NaN,
        "Other Income Expense": NaN,
        "Other Non Operating Income Expenses": NaN,
        "Special Income Charges": NaN,
        "Gain On Sale Of Ppe": -1058000.0,
        "Gain On Sale Of Business": NaN,
        "Other Special Charges": -399000.0,
        "Write Off": NaN,
        "Impairment Of Capital Assets": 1732000.0,
        "Restructuring And Mergern Acquisition": NaN,
        "Net Non Operating Interest Income Expense": NaN,
        "Total Other Finance Cost": NaN,
        "Operating Income": NaN,
        "Operating Expense": NaN,
        "Other Operating Expenses": NaN,
        "Research And Development": NaN,
        "Selling General And Administration": NaN,
        "Selling And Marketing Expense": NaN,
        "General And Administrative Expense": NaN,
        "Other Gand A": NaN,
        "Gross Profit": NaN,
        "Cost Of Revenue": NaN,
        "Total Revenue": NaN,
        "Operating Revenue": NaN
    },
    "2024-06-30": {
        "Tax Effect Of Unusual Items": -122464.0,
        "Tax Rate For Calcs": 0.086,
        "Normalized EBITDA": -141892000.0,
        "Total Unusual Items": -1424000.0,
        "Total Unusual Items Excluding Goodwill": -1424000.0,
        "Net Income From Continuing Operation Net Minority Interest": -130818000.0,
        "Reconciled Depreciation": 15442000.0,
        "Reconciled Cost Of Revenue": 276374000.0,
        "EBITDA": -143316000.0,
        "EBIT": -158758000.0,
        "Net Interest Income": -865000.0,
        "Normalized Income": -129516464.0,
        "Net Income From Continuing And Discontinued Operation": -130818000.0,
        "Total Expenses": 424163000.0,
        "Total Operating Income As Reported": -160182000.0,
        "Diluted Average Shares": 56687006.0,
        "Basic Average Shares": 56687006.0,
        "Diluted EPS": -2.31,
        "Basic EPS": -2.31,
        "Diluted NI Availto Com Stockholders": -130818000.0,
        "Average Dilution Earnings": 0.0,
        "Net Income Common Stockholders": -130818000.0,
        "Net Income": -130818000.0,
        "Net Income Including Noncontrolling Interests": -130818000.0,
        "Net Income Continuous Operations": -130818000.0,
        "Earnings From Equity Interest Net Of Tax": -567000.0,
        "Tax Provision": -12245000.0,
        "Pretax Income": -142496000.0,
        "Other Income Expense": 17127000.0,
        "Other Non Operating Income Expenses": 18551000.0,
        "Special Income Charges": -1424000.0,
        "Gain On Sale Of Ppe": -1424000.0,
        "Gain On Sale Of Business": 0.0,
        "Other Special Charges": NaN,
        "Write Off": 0.0,
        "Impairment Of Capital Assets": 0.0,
        "Restructuring And Mergern Acquisition": 0.0,
        "Net Non Operating Interest Income Expense": -865000.0,
        "Total Other Finance Cost": 865000.0,
        "Operating Income": -158758000.0,
        "Operating Expense": 147789000.0,
        "Other Operating Expenses": -473000.0,
        "Research And Development": 69276000.0,
        "Selling General And Administration": 78986000.0,
        "Selling And Marketing Expense": 39978000.0,
        "General And Administrative Expense": 39008000.0,
        "Other Gand A": 39008000.0,
        "Gross Profit": -10969000.0,
        "Cost Of Revenue": 276374000.0,
        "Total Revenue": 265405000.0,
        "Operating Revenue": 265405000.0
    },
    "2024-09-30": {
        "Tax Effect Of Unusual Items": -48083490.0,
        "Tax Rate For Calcs": 0.21,
        "Normalized EBITDA": -610543000.0,
        "Total Unusual Items": -228969000.0,
        "Total Unusual Items Excluding Goodwill": -228969000.0,
        "Net Income From Continuing Operation Net Minority Interest": -1205321000.0,
        "Reconciled Depreciation": 16785000.0,
        "Reconciled Cost Of Revenue": 963229000.0,
        "EBITDA": -839512000.0,
        "EBIT": -856297000.0,
        "Net Interest Income": 5558000.0,
        "Normalized Income": -1024435490.0,
        "Net Income From Continuing And Discontinued Operation": -1205321000.0,
        "Total Expenses": 1117200000.0,
        "Total Operating Income As Reported": -1085266000.0,
        "Diluted Average Shares": 57029983.0,
        "Basic Average Shares": 57029983.0,
        "Diluted EPS": -21.13,
        "Basic EPS": -21.13,
        "Diluted NI Availto Com Stockholders": -1205321000.0,
        "Average Dilution Earnings": 0.0,
        "Net Income Common Stockholders": -1205321000.0,
        "Net Income": -1205321000.0,
        "Net Income Including Noncontrolling Interests": -1205321000.0,
        "Net Income Continuous Operations": -1205321000.0,
        "Earnings From Equity Interest Net Of Tax": -577000.0,
        "Tax Provision": 121108000.0,
        "Pretax Income": -1083636000.0,
        "Other Income Expense": -232897000.0,
        "Other Non Operating Income Expenses": -3928000.0,
        "Special Income Charges": -228969000.0,
        "Gain On Sale Of Ppe": 644000.0,
        "Gain On Sale Of Business": NaN,
        "Other Special Charges": NaN,
        "Write Off": NaN,
        "Impairment Of Capital Assets": 229613000.0,
        "Restructuring And Mergern Acquisition": NaN,
        "Net Non Operating Interest Income Expense": 5558000.0,
        "Total Other Finance Cost": -5558000.0,
        "Operating Income": -856297000.0,
        "Operating Expense": 153971000.0,
        "Other Operating Expenses": 4960000.0,
        "Research And Development": 70372000.0,
        "Selling General And Administration": 78639000.0,
        "Selling And Marketing Expense": 37427000.0,
        "General And Administrative Expense": 41212000.0,
        "Other Gand A": 41212000.0,
        "Gross Profit": -702326000.0,
        "Cost Of Revenue": 963229000.0,
        "Total Revenue": 260903000.0,
        "Operating Revenue": 258416000.0
    },
    "2024-12-31": {
        "Tax Effect Of Unusual Items": -6084540.0,
        "Tax Rate For Calcs": 0.21,
        "Normalized EBITDA": -472635000.0,
        "Total Unusual Items": -28974000.0,
        "Total Unusual Items Excluding Goodwill": -28974000.0,
        "Net Income From Continuing Operation Net Minority Interest": -312907000.0,
        "Reconciled Depreciation": 12650000.0,
        "Reconciled Cost Of Revenue": 308471000.0,
        "EBITDA": -501609000.0,
        "EBIT": -514259000.0,
        "Net Interest Income": 18040000.0,
        "Normalized Income": -290017540.0,
        "Net Income From Continuing And Discontinued Operation": -312907000.0,
        "Total Expenses": 461149000.0,
        "Total Operating Income As Reported": -289135000.0,
        "Diluted Average Shares": 57487800.0,
        "Basic Average Shares": 57487800.0,
        "Diluted EPS": -5.0,
        "Basic EPS": -5.0,
        "Diluted NI Availto Com Stockholders": -312907000.0,
        "Average Dilution Earnings": 0.0,
        "Net Income Common Stockholders": -312907000.0,
        "Net Income": -312907000.0,
        "Net Income Including Noncontrolling Interests": -312907000.0,
        "Net Income Continuous Operations": -312907000.0,
        "Earnings From Equity Interest Net Of Tax": -456000.0,
        "Tax Provision": 11041000.0,
        "Pretax Income": -301410000.0,
        "Other Income Expense": -29050000.0,
        "Other Non Operating Income Expenses": -76000.0,
        "Special Income Charges": -16263000.0,
        "Gain On Sale Of Ppe": NaN,
        "Gain On Sale Of Business": NaN,
        "Other Special Charges": NaN,
        "Write Off": NaN,
        "Impairment Of Capital Assets": 18101000.0,
        "Restructuring And Mergern Acquisition": NaN,
        "Net Non Operating Interest Income Expense": 18040000.0,
        "Total Other Finance Cost": 8198000.0,
        "Operating Income": -290400000.0,
        "Operating Expense": 152678000.0,
        "Other Operating Expenses": 5993000.0,
        "Research And Development": 62238000.0,
        "Selling General And Administration": 66919000.0,
        "Selling And Marketing Expense": 30549000.0,
        "General And Administrative Expense": 36370000.0,
        "Other Gand A": 36370000.0,
        "Gross Profit": -137722000.0,
        "Cost Of Revenue": 308471000.0,
        "Total Revenue": 170749000.0,
        "Operating Revenue": 179635000.0
    },
    "2025-03-31": {
        "Tax Effect Of Unusual Items": -5250.0,
        "Tax Rate For Calcs": 0.21,
        "Normalized EBITDA": -90675000.0,
        "Total Unusual Items": -25000.0,
        "Total Unusual Items Excluding Goodwill": -25000.0,
        "Net Income From Continuing Operation Net Minority Interest": -98523000.0,
        "Reconciled Depreciation": 12001000.0,
        "Reconciled Cost Of Revenue": 201944000.0,
        "EBITDA": -90700000.0,
        "EBIT": -102701000.0,
        "Net Interest Income": 10068000.0,
        "Normalized Income": -98503250.0,
        "Net Income From Continuing And Discontinued Operation": -98523000.0,
        "Total Expenses": 322181000.0,
        "Total Operating Income As Reported": -102726000.0,
        "Diluted Average Shares": 58121502.0,
        "Basic Average Shares": 57954706.0,
        "Diluted EPS": -1.7,
        "Basic EPS": -1.7,
        "Diluted NI Availto Com Stockholders": -98523000.0,
        "Average Dilution Earnings": NaN,
        "Net Income Common Stockholders": -98523000.0,
        "Net Income": -98523000.0,
        "Net Income Including Noncontrolling Interests": -98523000.0,
        "Net Income Continuous Operations": -98523000.0,
        "Earnings From Equity Interest Net Of Tax": -287000.0,
        "Tax Provision": 5726000.0,
        "Pretax Income": -92510000.0,
        "Other Income Expense": 123000.0,
        "Other Non Operating Income Expenses": 148000.0,
        "Special Income Charges": -25000.0,
        "Gain On Sale Of Ppe": NaN,
        "Gain On Sale Of Business": NaN,
        "Other Special Charges": NaN,
        "Write Off": NaN,
        "Impairment Of Capital Assets": 25000.0,
        "Restructuring And Mergern Acquisition": NaN,
        "Net Non Operating Interest Income Expense": 10068000.0,
        "Total Other Finance Cost": -10068000.0,
        "Operating Income": -102701000.0,
        "Operating Expense": 120237000.0,
        "Other Operating Expenses": -3600000.0,
        "Research And Development": 61997000.0,
        "Selling General And Administration": 61840000.0,
        "Selling And Marketing Expense": 31657000.0,
        "General And Administrative Expense": 30183000.0,
        "Other Gand A": 30183000.0,
        "Gross Profit": 17536000.0,
        "Cost Of Revenue": 201944000.0,
        "Total Revenue": 219480000.0,
        "Operating Revenue": 219480000.0
    },
    "2025-06-30": {
        "Tax Effect Of Unusual Items": -9727410.0,
        "Tax Rate For Calcs": 0.21,
        "Normalized EBITDA": -18625000.0,
        "Total Unusual Items": -46321000.0,
        "Total Unusual Items Excluding Goodwill": -46321000.0,
        "Net Income From Continuing Operation Net Minority Interest": -124744000.0,
        "Reconciled Depreciation": 4226000.0,
        "Reconciled Cost Of Revenue": 257298000.0,
        "EBITDA": -64946000.0,
        "EBIT": -69172000.0,
        "Net Interest Income": -7323000.0,
        "Normalized Income": -88150410.0,
        "Net Income From Continuing And Discontinued Operation": -124744000.0,
        "Total Expenses": 358601000.0,
        "Total Operating Income As Reported": -115493000.0,
        "Diluted Average Shares": 58567394.0,
        "Basic Average Shares": 58565258.0,
        "Diluted EPS": -2.13,
        "Basic EPS": -2.13,
        "Diluted NI Availto Com Stockholders": -124744000.0,
        "Average Dilution Earnings": NaN,
        "Net Income Common Stockholders": -124744000.0,
        "Net Income": -124744000.0,
        "Net Income Including Noncontrolling Interests": -124744000.0,
        "Net Income Continuous Operations": -124744000.0,
        "Earnings From Equity Interest Net Of Tax": -288000.0,
        "Tax Provision": 5657000.0,
        "Pretax Income": -118799000.0,
        "Other Income Expense": -42304000.0,
        "Other Non Operating Income Expenses": 4017000.0,
        "Special Income Charges": -46321000.0,
        "Gain On Sale Of Ppe": 10000000.0,
        "Gain On Sale Of Business": -17982000.0,
        "Other Special Charges": NaN,
        "Write Off": 38339000.0,
        "Impairment Of Capital Assets": NaN,
        "Restructuring And Mergern Acquisition": 0.0,
        "Net Non Operating Interest Income Expense": -7323000.0,
        "Total Other Finance Cost": 7323000.0,
        "Operating Income": -69172000.0,
        "Operating Expense": 101303000.0,
        "Other Operating Expenses": -597000.0,
        "Research And Development": 53386000.0,
        "Selling General And Administration": 48514000.0,
        "Selling And Marketing Expense": 28725000.0,
        "General And Administrative Expense": 19789000.0,
        "Other Gand A": 19789000.0,
        "Gross Profit": 32131000.0,
        "Cost Of Revenue": 257298000.0,
        "Total Revenue": 289429000.0,
        "Operating Revenue": 289429000.0
    }
}