{
    "2023-06-30": {
        "Tax Effect Of Unusual Items": 120510.0,
        "Tax Rate For Calcs": 0.234,
        "Normalized EBITDA": 173273000.0,
        "Total Unusual Items": 515000.0,
        "Total Unusual Items Excluding Goodwill": 515000.0,
        "Net Income From Continuing Operation Net Minority Interest": 118851000.0,
        "Reconciled Depreciation": 18411000.0,
        "Reconciled Cost Of Revenue": 231349000.0,
        "EBITDA": 173788000.0,
        "EBIT": 155377000.0,
        "Net Interest Income": 9411000.0,
        "Interest Expense": 139000.0,
        "Interest Income": 9550000.0,
        "Normalized Income": 118456510.0,
        "Net Income From Continuing And Discontinued Operation": 118851000.0,
        "Total Expenses": 376456000.0,
        "Total Operating Income As Reported": 112601000.0,
        "Diluted Average Shares": 133936000.0,
        "Basic Average Shares": 132854000.0,
        "Diluted EPS": 0.89,
        "Basic EPS": 0.89,
        "Diluted NI Availto Com Stockholders": 118851000.0,
        "Net Income Common Stockholders": 118851000.0,
        "Net Income": 118851000.0,
        "Net Income Including Noncontrolling Interests": 118851000.0,
        "Net Income Continuous Operations": 118851000.0,
        "Tax Provision": 36387000.0,
        "Pretax Income": 155238000.0,
        "Other Income Expense": 33226000.0,
        "Earnings From Equity Interest": 32711000.0,
        "Gain On Sale Of Security": 515000.0,
        "Net Non Operating Interest Income Expense": 9411000.0,
        "Interest Expense Non Operating": 139000.0,
        "Interest Income Non Operating": 9550000.0,
        "Operating Income": 112601000.0,
        "Operating Expense": 145107000.0,
        "Other Operating Expenses": 57979000.0,
        "Depreciation Amortization Depletion Income Statement": 18411000.0,
        "Depreciation And Amortization In Income Statement": 18411000.0,
        "Amortization": 9630000.0,
        "Amortization Of Intangibles Income Statement": 9630000.0,
        "Depreciation Income Statement": 8781000.0,
        "Selling General And Administration": 68717000.0,
        "General And Administrative Expense": 68717000.0,
        "Other Gand A": 61312000.0,
        "Salaries And Wages": 7405000.0,
        "Gross Profit": 257708000.0,
        "Cost Of Revenue": 231349000.0,
        "Total Revenue": 489057000.0,
        "Operating Revenue": 489057000.0
    },
    "2023-03-31": {
        "Tax Effect Of Unusual Items": 175584.0,
        "Tax Rate For Calcs": 0.236,
        "Normalized EBITDA": 157379000.0,
        "Total Unusual Items": 744000.0,
        "Total Unusual Items Excluding Goodwill": 744000.0,
        "Net Income From Continuing Operation Net Minority Interest": 107015000.0,
        "Reconciled Depreciation": 17955000.0,
        "Reconciled Cost Of Revenue": 228087000.0,
        "EBITDA": 158123000.0,
        "EBIT": 140168000.0,
        "Net Interest Income": 8637000.0,
        "Interest Expense": 141000.0,
        "Interest Income": 8778000.0,
        "Normalized Income": 106446584.0,
        "Net Income From Continuing And Discontinued Operation": 107015000.0,
        "Total Expenses": 367352000.0,
        "Total Operating Income As Reported": 101767000.0,
        "Diluted Average Shares": 135311000.0,
        "Basic Average Shares": 134020000.0,
        "Diluted EPS": 0.79,
        "Basic EPS": 0.8,
        "Diluted NI Availto Com Stockholders": 107015000.0,
        "Net Income Common Stockholders": 107015000.0,
        "Net Income": 107015000.0,
        "Net Income Including Noncontrolling Interests": 107015000.0,
        "Net Income Continuous Operations": 107015000.0,
        "Tax Provision": 33012000.0,
        "Pretax Income": 140027000.0,
        "Other Income Expense": 29623000.0,
        "Earnings From Equity Interest": 28879000.0,
        "Gain On Sale Of Security": 744000.0,
        "Net Non Operating Interest Income Expense": 8637000.0,
        "Interest Expense Non Operating": 141000.0,
        "Interest Income Non Operating": 8778000.0,
        "Operating Income": 101767000.0,
        "Operating Expense": 139265000.0,
        "Other Operating Expenses": 52132000.0,
        "Depreciation Amortization Depletion Income Statement": 17955000.0,
        "Depreciation And Amortization In Income Statement": 17955000.0,
        "Amortization": 9424000.0,
        "Amortization Of Intangibles Income Statement": 9424000.0,
        "Depreciation Income Statement": 8531000.0,
        "Selling General And Administration": 69178000.0,
        "General And Administrative Expense": 69178000.0,
        "Other Gand A": 61104000.0,
        "Salaries And Wages": 8074000.0,
        "Gross Profit": 241032000.0,
        "Cost Of Revenue": 228087000.0,
        "Total Revenue": 469119000.0,
        "Operating Revenue": 469119000.0
    },
    "2022-12-31": {
        "Tax Effect Of Unusual Items": 260778.213778,
        "Tax Rate For Calcs": 0.181474,
        "Normalized EBITDA": 155031000.0,
        "Total Unusual Items": 1437000.0,
        "Total Unusual Items Excluding Goodwill": 1437000.0,
        "Net Income From Continuing Operation Net Minority Interest": 112224000.0,
        "Reconciled Depreciation": 19218000.0,
        "Reconciled Cost Of Revenue": 227887000.0,
        "EBITDA": 156468000.0,
        "EBIT": 137250000.0,
        "Net Interest Income": 6500000.0,
        "Interest Expense": 145000.0,
        "Interest Income": 6645000.0,
        "Normalized Income": 111047778.213778,
        "Net Income From Continuing And Discontinued Operation": 112224000.0,
        "Total Expenses": 362542000.0,
        "Total Operating Income As Reported": 94048000.0,
        "Diluted Average Shares": 135818000.0,
        "Basic Average Shares": 134714000.0,
        "Diluted EPS": 0.83,
        "Basic EPS": 0.83,
        "Diluted NI Availto Com Stockholders": 112224000.0,
        "Net Income Common Stockholders": 112224000.0,
        "Net Income": 112224000.0,
        "Net Income Including Noncontrolling Interests": 112224000.0,
        "Net Income Continuous Operations": 112224000.0,
        "Tax Provision": 24881000.0,
        "Pretax Income": 137105000.0,
        "Other Income Expense": 36557000.0,
        "Earnings From Equity Interest": 31741000.0,
        "Gain On Sale Of Security": 1437000.0,
        "Net Non Operating Interest Income Expense": 6500000.0,
        "Interest Expense Non Operating": 145000.0,
        "Interest Income Non Operating": 6645000.0,
        "Operating Income": 94048000.0,
        "Operating Expense": 134655000.0,
        "Other Operating Expenses": 49680000.0,
        "Depreciation Amortization Depletion Income Statement": 19218000.0,
        "Depreciation And Amortization In Income Statement": 19218000.0,
        "Amortization": 10503000.0,
        "Amortization Of Intangibles Income Statement": 10503000.0,
        "Depreciation Income Statement": 8715000.0,
        "Selling General And Administration": 65757000.0,
        "General And Administrative Expense": 65757000.0,
        "Other Gand A": 57693000.0,
        "Salaries And Wages": 8064000.0,
        "Gross Profit": 228703000.0,
        "Cost Of Revenue": 227887000.0,
        "Total Revenue": 456590000.0,
        "Operating Revenue": 456590000.0
    },
    "2022-09-30": {
        "Tax Effect Of Unusual Items": -323380.0,
        "Tax Rate For Calcs": 0.23,
        "Normalized EBITDA": 100602000.0,
        "Total Unusual Items": -1406000.0,
        "Total Unusual Items Excluding Goodwill": -1406000.0,
        "Net Income From Continuing Operation Net Minority Interest": 61659000.0,
        "Reconciled Depreciation": 18940000.0,
        "Reconciled Cost Of Revenue": 281370000.0,
        "EBITDA": 99196000.0,
        "EBIT": 80256000.0,
        "Net Interest Income": 3819000.0,
        "Interest Expense": 143000.0,
        "Interest Income": 3962000.0,
        "Normalized Income": 62741620.0,
        "Net Income From Continuing And Discontinued Operation": 61659000.0,
        "Total Expenses": 420288000.0,
        "Total Operating Income As Reported": 51046000.0,
        "Diluted Average Shares": 136345000.0,
        "Basic Average Shares": 135203000.0,
        "Diluted EPS": 0.45,
        "Basic EPS": 0.46,
        "Diluted NI Availto Com Stockholders": 61659000.0,
        "Net Income Common Stockholders": 61659000.0,
        "Net Income": 61659000.0,
        "Net Income Including Noncontrolling Interests": 61659000.0,
        "Net Income Continuous Operations": 61659000.0,
        "Tax Provision": 18454000.0,
        "Pretax Income": 80113000.0,
        "Other Income Expense": 25248000.0,
        "Other Non Operating Income Expenses": NaN,
        "Earnings From Equity Interest": 26654000.0,
        "Gain On Sale Of Security": -1406000.0,
        "Net Non Operating Interest Income Expense": 3819000.0,
        "Interest Expense Non Operating": 143000.0,
        "Interest Income Non Operating": 3962000.0,
        "Operating Income": 51046000.0,
        "Operating Expense": 138918000.0,
        "Other Operating Expenses": 50654000.0,
        "Depreciation Amortization Depletion Income Statement": 18940000.0,
        "Depreciation And Amortization In Income Statement": 18940000.0,
        "Amortization": 10382000.0,
        "Amortization Of Intangibles Income Statement": 10382000.0,
        "Depreciation Income Statement": 8558000.0,
        "Selling General And Administration": 69324000.0,
        "General And Administrative Expense": 69324000.0,
        "Other Gand A": 58558000.0,
        "Salaries And Wages": 10766000.0,
        "Gross Profit": 189964000.0,
        "Cost Of Revenue": 281370000.0,
        "Total Revenue": 471334000.0,
        "Operating Revenue": 471334000.0
    },
    "2022-06-30": {
        "Tax Effect Of Unusual Items": -605220.0,
        "Tax Rate For Calcs": 0.231,
        "Normalized EBITDA": 172320000.0,
        "Total Unusual Items": -2620000.0,
        "Total Unusual Items Excluding Goodwill": -2620000.0,
        "Net Income From Continuing Operation Net Minority Interest": 111276000.0,
        "Reconciled Depreciation": 24794000.0,
        "Reconciled Cost Of Revenue": 215351000.0,
        "EBITDA": 169700000.0,
        "EBIT": 144906000.0,
        "Net Interest Income": 1642000.0,
        "Interest Expense": 211000.0,
        "Interest Income": 1853000.0,
        "Normalized Income": 113290780.0,
        "Net Income From Continuing And Discontinued Operation": 111276000.0,
        "Total Expenses": 365810000.0,
        "Total Operating Income As Reported": 115860000.0,
        "Diluted Average Shares": 137817000.0,
        "Basic Average Shares": 136435000.0,
        "Diluted EPS": 0.81,
        "Basic EPS": 0.82,
        "Diluted NI Availto Com Stockholders": 111276000.0,
        "Net Income Common Stockholders": 111276000.0,
        "Net Income": 111276000.0,
        "Net Income Including Noncontrolling Interests": 111276000.0,
        "Net Income Continuous Operations": 111276000.0,
        "Tax Provision": 33419000.0,
        "Pretax Income": 144695000.0,
        "Other Income Expense": 27193000.0,
        "Other Non Operating Income Expenses": NaN,
        "Earnings From Equity Interest": 29813000.0,
        "Gain On Sale Of Security": -2620000.0,
        "Net Non Operating Interest Income Expense": 1642000.0,
        "Interest Expense Non Operating": 211000.0,
        "Interest Income Non Operating": 1853000.0,
        "Operating Income": 115860000.0,
        "Operating Expense": 150459000.0,
        "Other Operating Expenses": 52387000.0,
        "Depreciation Amortization Depletion Income Statement": 24794000.0,
        "Depreciation And Amortization In Income Statement": 24794000.0,
        "Amortization": 16508000.0,
        "Amortization Of Intangibles Income Statement": 16508000.0,
        "Depreciation Income Statement": 8286000.0,
        "Selling General And Administration": 73278000.0,
        "General And Administrative Expense": 73278000.0,
        "Other Gand A": 63271000.0,
        "Salaries And Wages": 10007000.0,
        "Gross Profit": 266319000.0,
        "Cost Of Revenue": 215351000.0,
        "Total Revenue": 481670000.0,
        "Operating Revenue": 481670000.0
    },
    "2022-03-31": {
        "Diluted EPS": 1.36,
        "Total Revenue": 581,
        "Gross Profit": 581,
        "Operating Income": 215,
        "EBIT": 240,
        "Net Income": 190
    },
    "2021-12-31": {
        "Diluted EPS": 1.02,
        "Total Revenue": 502,
        "Gross Profit": 502,
        "Operating Income": 143,
        "EBIT": 167,
        "Net Income": 145
    },
    "2021-09-30": {
        "Diluted EPS": 0.97,
        "Total Revenue": 485,
        "Gross Profit": 485,
        "Operating Income": 141,
        "EBIT": 164,
        "Net Income": 138
    },
    "2021-06-30": {
        "Diluted EPS": 0.93,
        "Total Revenue": 476,
        "Gross Profit": 476,
        "Operating Income": 136,
        "EBIT": 159,
        "Net Income": 134
    },
    "2021-03-31": {
        "Diluted EPS": 0.89,
        "Total Revenue": 456,
        "Gross Profit": 456,
        "Operating Income": 133,
        "EBIT": 155,
        "Net Income": 129
    },
    "2020-12-31": {
        "Diluted EPS": 0.85,
        "Total Revenue": 444,
        "Gross Profit": 444,
        "Operating Income": 124,
        "EBIT": 145,
        "Net Income": 126
    },
    "2020-09-30": {
        "Diluted EPS": 0.75,
        "Total Revenue": 425,
        "Gross Profit": 425,
        "Operating Income": 111,
        "EBIT": 132,
        "Net Income": 111
    },
    "2020-06-30": {
        "Diluted EPS": 0.68,
        "Total Revenue": 401,
        "Gross Profit": 401,
        "Operating Income": 100,
        "EBIT": 121,
        "Net Income": 101
    },
    "2020-03-31": {
        "Diluted EPS": 0.72,
        "Total Revenue": 415,
        "Gross Profit": 415,
        "Operating Income": 110,
        "EBIT": 131,
        "Net Income": 109
    },
    "2019-12-31": {
        "Diluted EPS": 0.83,
        "Total Revenue": 423,
        "Gross Profit": 423,
        "Operating Income": 116,
        "EBIT": 136,
        "Net Income": 129
    },
    "2019-09-30": {
        "Diluted EPS": 0.86,
        "Total Revenue": 416,
        "Gross Profit": 416,
        "Operating Income": 121,
        "EBIT": 141,
        "Net Income": 132
    },
    "2019-06-30": {
        "Diluted EPS": 0.82,
        "Total Revenue": 410,
        "Gross Profit": 410,
        "Operating Income": 120,
        "EBIT": 140,
        "Net Income": 127
    },
    "2019-03-31": {
        "Diluted EPS": 0.73,
        "Total Revenue": 401,
        "Gross Profit": 401,
        "Operating Income": 104,
        "EBIT": 124,
        "Net Income": 114
    },
    "2018-12-31": {
        "Diluted EPS": 0.73,
        "Total Revenue": 405,
        "Gross Profit": 405,
        "Operating Income": 103,
        "EBIT": 123,
        "Net Income": 116
    },
    "2018-09-30": {
        "Diluted EPS": 0.8,
        "Total Revenue": 409,
        "Gross Profit": 409,
        "Operating Income": 112,
        "EBIT": 132,
        "Net Income": 128
    },
    "2018-06-30": {
        "Diluted EPS": 0.75,
        "Total Revenue": 405,
        "Gross Profit": 405,
        "Operating Income": 110,
        "EBIT": 130,
        "Net Income": 122
    },
    "2018-03-31": {
        "Diluted EPS": 0.86,
        "Total Revenue": 406,
        "Gross Profit": 406,
        "Operating Income": 116,
        "EBIT": 135,
        "Net Income": 140
    },
    "2017-12-31": {
        "Diluted EPS": 0.74,
        "Total Revenue": 408,
        "Gross Profit": 408,
        "Operating Income": 107,
        "EBIT": 124,
        "Net Income": 122
    },
    "2017-09-30": {
        "Diluted EPS": 0.63,
        "Total Revenue": 386,
        "Gross Profit": 386,
        "Operating Income": 99,
        "EBIT": 120,
        "Net Income": 102
    },
    "2017-06-30": {
        "Diluted EPS": 0.57,
        "Total Revenue": 372,
        "Gross Profit": 372,
        "Operating Income": 97,
        "EBIT": 116,
        "Net Income": 92
    },
    "2017-03-31": {
        "Diluted EPS": 0.55,
        "Total Revenue": 360,
        "Gross Profit": 360,
        "Operating Income": 94,
        "EBIT": 112,
        "Net Income": 89
    },
    "2016-12-31": {
        "Diluted EPS": 0.54,
        "Total Revenue": 369,
        "Gross Profit": 369,
        "Operating Income": 98,
        "EBIT": 117,
        "Net Income": 89
    },
    "2016-09-30": {
        "Diluted EPS": 0.53,
        "Total Revenue": 355,
        "Gross Profit": 350,
        "Operating Income": 97,
        "EBIT": 115,
        "Net Income": 87
    },
    "2016-06-30": {
        "Diluted EPS": 0.49,
        "Total Revenue": 344,
        "Gross Profit": 339,
        "Operating Income": 94,
        "EBIT": 111,
        "Net Income": 81
    },
    "2016-03-31": {
        "Diluted EPS": 0.47,
        "Total Revenue": 334,
        "Gross Profit": 327,
        "Operating Income": 87,
        "EBIT": 104,
        "Net Income": 77
    },
    "2015-12-31": {
        "Diluted EPS": 0.48,
        "Total Revenue": 335,
        "Gross Profit": 329,
        "Operating Income": 82,
        "EBIT": 99,
        "Net Income": 81
    },
    "2015-09-30": {
        "Diluted EPS": 0.47,
        "Total Revenue": 336,
        "Gross Profit": 329,
        "Operating Income": 87,
        "EBIT": 104,
        "Net Income": 79
    },
    "2015-06-30": {
        "Diluted EPS": 0.51,
        "Total Revenue": 338,
        "Gross Profit": 332,
        "Operating Income": 96,
        "EBIT": 112,
        "Net Income": 86
    },
    "2015-03-31": {
        "Diluted EPS": 0.5,
        "Total Revenue": 325,
        "Gross Profit": 319,
        "Operating Income": 93,
        "EBIT": 109,
        "Net Income": 85
    },
    "2014-12-31": {
        "Diluted EPS": 0.45,
        "Total Revenue": 323,
        "Gross Profit": 316,
        "Operating Income": 90,
        "EBIT": 106,
        "Net Income": 77
    },
    "2014-09-30": {
        "Diluted EPS": 0.49,
        "Total Revenue": 322,
        "Gross Profit": 317,
        "Operating Income": 90,
        "EBIT": 106,
        "Net Income": 84
    },
    "2014-06-30": {
        "Diluted EPS": 0.48,
        "Total Revenue": 319,
        "Gross Profit": 314,
        "Operating Income": 94,
        "EBIT": 109,
        "Net Income": 83
    },
    "2014-03-31": {
        "Diluted EPS": 0.43,
        "Total Revenue": 302,
        "Gross Profit": 296,
        "Operating Income": 78,
        "EBIT": 93,
        "Net Income": 75
    },
    "2013-12-31": {
        "Diluted EPS": 0.38,
        "Total Revenue": 299,
        "Gross Profit": 293,
        "Operating Income": 68,
        "EBIT": 83,
        "Net Income": 66
    },
    "2013-09-30": {
        "Diluted EPS": 0.38,
        "Total Revenue": 281,
        "Gross Profit": 275,
        "Operating Income": 62,
        "EBIT": 76,
        "Net Income": 67
    },
    "2013-06-30": {
        "Diluted EPS": 0.47,
        "Total Revenue": 275,
        "Gross Profit": 268,
        "Operating Income": 58,
        "EBIT": 72,
        "Net Income": 83
    },
    "2013-03-31": {
        "Diluted EPS": 0.41,
        "Total Revenue": 272,
        "Gross Profit": 265,
        "Operating Income": 60,
        "EBIT": 74,
        "Net Income": 72
    },
    "2012-12-31": {
        "Diluted EPS": 0.33,
        "Total Revenue": 262,
        "Gross Profit": 255,
        "Operating Income": 56,
        "EBIT": 70,
        "Net Income": 57
    },
    "2012-09-30": {
        "Diluted EPS": 0.29,
        "Total Revenue": 252,
        "Gross Profit": 246,
        "Operating Income": 53,
        "EBIT": 70,
        "Net Income": 51
    },
    "2012-06-30": {
        "Diluted EPS": 0.28,
        "Total Revenue": 241,
        "Gross Profit": 236,
        "Operating Income": 54,
        "EBIT": 67,
        "Net Income": 50
    },
    "2012-03-31": {
        "Diluted EPS": 0.28,
        "Total Revenue": 238,
        "Gross Profit": 232,
        "Operating Income": 48,
        "EBIT": 61,
        "Net Income": 50
    },
    "2011-12-31": {
        "Diluted EPS": 0.24,
        "Total Revenue": 226,
        "Gross Profit": 219,
        "Operating Income": 44,
        "EBIT": 57,
        "Net Income": 44
    },
    "2011-09-30": {
        "Diluted EPS": 0.27,
        "Total Revenue": 233,
        "Gross Profit": 226,
        "Operating Income": 51,
        "EBIT": 63,
        "Net Income": 49
    },
    "2011-06-30": {
        "Diluted EPS": 0.29,
        "Total Revenue": 238,
        "Gross Profit": 231,
        "Operating Income": 54,
        "EBIT": 66,
        "Net Income": 54
    },
    "2011-03-31": {
        "Diluted EPS": 0.31,
        "Total Revenue": 232,
        "Gross Profit": 226,
        "Operating Income": 55,
        "EBIT": 66,
        "Net Income": 58
    },
    "2010-12-31": {
        "Diluted EPS": 0.33,
        "Total Revenue": 231,
        "Gross Profit": 225,
        "Operating Income": 52,
        "EBIT": 64,
        "Net Income": 62
    },
    "2010-09-30": {
        "Diluted EPS": 0.3,
        "Total Revenue": 220,
        "Gross Profit": 213,
        "Operating Income": 55,
        "EBIT": 67,
        "Net Income": 56
    },
    "2010-06-30": {
        "Diluted EPS": 0.28,
        "Total Revenue": 228,
        "Gross Profit": 220,
        "Operating Income": 57,
        "EBIT": 69,
        "Net Income": 53
    },
    "2010-03-31": {
        "Diluted EPS": 0.31,
        "Total Revenue": 222,
        "Gross Profit": 214,
        "Operating Income": 53,
        "EBIT": 64,
        "Net Income": 59
    },
    "2009-12-31": {
        "Diluted EPS": 0.24,
        "Total Revenue": 284,
        "Gross Profit": 290,
        "Operating Income": 105,
        "EBIT": 125,
        "Net Income": 46
    },
    "2009-09-30": {
        "Diluted EPS": 0.27,
        "Total Revenue": 276,
        "Gross Profit": 262,
        "Operating Income": 95,
        "EBIT": 116,
        "Net Income": 53
    },
    "2009-06-30": {
        "Diluted EPS": 0.22,
        "Total Revenue": 252,
        "Gross Profit": 237,
        "Operating Income": 90,
        "EBIT": 103,
        "Net Income": 42
    },
    "2009-03-31": {
        "Diluted EPS": 0.18,
        "Total Revenue": 249,
        "Gross Profit": 231,
        "Operating Income": 74,
        "EBIT": 86,
        "Net Income": 34
    },
    "2023-09-30": {
        "Tax Effect Of Unusual Items": NaN,
        "Tax Rate For Calcs": NaN,
        "Normalized EBITDA": NaN,
        "Total Unusual Items": NaN,
        "Total Unusual Items Excluding Goodwill": NaN,
        "Net Income From Continuing Operation Net Minority Interest": NaN,
        "Reconciled Depreciation": NaN,
        "Reconciled Cost Of Revenue": NaN,
        "EBITDA": NaN,
        "EBIT": NaN,
        "Net Interest Income": NaN,
        "Interest Expense": NaN,
        "Interest Income": NaN,
        "Normalized Income": NaN,
        "Net Income From Continuing And Discontinued Operation": NaN,
        "Total Expenses": NaN,
        "Total Operating Income As Reported": NaN,
        "Diluted Average Shares": 133504000.0,
        "Basic Average Shares": 132231000.0,
        "Diluted EPS": 0.87,
        "Basic EPS": 0.87,
        "Diluted NI Availto Com Stockholders": NaN,
        "Net Income Common Stockholders": NaN,
        "Net Income": NaN,
        "Net Income Including Noncontrolling Interests": NaN,
        "Net Income Continuous Operations": NaN,
        "Tax Provision": NaN,
        "Pretax Income": NaN,
        "Other Income Expense": NaN,
        "Other Non Operating Income Expenses": NaN,
        "Earnings From Equity Interest": NaN,
        "Gain On Sale Of Security": NaN,
        "Net Non Operating Interest Income Expense": NaN,
        "Interest Expense Non Operating": NaN,
        "Interest Income Non Operating": NaN,
        "Operating Income": NaN,
        "Operating Expense": NaN,
        "Other Operating Expenses": NaN,
        "Depreciation Amortization Depletion Income Statement": NaN,
        "Depreciation And Amortization In Income Statement": NaN,
        "Amortization": NaN,
        "Amortization Of Intangibles Income Statement": NaN,
        "Depreciation Income Statement": NaN,
        "Selling General And Administration": NaN,
        "General And Administrative Expense": NaN,
        "Other Gand A": NaN,
        "Salaries And Wages": NaN,
        "Gross Profit": NaN,
        "Cost Of Revenue": NaN,
        "Total Revenue": NaN,
        "Operating Revenue": NaN
    },
    "2023-12-31": {
        "Tax Effect Of Unusual Items": 334212.640158,
        "Tax Rate For Calcs": 0.196134,
        "Normalized EBITDA": 167280000.0,
        "Total Unusual Items": 1704000.0,
        "Total Unusual Items Excluding Goodwill": 1704000.0,
        "Net Income From Continuing Operation Net Minority Interest": 120731000.0,
        "Reconciled Depreciation": 18609000.0,
        "Reconciled Cost Of Revenue": 240119000.0,
        "EBITDA": 168984000.0,
        "EBIT": 150375000.0,
        "Net Interest Income": 11387000.0,
        "Interest Expense": 187000.0,
        "Interest Income": 11574000.0,
        "Normalized Income": 119361212.640158,
        "Net Income From Continuing And Discontinued Operation": 120731000.0,
        "Total Expenses": 383174000.0,
        "Total Operating Income As Reported": 101684000.0,
        "Diluted Average Shares": NaN,
        "Basic Average Shares": NaN,
        "Diluted EPS": NaN,
        "Basic EPS": NaN,
        "Diluted NI Availto Com Stockholders": 120731000.0,
        "Net Income Common Stockholders": 120731000.0,
        "Net Income": 120731000.0,
        "Net Income Including Noncontrolling Interests": 120731000.0,
        "Net Income Continuous Operations": 120731000.0,
        "Tax Provision": 29457000.0,
        "Pretax Income": 150188000.0,
        "Other Income Expense": 37117000.0,
        "Other Non Operating Income Expenses": NaN,
        "Earnings From Equity Interest": 35413000.0,
        "Gain On Sale Of Security": 1704000.0,
        "Net Non Operating Interest Income Expense": 11387000.0,
        "Interest Expense Non Operating": 187000.0,
        "Interest Income Non Operating": 11574000.0,
        "Operating Income": 101684000.0,
        "Operating Expense": 143055000.0,
        "Other Operating Expenses": 61746000.0,
        "Depreciation Amortization Depletion Income Statement": 18609000.0,
        "Depreciation And Amortization In Income Statement": 18609000.0,
        "Amortization": 9818000.0,
        "Amortization Of Intangibles Income Statement": 9818000.0,
        "Depreciation Income Statement": 8791000.0,
        "Selling General And Administration": 62700000.0,
        "General And Administrative Expense": 62700000.0,
        "Other Gand A": 54850000.0,
        "Salaries And Wages": 7850000.0,
        "Gross Profit": 244739000.0,
        "Cost Of Revenue": 240119000.0,
        "Total Revenue": 484858000.0,
        "Operating Revenue": 484858000.0
    },
    "2024-03-31": {
        "Tax Effect Of Unusual Items": 516624.0,
        "Tax Rate For Calcs": 0.229,
        "Normalized EBITDA": 187088000.0,
        "Total Unusual Items": 2256000.0,
        "Total Unusual Items Excluding Goodwill": 2256000.0,
        "Net Income From Continuing Operation Net Minority Interest": 131400000.0,
        "Reconciled Depreciation": 18775000.0,
        "Reconciled Cost Of Revenue": 248155000.0,
        "EBITDA": 189344000.0,
        "EBIT": 170569000.0,
        "Net Interest Income": 10680000.0,
        "Interest Expense": 139000.0,
        "Interest Income": 10819000.0,
        "Normalized Income": 129660624.0,
        "Net Income From Continuing And Discontinued Operation": 131400000.0,
        "Total Expenses": 385728000.0,
        "Total Operating Income As Reported": 125851000.0,
        "Diluted Average Shares": 132745000.0,
        "Basic Average Shares": 131417000.0,
        "Diluted EPS": 0.99,
        "Basic EPS": 1.0,
        "Diluted NI Availto Com Stockholders": 131400000.0,
        "Net Income Common Stockholders": 131400000.0,
        "Net Income": 131400000.0,
        "Net Income Including Noncontrolling Interests": 131400000.0,
        "Net Income Continuous Operations": 131400000.0,
        "Tax Provision": 39030000.0,
        "Pretax Income": 170430000.0,
        "Other Income Expense": 33899000.0,
        "Other Non Operating Income Expenses": NaN,
        "Earnings From Equity Interest": 31643000.0,
        "Gain On Sale Of Security": 2256000.0,
        "Net Non Operating Interest Income Expense": 10680000.0,
        "Interest Expense Non Operating": 139000.0,
        "Interest Income Non Operating": 10819000.0,
        "Operating Income": 125851000.0,
        "Operating Expense": 137573000.0,
        "Other Operating Expenses": 55763000.0,
        "Depreciation Amortization Depletion Income Statement": 18775000.0,
        "Depreciation And Amortization In Income Statement": 18775000.0,
        "Amortization": 10386000.0,
        "Amortization Of Intangibles Income Statement": 10386000.0,
        "Depreciation Income Statement": 8389000.0,
        "Selling General And Administration": 63035000.0,
        "General And Administrative Expense": 63035000.0,
        "Other Gand A": 51976000.0,
        "Salaries And Wages": 11059000.0,
        "Gross Profit": 263424000.0,
        "Cost Of Revenue": 248155000.0,
        "Total Revenue": 511579000.0,
        "Operating Revenue": 511579000.0
    },
    "2024-06-30": {
        "Tax Effect Of Unusual Items": 159174.0,
        "Tax Rate For Calcs": 0.239,
        "Normalized EBITDA": 201137000.0,
        "Total Unusual Items": 666000.0,
        "Total Unusual Items Excluding Goodwill": 666000.0,
        "Net Income From Continuing Operation Net Minority Interest": 139120000.0,
        "Reconciled Depreciation": 18852000.0,
        "Reconciled Cost Of Revenue": 240516000.0,
        "EBITDA": 201803000.0,
        "EBIT": 182951000.0,
        "Net Interest Income": 11413000.0,
        "Interest Expense": 139000.0,
        "Interest Income": 11552000.0,
        "Normalized Income": 138613174.0,
        "Net Income From Continuing And Discontinued Operation": 139120000.0,
        "Total Expenses": 382472000.0,
        "Total Operating Income As Reported": 136514000.0,
        "Diluted Average Shares": 132073000.0,
        "Basic Average Shares": 130815000.0,
        "Diluted EPS": 1.05,
        "Basic EPS": 1.06,
        "Diluted NI Availto Com Stockholders": 139120000.0,
        "Net Income Common Stockholders": 139120000.0,
        "Net Income": 139120000.0,
        "Net Income Including Noncontrolling Interests": 139120000.0,
        "Net Income Continuous Operations": 139120000.0,
        "Tax Provision": 43692000.0,
        "Pretax Income": 182812000.0,
        "Other Income Expense": 34885000.0,
        "Other Non Operating Income Expenses": NaN,
        "Earnings From Equity Interest": 34219000.0,
        "Gain On Sale Of Security": 666000.0,
        "Net Non Operating Interest Income Expense": 11413000.0,
        "Interest Expense Non Operating": 139000.0,
        "Interest Income Non Operating": 11552000.0,
        "Operating Income": 136514000.0,
        "Operating Expense": 141956000.0,
        "Other Operating Expenses": 56644000.0,
        "Depreciation Amortization Depletion Income Statement": 18852000.0,
        "Depreciation And Amortization In Income Statement": 18852000.0,
        "Amortization": 10485000.0,
        "Amortization Of Intangibles Income Statement": 10485000.0,
        "Depreciation Income Statement": 8367000.0,
        "Selling General And Administration": 66460000.0,
        "General And Administrative Expense": 66460000.0,
        "Other Gand A": 53991000.0,
        "Salaries And Wages": 12469000.0,
        "Gross Profit": 278470000.0,
        "Cost Of Revenue": 240516000.0,
        "Total Revenue": 518986000.0,
        "Operating Revenue": 518986000.0
    },
    "2024-09-30": {
        "Tax Effect Of Unusual Items": 100345.0,
        "Tax Rate For Calcs": 0.235,
        "Normalized EBITDA": 220829000.0,
        "Total Unusual Items": 427000.0,
        "Total Unusual Items Excluding Goodwill": 427000.0,
        "Net Income From Continuing Operation Net Minority Interest": 154900000.0,
        "Reconciled Depreciation": 18754000.0,
        "Reconciled Cost Of Revenue": 248645000.0,
        "EBITDA": 221256000.0,
        "EBIT": 202502000.0,
        "Net Interest Income": 13438000.0,
        "Interest Expense": 141000.0,
        "Interest Income": 13579000.0,
        "Normalized Income": 154573345.0,
        "Net Income From Continuing And Discontinued Operation": 154900000.0,
        "Total Expenses": 393564000.0,
        "Total Operating Income As Reported": 143832000.0,
        "Diluted Average Shares": 130671000.0,
        "Basic Average Shares": 129418000.0,
        "Diluted EPS": 1.19,
        "Basic EPS": 1.2,
        "Diluted NI Availto Com Stockholders": 154900000.0,
        "Net Income Common Stockholders": 154900000.0,
        "Net Income": 154900000.0,
        "Net Income Including Noncontrolling Interests": 154900000.0,
        "Net Income Continuous Operations": 154900000.0,
        "Tax Provision": 47461000.0,
        "Pretax Income": 202361000.0,
        "Other Income Expense": 45091000.0,
        "Other Non Operating Income Expenses": 8151000.0,
        "Earnings From Equity Interest": 36513000.0,
        "Gain On Sale Of Security": 427000.0,
        "Net Non Operating Interest Income Expense": 13438000.0,
        "Interest Expense Non Operating": 141000.0,
        "Interest Income Non Operating": 13579000.0,
        "Operating Income": 143832000.0,
        "Operating Expense": 144919000.0,
        "Other Operating Expenses": 59178000.0,
        "Depreciation Amortization Depletion Income Statement": 18754000.0,
        "Depreciation And Amortization In Income Statement": 18754000.0,
        "Amortization": 10413000.0,
        "Amortization Of Intangibles Income Statement": 10413000.0,
        "Depreciation Income Statement": 8341000.0,
        "Selling General And Administration": 66987000.0,
        "General And Administrative Expense": 66987000.0,
        "Other Gand A": 53291000.0,
        "Salaries And Wages": 13696000.0,
        "Gross Profit": 288751000.0,
        "Cost Of Revenue": 248645000.0,
        "Total Revenue": 537396000.0,
        "Operating Revenue": 537396000.0
    },
    "2024-12-31": {
        "Tax Effect Of Unusual Items": -103472.053946,
        "Tax Rate For Calcs": 0.185102,
        "Normalized EBITDA": 210703000.0,
        "Total Unusual Items": -559000.0,
        "Total Unusual Items Excluding Goodwill": -559000.0,
        "Net Income From Continuing Operation Net Minority Interest": 155771000.0,
        "Reconciled Depreciation": 18846000.0,
        "Reconciled Cost Of Revenue": 259500000.0,
        "EBITDA": 210144000.0,
        "EBIT": 191298000.0,
        "Net Interest Income": 12803000.0,
        "Interest Expense": 144000.0,
        "Interest Income": 12947000.0,
        "Normalized Income": 156226527.946054,
        "Net Income From Continuing And Discontinued Operation": 155771000.0,
        "Total Expenses": 411646000.0,
        "Total Operating Income As Reported": 145544000.0,
        "Diluted Average Shares": 131421000.0,
        "Basic Average Shares": 128642000.0,
        "Diluted EPS": 1.19,
        "Basic EPS": 1.21,
        "Diluted NI Availto Com Stockholders": 155771000.0,
        "Net Income Common Stockholders": 155771000.0,
        "Net Income": 155771000.0,
        "Net Income Including Noncontrolling Interests": 155771000.0,
        "Net Income Continuous Operations": 155771000.0,
        "Tax Provision": 35383000.0,
        "Pretax Income": 191154000.0,
        "Other Income Expense": 32807000.0,
        "Other Non Operating Income Expenses": 0.0,
        "Earnings From Equity Interest": 33366000.0,
        "Gain On Sale Of Security": -559000.0,
        "Net Non Operating Interest Income Expense": 12803000.0,
        "Interest Expense Non Operating": 144000.0,
        "Interest Income Non Operating": 12947000.0,
        "Operating Income": 145544000.0,
        "Operating Expense": 152146000.0,
        "Other Operating Expenses": 59350000.0,
        "Depreciation Amortization Depletion Income Statement": 18846000.0,
        "Depreciation And Amortization In Income Statement": 18846000.0,
        "Amortization": 10585000.0,
        "Amortization Of Intangibles Income Statement": 10585000.0,
        "Depreciation Income Statement": 8261000.0,
        "Selling General And Administration": 73950000.0,
        "General And Administrative Expense": 73950000.0,
        "Other Gand A": 52548000.0,
        "Salaries And Wages": 21402000.0,
        "Gross Profit": 297690000.0,
        "Cost Of Revenue": 259500000.0,
        "Total Revenue": 557190000.0,
        "Operating Revenue": 557190000.0
    },
    "2025-03-31": {
        "Tax Effect Of Unusual Items": 112404.0,
        "Tax Rate For Calcs": 0.228,
        "Normalized EBITDA": 214702000.0,
        "Total Unusual Items": 493000.0,
        "Total Unusual Items Excluding Goodwill": 493000.0,
        "Net Income From Continuing Operation Net Minority Interest": 151517000.0,
        "Reconciled Depreciation": 18637000.0,
        "Reconciled Cost Of Revenue": 247397000.0,
        "EBITDA": 215195000.0,
        "EBIT": 196558000.0,
        "Net Interest Income": 10036000.0,
        "Interest Expense": 185000.0,
        "Interest Income": 10221000.0,
        "Normalized Income": 151136404.0,
        "Net Income From Continuing And Discontinued Operation": 151517000.0,
        "Total Expenses": 394247000.0,
        "Total Operating Income As Reported": 157097000.0,
        "Diluted Average Shares": 129450000.0,
        "Basic Average Shares": 126561000.0,
        "Diluted EPS": 1.17,
        "Basic EPS": 1.2,
        "Diluted NI Availto Com Stockholders": 151517000.0,
        "Net Income Common Stockholders": 151517000.0,
        "Net Income": 151517000.0,
        "Net Income Including Noncontrolling Interests": 151517000.0,
        "Net Income Continuous Operations": 151517000.0,
        "Tax Provision": 44856000.0,
        "Pretax Income": 196373000.0,
        "Other Income Expense": 29240000.0,
        "Other Non Operating Income Expenses": NaN,
        "Earnings From Equity Interest": 28747000.0,
        "Gain On Sale Of Security": 493000.0,
        "Net Non Operating Interest Income Expense": 10036000.0,
        "Interest Expense Non Operating": 185000.0,
        "Interest Income Non Operating": 10221000.0,
        "Operating Income": 157097000.0,
        "Operating Expense": 146850000.0,
        "Other Operating Expenses": 58074000.0,
        "Depreciation Amortization Depletion Income Statement": 18637000.0,
        "Depreciation And Amortization In Income Statement": 18637000.0,
        "Amortization": 10710000.0,
        "Amortization Of Intangibles Income Statement": 10710000.0,
        "Depreciation Income Statement": 7927000.0,
        "Selling General And Administration": 70139000.0,
        "General And Administrative Expense": 70139000.0,
        "Other Gand A": 56001000.0,
        "Salaries And Wages": 14138000.0,
        "Gross Profit": 303947000.0,
        "Cost Of Revenue": 247397000.0,
        "Total Revenue": 551344000.0,
        "Operating Revenue": 551344000.0
    }
}