{
    "2023-03-31": {
        "Tax Effect Of Unusual Items": NaN,
        "Tax Rate For Calcs": NaN,
        "Normalized EBITDA": NaN,
        "Total Unusual Items": NaN,
        "Total Unusual Items Excluding Goodwill": NaN,
        "Net Income From Continuing Operation Net Minority Interest": NaN,
        "Reconciled Depreciation": NaN,
        "Reconciled Cost Of Revenue": NaN,
        "EBITDA": NaN,
        "EBIT": NaN,
        "Net Interest Income": NaN,
        "Interest Expense": NaN,
        "Normalized Income": NaN,
        "Net Income From Continuing And Discontinued Operation": NaN,
        "Total Expenses": NaN,
        "Total Operating Income As Reported": NaN,
        "Diluted Average Shares": 122553000.0,
        "Basic Average Shares": 122553000.0,
        "Diluted EPS": 0.56,
        "Basic EPS": 0.56,
        "Diluted NI Availto Com Stockholders": NaN,
        "Net Income Common Stockholders": NaN,
        "Otherunder Preferred Stock Dividend": NaN,
        "Net Income": NaN,
        "Minority Interests": NaN,
        "Net Income Including Noncontrolling Interests": NaN,
        "Net Income Continuous Operations": NaN,
        "Tax Provision": NaN,
        "Pretax Income": NaN,
        "Other Income Expense": NaN,
        "Special Income Charges": NaN,
        "Other Special Charges": NaN,
        "Earnings From Equity Interest": NaN,
        "Net Non Operating Interest Income Expense": NaN,
        "Interest Expense Non Operating": NaN,
        "Operating Income": NaN,
        "Operating Expense": NaN,
        "Other Operating Expenses": NaN,
        "Depreciation Amortization Depletion Income Statement": NaN,
        "Depreciation And Amortization In Income Statement": NaN,
        "Selling General And Administration": NaN,
        "General And Administrative Expense": NaN,
        "Other Gand A": NaN,
        "Gross Profit": NaN,
        "Cost Of Revenue": NaN,
        "Total Revenue": NaN,
        "Operating Revenue": NaN
    },
    "2022-12-31": {
        "Tax Effect Of Unusual Items": NaN,
        "Tax Rate For Calcs": NaN,
        "Normalized EBITDA": NaN,
        "Total Unusual Items": NaN,
        "Total Unusual Items Excluding Goodwill": NaN,
        "Net Income From Continuing Operation Net Minority Interest": NaN,
        "Reconciled Depreciation": NaN,
        "Reconciled Cost Of Revenue": NaN,
        "EBITDA": NaN,
        "EBIT": NaN,
        "Net Interest Income": NaN,
        "Interest Expense": NaN,
        "Interest Income": 0.0,
        "Normalized Income": NaN,
        "Net Income From Continuing And Discontinued Operation": NaN,
        "Total Expenses": NaN,
        "Total Operating Income As Reported": NaN,
        "Diluted Average Shares": NaN,
        "Basic Average Shares": NaN,
        "Diluted EPS": NaN,
        "Basic EPS": NaN,
        "Diluted NI Availto Com Stockholders": NaN,
        "Net Income Common Stockholders": NaN,
        "Otherunder Preferred Stock Dividend": NaN,
        "Net Income": NaN,
        "Minority Interests": NaN,
        "Net Income Including Noncontrolling Interests": NaN,
        "Net Income Continuous Operations": NaN,
        "Tax Provision": NaN,
        "Pretax Income": NaN,
        "Other Income Expense": NaN,
        "Special Income Charges": NaN,
        "Other Special Charges": NaN,
        "Earnings From Equity Interest": NaN,
        "Net Non Operating Interest Income Expense": NaN,
        "Interest Expense Non Operating": NaN,
        "Interest Income Non Operating": 0.0,
        "Operating Income": NaN,
        "Operating Expense": NaN,
        "Other Operating Expenses": NaN,
        "Depreciation Amortization Depletion Income Statement": NaN,
        "Depreciation And Amortization In Income Statement": NaN,
        "Selling General And Administration": NaN,
        "General And Administrative Expense": NaN,
        "Other Gand A": NaN,
        "Gross Profit": NaN,
        "Cost Of Revenue": NaN,
        "Total Revenue": NaN,
        "Operating Revenue": NaN
    },
    "2022-09-30": {
        "Tax Effect Of Unusual Items": NaN,
        "Tax Rate For Calcs": NaN,
        "Normalized EBITDA": NaN,
        "Total Unusual Items": 0.0,
        "Total Unusual Items Excluding Goodwill": 0.0,
        "Net Income From Continuing Operation Net Minority Interest": NaN,
        "Reconciled Depreciation": NaN,
        "Reconciled Cost Of Revenue": NaN,
        "EBITDA": NaN,
        "EBIT": NaN,
        "Net Interest Income": NaN,
        "Interest Expense": NaN,
        "Interest Income": 0.0,
        "Normalized Income": NaN,
        "Net Income From Continuing And Discontinued Operation": NaN,
        "Total Expenses": NaN,
        "Total Operating Income As Reported": NaN,
        "Diluted Average Shares": NaN,
        "Basic Average Shares": NaN,
        "Diluted EPS": NaN,
        "Basic EPS": NaN,
        "Diluted NI Availto Com Stockholders": NaN,
        "Net Income Common Stockholders": NaN,
        "Otherunder Preferred Stock Dividend": NaN,
        "Net Income": NaN,
        "Minority Interests": NaN,
        "Net Income Including Noncontrolling Interests": NaN,
        "Net Income Continuous Operations": NaN,
        "Tax Provision": NaN,
        "Pretax Income": NaN,
        "Other Income Expense": NaN,
        "Special Income Charges": 0.0,
        "Other Special Charges": NaN,
        "Earnings From Equity Interest": NaN,
        "Net Non Operating Interest Income Expense": NaN,
        "Interest Expense Non Operating": NaN,
        "Interest Income Non Operating": 0.0,
        "Operating Income": NaN,
        "Operating Expense": NaN,
        "Other Operating Expenses": NaN,
        "Depreciation Amortization Depletion Income Statement": NaN,
        "Depreciation And Amortization In Income Statement": NaN,
        "Selling General And Administration": NaN,
        "General And Administrative Expense": NaN,
        "Other Gand A": NaN,
        "Gross Profit": NaN,
        "Cost Of Revenue": NaN,
        "Total Revenue": NaN,
        "Operating Revenue": NaN
    },
    "2022-06-30": {
        "Tax Effect Of Unusual Items": 0.0,
        "Tax Rate For Calcs": 0.251,
        "Normalized EBITDA": 178215000.0,
        "Total Unusual Items": NaN,
        "Total Unusual Items Excluding Goodwill": NaN,
        "Net Income From Continuing Operation Net Minority Interest": 55207000.0,
        "Reconciled Depreciation": 51081000.0,
        "Reconciled Cost Of Revenue": 1390550000.0,
        "EBITDA": 178215000.0,
        "EBIT": 127134000.0,
        "Net Interest Income": -41052000.0,
        "Interest Expense": 41052000.0,
        "Interest Income": 0.0,
        "Normalized Income": 55207000.0,
        "Net Income From Continuing And Discontinued Operation": 55207000.0,
        "Total Expenses": 1463774000.0,
        "Total Operating Income As Reported": 120967000.0,
        "Diluted Average Shares": 124897000.0,
        "Basic Average Shares": 124897000.0,
        "Diluted EPS": 0.43,
        "Basic EPS": 0.43,
        "Diluted NI Availto Com Stockholders": 53287000.0,
        "Net Income Common Stockholders": 53287000.0,
        "Otherunder Preferred Stock Dividend": 1920000.0,
        "Net Income": 55207000.0,
        "Minority Interests": -11055000.0,
        "Net Income Including Noncontrolling Interests": 66262000.0,
        "Net Income Continuous Operations": 66262000.0,
        "Tax Provision": 19820000.0,
        "Pretax Income": 86082000.0,
        "Other Income Expense": 6167000.0,
        "Special Income Charges": NaN,
        "Gain On Sale Of Business": NaN,
        "Earnings From Equity Interest": 6167000.0,
        "Net Non Operating Interest Income Expense": -41052000.0,
        "Interest Expense Non Operating": 41052000.0,
        "Interest Income Non Operating": 0.0,
        "Operating Income": 120967000.0,
        "Operating Expense": 73224000.0,
        "Other Operating Expenses": -15125000.0,
        "Depreciation Amortization Depletion Income Statement": 51081000.0,
        "Depreciation And Amortization In Income Statement": 51081000.0,
        "Selling General And Administration": 37268000.0,
        "General And Administrative Expense": 37268000.0,
        "Other Gand A": 37268000.0,
        "Gross Profit": 194191000.0,
        "Cost Of Revenue": 1390550000.0,
        "Total Revenue": 1584741000.0,
        "Operating Revenue": 1470193000.0
    },
    "2023-06-30": {
        "Tax Effect Of Unusual Items": NaN,
        "Tax Rate For Calcs": NaN,
        "Normalized EBITDA": NaN,
        "Total Unusual Items": NaN,
        "Total Unusual Items Excluding Goodwill": NaN,
        "Net Income From Continuing Operation Net Minority Interest": NaN,
        "Reconciled Depreciation": NaN,
        "Reconciled Cost Of Revenue": NaN,
        "EBITDA": NaN,
        "EBIT": NaN,
        "Net Interest Income": NaN,
        "Interest Expense": NaN,
        "Normalized Income": NaN,
        "Net Income From Continuing And Discontinued Operation": NaN,
        "Total Expenses": NaN,
        "Total Operating Income As Reported": NaN,
        "Diluted Average Shares": 122634000.0,
        "Basic Average Shares": 122634000.0,
        "Diluted EPS": 0.61,
        "Basic EPS": 0.61,
        "Diluted NI Availto Com Stockholders": NaN,
        "Net Income Common Stockholders": NaN,
        "Otherunder Preferred Stock Dividend": NaN,
        "Net Income": NaN,
        "Minority Interests": NaN,
        "Net Income Including Noncontrolling Interests": NaN,
        "Net Income Continuous Operations": NaN,
        "Tax Provision": NaN,
        "Pretax Income": NaN,
        "Other Income Expense": NaN,
        "Special Income Charges": NaN,
        "Other Special Charges": NaN,
        "Earnings From Equity Interest": NaN,
        "Net Non Operating Interest Income Expense": NaN,
        "Interest Expense Non Operating": NaN,
        "Operating Income": NaN,
        "Operating Expense": NaN,
        "Other Operating Expenses": NaN,
        "Depreciation Amortization Depletion Income Statement": NaN,
        "Depreciation And Amortization In Income Statement": NaN,
        "Selling General And Administration": NaN,
        "General And Administrative Expense": NaN,
        "Other Gand A": NaN,
        "Gross Profit": NaN,
        "Cost Of Revenue": NaN,
        "Total Revenue": NaN,
        "Operating Revenue": NaN
    },
    "2022-03-31": {
        "Diluted EPS": 0.37,
        "Total Revenue": NaN,
        "Gross Profit": 193,
        "Operating Income": 104,
        "EBIT": 156,
        "Net Income": 49
    },
    "2021-12-31": {
        "Diluted EPS": 0.37,
        "Total Revenue": NaN,
        "Gross Profit": 157,
        "Operating Income": 78,
        "EBIT": 130,
        "Net Income": 50
    },
    "2021-09-30": {
        "Diluted EPS": 0.57,
        "Total Revenue": NaN,
        "Gross Profit": 237,
        "Operating Income": 150,
        "EBIT": 201,
        "Net Income": 77
    },
    "2021-06-30": {
        "Diluted EPS": 1.22,
        "Total Revenue": NaN,
        "Gross Profit": 273,
        "Operating Income": 284,
        "EBIT": 335,
        "Net Income": 165
    },
    "2021-03-31": {
        "Diluted EPS": 0.82,
        "Total Revenue": NaN,
        "Gross Profit": 253,
        "Operating Income": 202,
        "EBIT": 252,
        "Net Income": 111
    },
    "2020-12-31": {
        "Diluted EPS": 0.57,
        "Total Revenue": NaN,
        "Gross Profit": 214,
        "Operating Income": 163,
        "EBIT": 215,
        "Net Income": 79
    },
    "2020-09-30": {
        "Diluted EPS": 0.57,
        "Total Revenue": NaN,
        "Gross Profit": 243,
        "Operating Income": 156,
        "EBIT": 207,
        "Net Income": 77
    },
    "2020-06-30": {
        "Diluted EPS": 0.39,
        "Total Revenue": NaN,
        "Gross Profit": 150,
        "Operating Income": 120,
        "EBIT": 172,
        "Net Income": 50
    },
    "2020-03-31": {
        "Diluted EPS": 0.4,
        "Total Revenue": NaN,
        "Gross Profit": 214,
        "Operating Income": 129,
        "EBIT": 181,
        "Net Income": 53
    },
    "2019-12-31": {
        "Diluted EPS": 0.24,
        "Total Revenue": NaN,
        "Gross Profit": 199,
        "Operating Income": 112,
        "EBIT": 167,
        "Net Income": 33
    },
    "2019-09-30": {
        "Diluted EPS": 0.23,
        "Total Revenue": NaN,
        "Gross Profit": 210,
        "Operating Income": 123,
        "EBIT": 179,
        "Net Income": 30
    },
    "2019-06-30": {
        "Diluted EPS": 0.33,
        "Total Revenue": NaN,
        "Gross Profit": 211,
        "Operating Income": 125,
        "EBIT": 183,
        "Net Income": 45
    },
    "2019-03-31": {
        "Diluted EPS": 0.3,
        "Total Revenue": NaN,
        "Gross Profit": 193,
        "Operating Income": 112,
        "EBIT": 167,
        "Net Income": 41
    },
    "2018-12-31": {
        "Diluted EPS": 0.18,
        "Total Revenue": NaN,
        "Gross Profit": 171,
        "Operating Income": 88,
        "EBIT": 144,
        "Net Income": 25
    },
    "2018-09-30": {
        "Diluted EPS": 0.24,
        "Total Revenue": NaN,
        "Gross Profit": 180,
        "Operating Income": 100,
        "EBIT": 154,
        "Net Income": 33
    },
    "2018-06-30": {
        "Diluted EPS": 0.35,
        "Total Revenue": NaN,
        "Gross Profit": 201,
        "Operating Income": 121,
        "EBIT": 176,
        "Net Income": 47
    },
    "2018-03-31": {
        "Diluted EPS": 0.25,
        "Total Revenue": NaN,
        "Gross Profit": 187,
        "Operating Income": 109,
        "EBIT": 159,
        "Net Income": 34
    },
    "2017-12-31": {
        "Diluted EPS": 0.75,
        "Total Revenue": NaN,
        "Gross Profit": 147,
        "Operating Income": 76,
        "EBIT": 119,
        "Net Income": 101
    },
    "2017-09-30": {
        "Diluted EPS": 0.14,
        "Total Revenue": NaN,
        "Gross Profit": 138,
        "Operating Income": 72,
        "EBIT": 113,
        "Net Income": 18
    },
    "2017-06-30": {
        "Diluted EPS": 0.32,
        "Total Revenue": NaN,
        "Gross Profit": 182,
        "Operating Income": 116,
        "EBIT": 157,
        "Net Income": 42
    },
    "2017-03-31": {
        "Diluted EPS": 0.12,
        "Total Revenue": NaN,
        "Gross Profit": 162,
        "Operating Income": 92,
        "EBIT": 138,
        "Net Income": 16
    },
    "2016-12-31": {
        "Diluted EPS": 0.14,
        "Total Revenue": 978,
        "Gross Profit": 67,
        "Operating Income": 56,
        "EBIT": 97,
        "Net Income": 20
    },
    "2016-09-30": {
        "Diluted EPS": 0.05,
        "Total Revenue": NaN,
        "Gross Profit": 138,
        "Operating Income": 56,
        "EBIT": 98,
        "Net Income": 6
    },
    "2016-06-30": {
        "Diluted EPS": 0.26,
        "Total Revenue": NaN,
        "Gross Profit": 181,
        "Operating Income": 101,
        "EBIT": 141,
        "Net Income": 34
    },
    "2016-03-31": {
        "Diluted EPS": 0.42,
        "Total Revenue": NaN,
        "Gross Profit": 166,
        "Operating Income": 87,
        "EBIT": 125,
        "Net Income": 55
    },
    "2015-12-31": {
        "Diluted EPS": 0.22,
        "Total Revenue": NaN,
        "Gross Profit": 137,
        "Operating Income": 62,
        "EBIT": 99,
        "Net Income": 30
    },
    "2015-09-30": {
        "Diluted EPS": 0.22,
        "Total Revenue": NaN,
        "Gross Profit": 120,
        "Operating Income": 48,
        "EBIT": 82,
        "Net Income": 29
    },
    "2015-06-30": {
        "Diluted EPS": 0.28,
        "Total Revenue": 887,
        "Gross Profit": 143,
        "Operating Income": 85,
        "EBIT": 109,
        "Net Income": 37
    },
    "2015-03-31": {
        "Diluted EPS": 0.27,
        "Total Revenue": 795,
        "Gross Profit": 131,
        "Operating Income": 79,
        "EBIT": 99,
        "Net Income": 34
    },
    "2014-12-31": {
        "Diluted EPS": 0.2,
        "Total Revenue": 772,
        "Gross Profit": 115,
        "Operating Income": 58,
        "EBIT": 77,
        "Net Income": 27
    },
    "2014-09-30": {
        "Diluted EPS": 0.2,
        "Total Revenue": 758,
        "Gross Profit": 114,
        "Operating Income": 66,
        "EBIT": 85,
        "Net Income": 27
    },
    "2014-06-30": {
        "Diluted EPS": 0.27,
        "Total Revenue": 773,
        "Gross Profit": 130,
        "Operating Income": 82,
        "EBIT": 101,
        "Net Income": 34
    },
    "2014-03-31": {
        "Diluted EPS": 0.24,
        "Total Revenue": 763,
        "Gross Profit": 124,
        "Operating Income": 78,
        "EBIT": 97,
        "Net Income": 32
    },
    "2013-12-31": {
        "Diluted EPS": 0.21,
        "Total Revenue": 746,
        "Gross Profit": 119,
        "Operating Income": 68,
        "EBIT": 87,
        "Net Income": 28
    },
    "2013-09-30": {
        "Diluted EPS": 0.17,
        "Total Revenue": 723,
        "Gross Profit": 106,
        "Operating Income": 62,
        "EBIT": 80,
        "Net Income": 23
    },
    "2013-06-30": {
        "Diluted EPS": 0.2,
        "Total Revenue": 757,
        "Gross Profit": 131,
        "Operating Income": 88,
        "EBIT": 106,
        "Net Income": 27
    },
    "2013-03-31": {
        "Diluted EPS": 0.24,
        "Total Revenue": 750,
        "Gross Profit": 125,
        "Operating Income": 83,
        "EBIT": 101,
        "Net Income": 34
    },
    "2012-12-31": {
        "Diluted EPS": 0.28,
        "Total Revenue": 741,
        "Gross Profit": 121,
        "Operating Income": 81,
        "EBIT": 99,
        "Net Income": 39
    },
    "2012-09-30": {
        "Diluted EPS": 0.17,
        "Total Revenue": 714,
        "Gross Profit": 115,
        "Operating Income": 71,
        "EBIT": 88,
        "Net Income": 24
    },
    "2012-06-30": {
        "Diluted EPS": 0.31,
        "Total Revenue": 750,
        "Gross Profit": 138,
        "Operating Income": 94,
        "EBIT": 111,
        "Net Income": 42
    },
    "2012-03-31": {
        "Diluted EPS": 0.29,
        "Total Revenue": 744,
        "Gross Profit": 132,
        "Operating Income": 92,
        "EBIT": 110,
        "Net Income": 41
    },
    "2011-12-31": {
        "Diluted EPS": 0.24,
        "Total Revenue": 718,
        "Gross Profit": 119,
        "Operating Income": 74,
        "EBIT": 99,
        "Net Income": 36
    },
    "2011-09-30": {
        "Diluted EPS": 0.17,
        "Total Revenue": 694,
        "Gross Profit": 112,
        "Operating Income": 68,
        "EBIT": 86,
        "Net Income": 25
    },
    "2011-06-30": {
        "Diluted EPS": 0.08,
        "Total Revenue": 699,
        "Gross Profit": 129,
        "Operating Income": 81,
        "EBIT": 99,
        "Net Income": 12
    },
    "2011-03-31": {
        "Diluted EPS": 0.22,
        "Total Revenue": 693,
        "Gross Profit": 136,
        "Operating Income": 88,
        "EBIT": 105,
        "Net Income": 33
    },
    "2010-12-31": {
        "Diluted EPS": 0.13,
        "Total Revenue": 637,
        "Gross Profit": 96,
        "Operating Income": 49,
        "EBIT": 74,
        "Net Income": 21
    },
    "2010-09-30": {
        "Diluted EPS": 0.05,
        "Total Revenue": 588,
        "Gross Profit": 90,
        "Operating Income": 42,
        "EBIT": 59,
        "Net Income": 8
    },
    "2010-06-30": {
        "Diluted EPS": 0.15,
        "Total Revenue": 580,
        "Gross Profit": 110,
        "Operating Income": 73,
        "EBIT": 90,
        "Net Income": 24
    },
    "2010-03-31": {
        "Diluted EPS": 0.15,
        "Total Revenue": 585,
        "Gross Profit": 112,
        "Operating Income": 73,
        "EBIT": 91,
        "Net Income": 24
    },
    "2009-12-31": {
        "Diluted EPS": 0.24,
        "Total Revenue": 574,
        "Gross Profit": 107,
        "Operating Income": 70,
        "EBIT": 88,
        "Net Income": 29
    },
    "2009-09-30": {
        "Diluted EPS": -0.09,
        "Total Revenue": 546,
        "Gross Profit": 97,
        "Operating Income": 33,
        "EBIT": 51,
        "Net Income": -6
    },
    "2009-06-30": {
        "Diluted EPS": 0.19,
        "Total Revenue": 560,
        "Gross Profit": 107,
        "Operating Income": 65,
        "EBIT": 84,
        "Net Income": 13
    },
    "2009-03-31": {
        "Diluted EPS": 0.27,
        "Total Revenue": 561,
        "Gross Profit": 110,
        "Operating Income": 68,
        "EBIT": 86,
        "Net Income": 17
    },
    "2023-09-30": {
        "Tax Effect Of Unusual Items": NaN,
        "Tax Rate For Calcs": NaN,
        "Normalized EBITDA": NaN,
        "Total Unusual Items": -14692000.0,
        "Total Unusual Items Excluding Goodwill": -14692000.0,
        "Net Income From Continuing Operation Net Minority Interest": NaN,
        "Reconciled Depreciation": NaN,
        "Reconciled Cost Of Revenue": NaN,
        "EBITDA": NaN,
        "EBIT": NaN,
        "Net Interest Income": NaN,
        "Interest Expense": NaN,
        "Normalized Income": NaN,
        "Net Income From Continuing And Discontinued Operation": NaN,
        "Total Expenses": NaN,
        "Total Operating Income As Reported": NaN,
        "Diluted Average Shares": NaN,
        "Basic Average Shares": NaN,
        "Diluted EPS": NaN,
        "Basic EPS": NaN,
        "Diluted NI Availto Com Stockholders": NaN,
        "Net Income Common Stockholders": NaN,
        "Otherunder Preferred Stock Dividend": NaN,
        "Net Income": NaN,
        "Minority Interests": NaN,
        "Net Income Including Noncontrolling Interests": NaN,
        "Net Income Discontinuous Operations": NaN,
        "Net Income Continuous Operations": NaN,
        "Tax Provision": NaN,
        "Pretax Income": NaN,
        "Other Income Expense": NaN,
        "Special Income Charges": -14692000.0,
        "Other Special Charges": 14692000.0,
        "Earnings From Equity Interest": NaN,
        "Net Non Operating Interest Income Expense": NaN,
        "Interest Expense Non Operating": NaN,
        "Operating Income": NaN,
        "Operating Expense": NaN,
        "Other Operating Expenses": NaN,
        "Depreciation Amortization Depletion Income Statement": NaN,
        "Depreciation And Amortization In Income Statement": NaN,
        "Selling General And Administration": NaN,
        "General And Administrative Expense": NaN,
        "Other Gand A": NaN,
        "Gross Profit": NaN,
        "Cost Of Revenue": NaN,
        "Total Revenue": NaN,
        "Operating Revenue": NaN
    },
    "2023-12-31": {
        "Tax Effect Of Unusual Items": NaN,
        "Tax Rate For Calcs": NaN,
        "Normalized EBITDA": NaN,
        "Total Unusual Items": 0.0,
        "Total Unusual Items Excluding Goodwill": 0.0,
        "Net Income From Continuing Operation Net Minority Interest": NaN,
        "Reconciled Depreciation": NaN,
        "Reconciled Cost Of Revenue": NaN,
        "EBITDA": NaN,
        "EBIT": NaN,
        "Net Interest Income": NaN,
        "Interest Expense": NaN,
        "Normalized Income": NaN,
        "Net Income From Continuing And Discontinued Operation": NaN,
        "Total Expenses": NaN,
        "Total Operating Income As Reported": NaN,
        "Diluted Average Shares": NaN,
        "Basic Average Shares": NaN,
        "Diluted EPS": NaN,
        "Basic EPS": NaN,
        "Diluted NI Availto Com Stockholders": NaN,
        "Net Income Common Stockholders": NaN,
        "Otherunder Preferred Stock Dividend": NaN,
        "Net Income": NaN,
        "Minority Interests": NaN,
        "Net Income Including Noncontrolling Interests": NaN,
        "Net Income Discontinuous Operations": NaN,
        "Net Income Continuous Operations": NaN,
        "Tax Provision": NaN,
        "Pretax Income": NaN,
        "Other Income Expense": NaN,
        "Special Income Charges": 0.0,
        "Other Special Charges": 0.0,
        "Earnings From Equity Interest": NaN,
        "Net Non Operating Interest Income Expense": NaN,
        "Interest Expense Non Operating": NaN,
        "Operating Income": NaN,
        "Operating Expense": NaN,
        "Other Operating Expenses": NaN,
        "Depreciation Amortization Depletion Income Statement": NaN,
        "Depreciation And Amortization In Income Statement": NaN,
        "Selling General And Administration": NaN,
        "General And Administrative Expense": NaN,
        "Other Gand A": NaN,
        "Gross Profit": NaN,
        "Cost Of Revenue": NaN,
        "Total Revenue": NaN,
        "Operating Revenue": NaN
    },
    "2024-03-31": {
        "Tax Effect Of Unusual Items": NaN,
        "Tax Rate For Calcs": NaN,
        "Normalized EBITDA": NaN,
        "Total Unusual Items": NaN,
        "Total Unusual Items Excluding Goodwill": NaN,
        "Net Income From Continuing Operation Net Minority Interest": NaN,
        "Reconciled Depreciation": NaN,
        "Reconciled Cost Of Revenue": NaN,
        "EBITDA": NaN,
        "EBIT": NaN,
        "Net Interest Income": NaN,
        "Interest Expense": NaN,
        "Normalized Income": NaN,
        "Net Income From Continuing And Discontinued Operation": NaN,
        "Total Expenses": NaN,
        "Total Operating Income As Reported": NaN,
        "Diluted Average Shares": NaN,
        "Basic Average Shares": NaN,
        "Diluted EPS": NaN,
        "Basic EPS": NaN,
        "Diluted NI Availto Com Stockholders": NaN,
        "Net Income Common Stockholders": NaN,
        "Otherunder Preferred Stock Dividend": NaN,
        "Net Income": NaN,
        "Minority Interests": NaN,
        "Net Income Including Noncontrolling Interests": NaN,
        "Net Income Discontinuous Operations": 55638000.0,
        "Net Income Continuous Operations": NaN,
        "Tax Provision": NaN,
        "Pretax Income": NaN,
        "Other Income Expense": NaN,
        "Special Income Charges": NaN,
        "Other Special Charges": NaN,
        "Earnings From Equity Interest": NaN,
        "Net Non Operating Interest Income Expense": NaN,
        "Interest Expense Non Operating": NaN,
        "Operating Income": NaN,
        "Operating Expense": NaN,
        "Other Operating Expenses": -2000000.0,
        "Depreciation Amortization Depletion Income Statement": NaN,
        "Depreciation And Amortization In Income Statement": NaN,
        "Selling General And Administration": NaN,
        "General And Administrative Expense": NaN,
        "Other Gand A": NaN,
        "Gross Profit": NaN,
        "Cost Of Revenue": NaN,
        "Total Revenue": NaN,
        "Operating Revenue": NaN
    },
    "2024-06-30": {
        "Tax Effect Of Unusual Items": 0.0,
        "Tax Rate For Calcs": 0.326124,
        "Normalized EBITDA": 137786000.0,
        "Total Unusual Items": NaN,
        "Total Unusual Items Excluding Goodwill": NaN,
        "Net Income From Continuing Operation Net Minority Interest": 20435000.0,
        "Reconciled Depreciation": 53939000.0,
        "Reconciled Cost Of Revenue": 1104073000.0,
        "EBITDA": 137786000.0,
        "EBIT": 83847000.0,
        "Net Interest Income": -27994000.0,
        "Interest Expense": 27994000.0,
        "Normalized Income": 20435000.0,
        "Net Income From Continuing And Discontinued Operation": 77563000.0,
        "Total Expenses": 1207892000.0,
        "Total Operating Income As Reported": 73856000.0,
        "Diluted Average Shares": 123946000.0,
        "Basic Average Shares": 123946000.0,
        "Diluted EPS": 0.6,
        "Basic EPS": 0.6,
        "Diluted NI Availto Com Stockholders": 76631000.0,
        "Net Income Common Stockholders": 76631000.0,
        "Otherunder Preferred Stock Dividend": 932000.0,
        "Net Income": 77563000.0,
        "Minority Interests": -17203000.0,
        "Net Income Including Noncontrolling Interests": 94766000.0,
        "Net Income Discontinuous Operations": 57128000.0,
        "Net Income Continuous Operations": 37638000.0,
        "Tax Provision": 18215000.0,
        "Pretax Income": 55853000.0,
        "Other Income Expense": 9991000.0,
        "Special Income Charges": NaN,
        "Other Special Charges": NaN,
        "Earnings From Equity Interest": 9991000.0,
        "Net Non Operating Interest Income Expense": -27994000.0,
        "Interest Expense Non Operating": 27994000.0,
        "Operating Income": 73856000.0,
        "Operating Expense": 85949000.0,
        "Other Operating Expenses": 2000.0,
        "Depreciation Amortization Depletion Income Statement": 36069000.0,
        "Depreciation And Amortization In Income Statement": 36069000.0,
        "Selling General And Administration": 49878000.0,
        "General And Administrative Expense": 49878000.0,
        "Other Gand A": 49878000.0,
        "Gross Profit": 159805000.0,
        "Cost Of Revenue": 1121943000.0,
        "Total Revenue": 1281748000.0,
        "Operating Revenue": 1155620000.0
    },
    "2024-09-30": {
        "Tax Effect Of Unusual Items": -2253434.0,
        "Tax Rate For Calcs": 0.206,
        "Normalized EBITDA": 224345000.0,
        "Total Unusual Items": -10939000.0,
        "Total Unusual Items Excluding Goodwill": -10939000.0,
        "Net Income From Continuing Operation Net Minority Interest": 55628000.0,
        "Reconciled Depreciation": 50143000.0,
        "Reconciled Cost Of Revenue": 1523899000.0,
        "EBITDA": 213406000.0,
        "EBIT": 163263000.0,
        "Net Interest Income": -55439000.0,
        "Interest Expense": 55439000.0,
        "Normalized Income": 64313566.0,
        "Net Income From Continuing And Discontinued Operation": 55628000.0,
        "Total Expenses": 1620087000.0,
        "Total Operating Income As Reported": 141133000.0,
        "Diluted Average Shares": 124714000.0,
        "Basic Average Shares": 124714000.0,
        "Diluted EPS": 0.43,
        "Basic EPS": 0.43,
        "Diluted NI Availto Com Stockholders": 53483000.0,
        "Net Income Common Stockholders": 53483000.0,
        "Otherunder Preferred Stock Dividend": 2145000.0,
        "Net Income": 55628000.0,
        "Minority Interests": -25387000.0,
        "Net Income Including Noncontrolling Interests": 81015000.0,
        "Net Income Discontinuous Operations": NaN,
        "Net Income Continuous Operations": 81015000.0,
        "Tax Provision": 26809000.0,
        "Pretax Income": 107824000.0,
        "Other Income Expense": 22130000.0,
        "Special Income Charges": -10939000.0,
        "Other Special Charges": 10939000.0,
        "Earnings From Equity Interest": 33069000.0,
        "Net Non Operating Interest Income Expense": -55439000.0,
        "Interest Expense Non Operating": 55439000.0,
        "Operating Income": 141133000.0,
        "Operating Expense": 96188000.0,
        "Other Operating Expenses": -1302000.0,
        "Depreciation Amortization Depletion Income Statement": 50143000.0,
        "Depreciation And Amortization In Income Statement": 50143000.0,
        "Selling General And Administration": 47347000.0,
        "General And Administrative Expense": 47347000.0,
        "Other Gand A": 47347000.0,
        "Gross Profit": 237321000.0,
        "Cost Of Revenue": 1523899000.0,
        "Total Revenue": 1761220000.0,
        "Operating Revenue": 1633509000.0
    },
    "2024-12-31": {
        "Tax Effect Of Unusual Items": -4250672.29793,
        "Tax Rate For Calcs": 0.237388,
        "Normalized EBITDA": -164743000.0,
        "Total Unusual Items": -17906000.0,
        "Total Unusual Items Excluding Goodwill": -17906000.0,
        "Net Income From Continuing Operation Net Minority Interest": -182767000.0,
        "Reconciled Depreciation": 45743000.0,
        "Reconciled Cost Of Revenue": 36908000.0,
        "EBITDA": -182649000.0,
        "EBIT": -228392000.0,
        "Net Interest Income": 14704000.0,
        "Interest Expense": -14704000.0,
        "Normalized Income": -169111672.29793,
        "Net Income From Continuing And Discontinued Operation": -16050000.0,
        "Total Expenses": 101998000.0,
        "Total Operating Income As Reported": -224585000.0,
        "Diluted Average Shares": 127535000.0,
        "Basic Average Shares": 125923000.0,
        "Diluted EPS": -0.13,
        "Basic EPS": -0.12,
        "Diluted NI Availto Com Stockholders": -9434000.0,
        "Net Income Common Stockholders": -9434000.0,
        "Otherunder Preferred Stock Dividend": -6616000.0,
        "Net Income": -16050000.0,
        "Minority Interests": -19806000.0,
        "Net Income Including Noncontrolling Interests": 3756000.0,
        "Net Income Discontinuous Operations": NaN,
        "Net Income Continuous Operations": -162961000.0,
        "Tax Provision": -50727000.0,
        "Pretax Income": -213688000.0,
        "Other Income Expense": -3807000.0,
        "Special Income Charges": -17906000.0,
        "Other Special Charges": 17906000.0,
        "Earnings From Equity Interest": 14099000.0,
        "Net Non Operating Interest Income Expense": 14704000.0,
        "Interest Expense Non Operating": -14704000.0,
        "Operating Income": -224585000.0,
        "Operating Expense": 65090000.0,
        "Other Operating Expenses": 178000.0,
        "Depreciation Amortization Depletion Income Statement": -15285000.0,
        "Depreciation And Amortization In Income Statement": -15285000.0,
        "Selling General And Administration": 80197000.0,
        "General And Administrative Expense": 80197000.0,
        "Other Gand A": 80197000.0,
        "Gross Profit": -159495000.0,
        "Cost Of Revenue": 36908000.0,
        "Total Revenue": -122587000.0,
        "Operating Revenue": -248857000.0
    },
    "2025-03-31": {
        "Tax Effect Of Unusual Items": 0.0,
        "Tax Rate For Calcs": 0.223,
        "Normalized EBITDA": 160065000.0,
        "Total Unusual Items": NaN,
        "Total Unusual Items Excluding Goodwill": NaN,
        "Net Income From Continuing Operation Net Minority Interest": 56681000.0,
        "Reconciled Depreciation": 34808000.0,
        "Reconciled Cost Of Revenue": 1172611000.0,
        "EBITDA": 160065000.0,
        "EBIT": 125257000.0,
        "Net Interest Income": -29072000.0,
        "Interest Expense": 29072000.0,
        "Normalized Income": 56681000.0,
        "Net Income From Continuing And Discontinued Operation": 56681000.0,
        "Total Expenses": 1240427000.0,
        "Total Operating Income As Reported": 112745000.0,
        "Diluted Average Shares": 126205000.0,
        "Basic Average Shares": 126205000.0,
        "Diluted EPS": 0.44,
        "Basic EPS": 0.44,
        "Diluted NI Availto Com Stockholders": 55536000.0,
        "Net Income Common Stockholders": 55536000.0,
        "Otherunder Preferred Stock Dividend": 1145000.0,
        "Net Income": 56681000.0,
        "Minority Interests": -18051000.0,
        "Net Income Including Noncontrolling Interests": 74732000.0,
        "Net Income Discontinuous Operations": 0.0,
        "Net Income Continuous Operations": 74732000.0,
        "Tax Provision": 21453000.0,
        "Pretax Income": 96185000.0,
        "Other Income Expense": 12512000.0,
        "Special Income Charges": NaN,
        "Other Special Charges": NaN,
        "Earnings From Equity Interest": 12512000.0,
        "Net Non Operating Interest Income Expense": -29072000.0,
        "Interest Expense Non Operating": 29072000.0,
        "Operating Income": 112745000.0,
        "Operating Expense": 67816000.0,
        "Other Operating Expenses": NaN,
        "Depreciation Amortization Depletion Income Statement": 34808000.0,
        "Depreciation And Amortization In Income Statement": 34808000.0,
        "Selling General And Administration": 33008000.0,
        "General And Administrative Expense": 33008000.0,
        "Other Gand A": 33008000.0,
        "Gross Profit": 180561000.0,
        "Cost Of Revenue": 1172611000.0,
        "Total Revenue": 1353172000.0,
        "Operating Revenue": 1219974000.0
    },
    "2025-06-30": {
        "Tax Effect Of Unusual Items": 0.0,
        "Tax Rate For Calcs": 0.175172,
        "Normalized EBITDA": 134997000.0,
        "Total Unusual Items": NaN,
        "Total Unusual Items Excluding Goodwill": NaN,
        "Net Income From Continuing Operation Net Minority Interest": 40571000.0,
        "Reconciled Depreciation": 34848000.0,
        "Reconciled Cost Of Revenue": 1184129000.0,
        "EBITDA": 134997000.0,
        "EBIT": 100149000.0,
        "Net Interest Income": -29978000.0,
        "Interest Expense": 29978000.0,
        "Normalized Income": 40571000.0,
        "Net Income From Continuing And Discontinued Operation": 40571000.0,
        "Total Expenses": 1253048000.0,
        "Total Operating Income As Reported": 86531000.0,
        "Diluted Average Shares": 123359000.0,
        "Basic Average Shares": 123359000.0,
        "Diluted EPS": 0.32,
        "Basic EPS": 0.32,
        "Diluted NI Availto Com Stockholders": 39751000.0,
        "Net Income Common Stockholders": 39751000.0,
        "Otherunder Preferred Stock Dividend": 820000.0,
        "Net Income": 40571000.0,
        "Minority Interests": -17308000.0,
        "Net Income Including Noncontrolling Interests": 57879000.0,
        "Net Income Discontinuous Operations": 0.0,
        "Net Income Continuous Operations": 57879000.0,
        "Tax Provision": 12292000.0,
        "Pretax Income": 70171000.0,
        "Other Income Expense": 13618000.0,
        "Special Income Charges": NaN,
        "Other Special Charges": NaN,
        "Earnings From Equity Interest": 13618000.0,
        "Net Non Operating Interest Income Expense": -29978000.0,
        "Interest Expense Non Operating": 29978000.0,
        "Operating Income": 86531000.0,
        "Operating Expense": 68919000.0,
        "Other Operating Expenses": -1592000.0,
        "Depreciation Amortization Depletion Income Statement": 34848000.0,
        "Depreciation And Amortization In Income Statement": 34848000.0,
        "Selling General And Administration": 35663000.0,
        "General And Administrative Expense": 35663000.0,
        "Other Gand A": 35663000.0,
        "Gross Profit": 155450000.0,
        "Cost Of Revenue": 1184129000.0,
        "Total Revenue": 1339579000.0,
        "Operating Revenue": 1207855000.0
    }
}