{
    "2023-03-31": {
        "Tax Effect Of Unusual Items": NaN,
        "Tax Rate For Calcs": NaN,
        "Normalized EBITDA": NaN,
        "Total Unusual Items": NaN,
        "Total Unusual Items Excluding Goodwill": NaN,
        "Net Income From Continuing Operation Net Minority Interest": NaN,
        "Reconciled Depreciation": NaN,
        "Reconciled Cost Of Revenue": NaN,
        "EBITDA": NaN,
        "EBIT": NaN,
        "Net Interest Income": 2189000.0,
        "Interest Income": 2189000.0,
        "Normalized Income": NaN,
        "Net Income From Continuing And Discontinued Operation": NaN,
        "Total Expenses": NaN,
        "Total Operating Income As Reported": NaN,
        "Diluted Average Shares": NaN,
        "Basic Average Shares": NaN,
        "Diluted EPS": NaN,
        "Basic EPS": NaN,
        "Diluted NI Availto Com Stockholders": NaN,
        "Net Income Common Stockholders": NaN,
        "Net Income": NaN,
        "Minority Interests": 0.0,
        "Net Income Including Noncontrolling Interests": NaN,
        "Net Income Continuous Operations": NaN,
        "Tax Provision": NaN,
        "Pretax Income": NaN,
        "Other Income Expense": NaN,
        "Other Non Operating Income Expenses": NaN,
        "Special Income Charges": NaN,
        "Restructuring And Mergern Acquisition": NaN,
        "Gain On Sale Of Security": -638000.0,
        "Net Non Operating Interest Income Expense": 2189000.0,
        "Interest Income Non Operating": 2189000.0,
        "Operating Income": NaN,
        "Operating Expense": NaN,
        "Research And Development": NaN,
        "Selling General And Administration": NaN,
        "Selling And Marketing Expense": NaN,
        "General And Administrative Expense": NaN,
        "Other Gand A": NaN,
        "Salaries And Wages": NaN,
        "Gross Profit": NaN,
        "Cost Of Revenue": NaN,
        "Total Revenue": NaN,
        "Operating Revenue": NaN
    },
    "2022-12-31": {
        "Tax Effect Of Unusual Items": NaN,
        "Tax Rate For Calcs": NaN,
        "Normalized EBITDA": NaN,
        "Total Unusual Items": NaN,
        "Total Unusual Items Excluding Goodwill": NaN,
        "Net Income From Continuing Operation Net Minority Interest": NaN,
        "Reconciled Depreciation": NaN,
        "Reconciled Cost Of Revenue": NaN,
        "EBITDA": NaN,
        "EBIT": NaN,
        "Net Interest Income": NaN,
        "Interest Income": NaN,
        "Normalized Income": NaN,
        "Net Income From Continuing And Discontinued Operation": NaN,
        "Total Expenses": NaN,
        "Total Operating Income As Reported": NaN,
        "Diluted Average Shares": 141531000.0,
        "Basic Average Shares": 141531000.0,
        "Diluted EPS": -0.1,
        "Basic EPS": -0.1,
        "Diluted NI Availto Com Stockholders": NaN,
        "Net Income Common Stockholders": NaN,
        "Net Income": NaN,
        "Minority Interests": NaN,
        "Net Income Including Noncontrolling Interests": NaN,
        "Net Income Continuous Operations": NaN,
        "Tax Provision": NaN,
        "Pretax Income": NaN,
        "Other Income Expense": NaN,
        "Other Non Operating Income Expenses": NaN,
        "Special Income Charges": NaN,
        "Restructuring And Mergern Acquisition": NaN,
        "Gain On Sale Of Security": -1096000.0,
        "Net Non Operating Interest Income Expense": NaN,
        "Interest Income Non Operating": NaN,
        "Operating Income": NaN,
        "Operating Expense": NaN,
        "Research And Development": NaN,
        "Selling General And Administration": NaN,
        "Selling And Marketing Expense": NaN,
        "General And Administrative Expense": NaN,
        "Other Gand A": NaN,
        "Salaries And Wages": NaN,
        "Gross Profit": NaN,
        "Cost Of Revenue": NaN,
        "Total Revenue": NaN,
        "Operating Revenue": NaN
    },
    "2022-09-30": {
        "Tax Effect Of Unusual Items": NaN,
        "Tax Rate For Calcs": NaN,
        "Normalized EBITDA": NaN,
        "Total Unusual Items": NaN,
        "Total Unusual Items Excluding Goodwill": NaN,
        "Net Income From Continuing Operation Net Minority Interest": NaN,
        "Reconciled Depreciation": NaN,
        "Reconciled Cost Of Revenue": NaN,
        "EBITDA": NaN,
        "EBIT": NaN,
        "Net Interest Income": NaN,
        "Interest Income": NaN,
        "Normalized Income": NaN,
        "Net Income From Continuing And Discontinued Operation": NaN,
        "Total Expenses": NaN,
        "Total Operating Income As Reported": NaN,
        "Diluted Average Shares": NaN,
        "Basic Average Shares": NaN,
        "Diluted EPS": NaN,
        "Basic EPS": NaN,
        "Diluted NI Availto Com Stockholders": NaN,
        "Net Income Common Stockholders": NaN,
        "Net Income": NaN,
        "Minority Interests": NaN,
        "Net Income Including Noncontrolling Interests": NaN,
        "Net Income Continuous Operations": NaN,
        "Tax Provision": NaN,
        "Pretax Income": NaN,
        "Other Income Expense": NaN,
        "Other Non Operating Income Expenses": NaN,
        "Special Income Charges": NaN,
        "Restructuring And Mergern Acquisition": NaN,
        "Gain On Sale Of Security": NaN,
        "Net Non Operating Interest Income Expense": NaN,
        "Interest Income Non Operating": NaN,
        "Operating Income": NaN,
        "Operating Expense": NaN,
        "Research And Development": NaN,
        "Selling General And Administration": NaN,
        "Selling And Marketing Expense": NaN,
        "General And Administrative Expense": NaN,
        "Other Gand A": NaN,
        "Salaries And Wages": 1631000.0,
        "Gross Profit": NaN,
        "Cost Of Revenue": NaN,
        "Total Revenue": NaN,
        "Operating Revenue": NaN
    },
    "2022-06-30": {
        "Tax Effect Of Unusual Items": -1394000.0,
        "Tax Rate For Calcs": 0.4,
        "Normalized EBITDA": 1480000.0,
        "Total Unusual Items": -3485000.0,
        "Total Unusual Items Excluding Goodwill": -3485000.0,
        "Net Income From Continuing Operation Net Minority Interest": -8284000.0,
        "Reconciled Depreciation": 2766000.0,
        "Reconciled Cost Of Revenue": 12598000.0,
        "EBITDA": -2005000.0,
        "EBIT": -4771000.0,
        "Normalized Income": -6193000.0,
        "Net Income From Continuing And Discontinued Operation": -8284000.0,
        "Total Expenses": 67381000.0,
        "Total Operating Income As Reported": -8256000.0,
        "Diluted Average Shares": 141042000.0,
        "Basic Average Shares": 141042000.0,
        "Diluted EPS": -0.06,
        "Basic EPS": -0.06,
        "Diluted NI Availto Com Stockholders": -8284000.0,
        "Net Income Common Stockholders": -8284000.0,
        "Net Income": -8284000.0,
        "Net Income Including Noncontrolling Interests": -8284000.0,
        "Net Income Continuous Operations": -8284000.0,
        "Tax Provision": 739000.0,
        "Pretax Income": -7545000.0,
        "Other Income Expense": -2774000.0,
        "Other Non Operating Income Expenses": 711000.0,
        "Special Income Charges": -3485000.0,
        "Restructuring And Mergern Acquisition": 3485000.0,
        "Gain On Sale Of Security": -138000.0,
        "Operating Income": -4771000.0,
        "Operating Expense": 54783000.0,
        "Research And Development": 9671000.0,
        "Selling General And Administration": 45112000.0,
        "Selling And Marketing Expense": 30894000.0,
        "General And Administrative Expense": 14218000.0,
        "Other Gand A": 14218000.0,
        "Gross Profit": 50012000.0,
        "Cost Of Revenue": 12598000.0,
        "Total Revenue": 62610000.0,
        "Operating Revenue": 62610000.0
    },
    "2022-03-31": {
        "Diluted EPS": -0.02,
        "Total Revenue": 57,
        "Gross Profit": 46,
        "Operating Income": -3,
        "EBIT": 1,
        "Net Income": -3
    },
    "2021-12-31": {
        "Diluted EPS": -0.03,
        "Total Revenue": 54,
        "Gross Profit": 42,
        "Operating Income": -4,
        "EBIT": -1,
        "Net Income": -4
    },
    "2021-09-30": {
        "Diluted EPS": -0.01,
        "Total Revenue": 49,
        "Gross Profit": 38,
        "Operating Income": 0,
        "EBIT": 2,
        "Net Income": -1
    },
    "2021-06-30": {
        "Diluted EPS": -0.0,
        "Total Revenue": 45,
        "Gross Profit": 35,
        "Operating Income": 0,
        "EBIT": 3,
        "Net Income": 0
    },
    "2021-03-31": {
        "Diluted EPS": 0.01,
        "Total Revenue": 40,
        "Gross Profit": 31,
        "Operating Income": 2,
        "EBIT": 3,
        "Net Income": 1
    },
    "2020-12-31": {
        "Diluted EPS": -0.02,
        "Total Revenue": 36,
        "Gross Profit": 28,
        "Operating Income": -2,
        "EBIT": 0,
        "Net Income": -2
    },
    "2020-09-30": {
        "Diluted EPS": -0.01,
        "Total Revenue": 32,
        "Gross Profit": 24,
        "Operating Income": -1,
        "EBIT": 1,
        "Net Income": -1
    },
    "2020-06-30": {
        "Diluted EPS": -0.02,
        "Total Revenue": 28,
        "Gross Profit": 21,
        "Operating Income": -2,
        "EBIT": 0,
        "Net Income": -2
    },
    "2020-03-31": {
        "Diluted EPS": -0.02,
        "Total Revenue": 28,
        "Gross Profit": 21,
        "Operating Income": -2,
        "EBIT": -1,
        "Net Income": -2
    },
    "2019-12-31": {
        "Diluted EPS": 0.0,
        "Total Revenue": NaN,
        "Gross Profit": NaN,
        "Operating Income": NaN,
        "EBIT": NaN,
        "Net Income": NaN
    },
    "2023-06-30": {
        "Tax Effect Of Unusual Items": NaN,
        "Tax Rate For Calcs": NaN,
        "Normalized EBITDA": NaN,
        "Total Unusual Items": NaN,
        "Total Unusual Items Excluding Goodwill": NaN,
        "Net Income From Continuing Operation Net Minority Interest": NaN,
        "Reconciled Depreciation": NaN,
        "Reconciled Cost Of Revenue": NaN,
        "EBITDA": NaN,
        "EBIT": NaN,
        "Net Interest Income": 2243000.0,
        "Interest Income": 2243000.0,
        "Normalized Income": NaN,
        "Net Income From Continuing And Discontinued Operation": NaN,
        "Total Expenses": NaN,
        "Total Operating Income As Reported": NaN,
        "Diluted Average Shares": NaN,
        "Basic Average Shares": NaN,
        "Diluted EPS": NaN,
        "Basic EPS": NaN,
        "Diluted NI Availto Com Stockholders": NaN,
        "Net Income Common Stockholders": NaN,
        "Net Income": NaN,
        "Minority Interests": 0.0,
        "Net Income Including Noncontrolling Interests": NaN,
        "Net Income Continuous Operations": NaN,
        "Tax Provision": NaN,
        "Pretax Income": NaN,
        "Other Income Expense": NaN,
        "Other Non Operating Income Expenses": NaN,
        "Special Income Charges": NaN,
        "Restructuring And Mergern Acquisition": NaN,
        "Gain On Sale Of Security": NaN,
        "Net Non Operating Interest Income Expense": 2243000.0,
        "Interest Income Non Operating": 2243000.0,
        "Operating Income": NaN,
        "Operating Expense": NaN,
        "Research And Development": NaN,
        "Selling General And Administration": NaN,
        "Selling And Marketing Expense": NaN,
        "General And Administrative Expense": NaN,
        "Other Gand A": NaN,
        "Salaries And Wages": NaN,
        "Gross Profit": NaN,
        "Cost Of Revenue": NaN,
        "Total Revenue": NaN,
        "Operating Revenue": NaN
    },
    "2023-09-30": {
        "Tax Effect Of Unusual Items": NaN,
        "Tax Rate For Calcs": NaN,
        "Normalized EBITDA": NaN,
        "Total Unusual Items": NaN,
        "Total Unusual Items Excluding Goodwill": NaN,
        "Net Income From Continuing Operation Net Minority Interest": NaN,
        "Reconciled Depreciation": NaN,
        "Reconciled Cost Of Revenue": NaN,
        "EBITDA": NaN,
        "EBIT": NaN,
        "Net Interest Income": NaN,
        "Interest Income": NaN,
        "Normalized Income": NaN,
        "Net Income From Continuing And Discontinued Operation": NaN,
        "Total Expenses": NaN,
        "Total Operating Income As Reported": NaN,
        "Diluted Average Shares": NaN,
        "Basic Average Shares": NaN,
        "Diluted EPS": NaN,
        "Basic EPS": NaN,
        "Diluted NI Availto Com Stockholders": NaN,
        "Net Income Common Stockholders": NaN,
        "Net Income": NaN,
        "Minority Interests": NaN,
        "Net Income Including Noncontrolling Interests": NaN,
        "Net Income Continuous Operations": NaN,
        "Tax Provision": NaN,
        "Pretax Income": NaN,
        "Other Income Expense": NaN,
        "Other Non Operating Income Expenses": NaN,
        "Special Income Charges": NaN,
        "Restructuring And Mergern Acquisition": NaN,
        "Gain On Sale Of Security": NaN,
        "Net Non Operating Interest Income Expense": NaN,
        "Interest Income Non Operating": NaN,
        "Operating Income": NaN,
        "Operating Expense": NaN,
        "Research And Development": NaN,
        "Selling General And Administration": NaN,
        "Selling And Marketing Expense": NaN,
        "General And Administrative Expense": NaN,
        "Other Gand A": NaN,
        "Salaries And Wages": 3591000.0,
        "Gross Profit": NaN,
        "Cost Of Revenue": NaN,
        "Total Revenue": NaN,
        "Operating Revenue": NaN
    },
    "2023-12-31": {
        "Tax Effect Of Unusual Items": NaN,
        "Tax Rate For Calcs": NaN,
        "Normalized EBITDA": NaN,
        "Total Unusual Items": NaN,
        "Total Unusual Items Excluding Goodwill": NaN,
        "Net Income From Continuing Operation Net Minority Interest": NaN,
        "Reconciled Depreciation": NaN,
        "Reconciled Cost Of Revenue": NaN,
        "EBITDA": NaN,
        "EBIT": NaN,
        "Net Interest Income": NaN,
        "Interest Income": NaN,
        "Normalized Income": NaN,
        "Net Income From Continuing And Discontinued Operation": NaN,
        "Total Expenses": NaN,
        "Total Operating Income As Reported": NaN,
        "Diluted Average Shares": NaN,
        "Basic Average Shares": NaN,
        "Diluted EPS": NaN,
        "Basic EPS": NaN,
        "Diluted NI Availto Com Stockholders": NaN,
        "Net Income Common Stockholders": NaN,
        "Net Income": NaN,
        "Minority Interests": NaN,
        "Net Income Including Noncontrolling Interests": NaN,
        "Net Income Continuous Operations": NaN,
        "Tax Provision": NaN,
        "Pretax Income": NaN,
        "Other Income Expense": NaN,
        "Other Non Operating Income Expenses": NaN,
        "Special Income Charges": 0.0,
        "Restructuring And Mergern Acquisition": 0.0,
        "Gain On Sale Of Security": NaN,
        "Net Non Operating Interest Income Expense": NaN,
        "Interest Income Non Operating": NaN,
        "Operating Income": NaN,
        "Operating Expense": NaN,
        "Research And Development": NaN,
        "Selling General And Administration": NaN,
        "Selling And Marketing Expense": NaN,
        "General And Administrative Expense": NaN,
        "Other Gand A": NaN,
        "Gross Profit": NaN,
        "Cost Of Revenue": NaN,
        "Total Revenue": NaN,
        "Operating Revenue": NaN
    },
    "2024-03-31": {
        "Tax Effect Of Unusual Items": NaN,
        "Tax Rate For Calcs": NaN,
        "Normalized EBITDA": NaN,
        "Total Unusual Items": NaN,
        "Total Unusual Items Excluding Goodwill": NaN,
        "Net Income From Continuing Operation Net Minority Interest": NaN,
        "Reconciled Depreciation": NaN,
        "Reconciled Cost Of Revenue": NaN,
        "EBITDA": NaN,
        "EBIT": NaN,
        "Net Interest Income": NaN,
        "Interest Income": NaN,
        "Normalized Income": NaN,
        "Net Income From Continuing And Discontinued Operation": NaN,
        "Total Expenses": NaN,
        "Total Operating Income As Reported": NaN,
        "Diluted Average Shares": NaN,
        "Basic Average Shares": NaN,
        "Diluted EPS": NaN,
        "Basic EPS": NaN,
        "Diluted NI Availto Com Stockholders": NaN,
        "Net Income Common Stockholders": NaN,
        "Net Income": NaN,
        "Minority Interests": NaN,
        "Net Income Including Noncontrolling Interests": NaN,
        "Net Income Continuous Operations": NaN,
        "Tax Provision": NaN,
        "Pretax Income": NaN,
        "Other Income Expense": NaN,
        "Other Non Operating Income Expenses": NaN,
        "Special Income Charges": 0.0,
        "Restructuring And Mergern Acquisition": 0.0,
        "Gain On Sale Of Security": NaN,
        "Net Non Operating Interest Income Expense": NaN,
        "Interest Income Non Operating": NaN,
        "Operating Income": NaN,
        "Operating Expense": NaN,
        "Research And Development": NaN,
        "Selling General And Administration": NaN,
        "Selling And Marketing Expense": NaN,
        "General And Administrative Expense": NaN,
        "Other Gand A": NaN,
        "Gross Profit": NaN,
        "Cost Of Revenue": NaN,
        "Total Revenue": NaN,
        "Operating Revenue": NaN
    },
    "2024-06-30": {
        "Tax Effect Of Unusual Items": 26880.0,
        "Tax Rate For Calcs": 0.21,
        "Normalized EBITDA": 5352000.0,
        "Total Unusual Items": 128000.0,
        "Total Unusual Items Excluding Goodwill": 128000.0,
        "Net Income From Continuing Operation Net Minority Interest": 1659000.0,
        "Reconciled Depreciation": 2086000.0,
        "Reconciled Cost Of Revenue": 14957000.0,
        "EBITDA": 5480000.0,
        "EBIT": 3394000.0,
        "Net Interest Income": 2554000.0,
        "Interest Income": 2554000.0,
        "Normalized Income": 1557880.0,
        "Net Income From Continuing And Discontinued Operation": 1659000.0,
        "Total Expenses": 87557000.0,
        "Total Operating Income As Reported": 3394000.0,
        "Diluted Average Shares": 148825000.0,
        "Basic Average Shares": 145678000.0,
        "Diluted EPS": 0.01,
        "Basic EPS": 0.01,
        "Diluted NI Availto Com Stockholders": 1659000.0,
        "Net Income Common Stockholders": 1659000.0,
        "Net Income": 1659000.0,
        "Minority Interests": 298000.0,
        "Net Income Including Noncontrolling Interests": 1361000.0,
        "Net Income Continuous Operations": 1361000.0,
        "Tax Provision": 4649000.0,
        "Pretax Income": 6010000.0,
        "Other Income Expense": 62000.0,
        "Other Non Operating Income Expenses": -66000.0,
        "Special Income Charges": 0.0,
        "Restructuring And Mergern Acquisition": 0.0,
        "Gain On Sale Of Security": 128000.0,
        "Net Non Operating Interest Income Expense": 2554000.0,
        "Interest Income Non Operating": 2554000.0,
        "Operating Income": 3394000.0,
        "Operating Expense": 72600000.0,
        "Research And Development": 19288000.0,
        "Selling General And Administration": 53312000.0,
        "Selling And Marketing Expense": 35000000.0,
        "General And Administrative Expense": 18312000.0,
        "Other Gand A": 18312000.0,
        "Gross Profit": 75994000.0,
        "Cost Of Revenue": 14957000.0,
        "Total Revenue": 90951000.0,
        "Operating Revenue": 90951000.0
    },
    "2024-09-30": {
        "Tax Effect Of Unusual Items": -49560.0,
        "Tax Rate For Calcs": 0.21,
        "Normalized EBITDA": 4766000.0,
        "Total Unusual Items": -236000.0,
        "Total Unusual Items Excluding Goodwill": -236000.0,
        "Net Income From Continuing Operation Net Minority Interest": 1094000.0,
        "Reconciled Depreciation": 2825000.0,
        "Reconciled Cost Of Revenue": 17063000.0,
        "EBITDA": 4530000.0,
        "EBIT": 1705000.0,
        "Net Interest Income": 2419000.0,
        "Interest Income": 2419000.0,
        "Normalized Income": 1280440.0,
        "Net Income From Continuing And Discontinued Operation": 1094000.0,
        "Total Expenses": 95705000.0,
        "Total Operating Income As Reported": 1705000.0,
        "Diluted Average Shares": 149427000.0,
        "Basic Average Shares": 146436000.0,
        "Diluted EPS": 0.01,
        "Basic EPS": 0.01,
        "Diluted NI Availto Com Stockholders": 1094000.0,
        "Net Income Common Stockholders": 1094000.0,
        "Net Income": 1094000.0,
        "Minority Interests": 376000.0,
        "Net Income Including Noncontrolling Interests": 718000.0,
        "Net Income Continuous Operations": 718000.0,
        "Tax Provision": 3899000.0,
        "Pretax Income": 4617000.0,
        "Other Income Expense": 493000.0,
        "Other Non Operating Income Expenses": 729000.0,
        "Special Income Charges": 0.0,
        "Restructuring And Mergern Acquisition": 0.0,
        "Gain On Sale Of Security": -236000.0,
        "Net Non Operating Interest Income Expense": 2419000.0,
        "Interest Income Non Operating": 2419000.0,
        "Operating Income": 1705000.0,
        "Operating Expense": 78642000.0,
        "Research And Development": 22183000.0,
        "Selling General And Administration": 56459000.0,
        "Selling And Marketing Expense": 35689000.0,
        "General And Administrative Expense": 20770000.0,
        "Other Gand A": 20770000.0,
        "Gross Profit": 80347000.0,
        "Cost Of Revenue": 17063000.0,
        "Total Revenue": 97410000.0,
        "Operating Revenue": 97410000.0
    },
    "2024-12-31": {
        "Tax Effect Of Unusual Items": 222980.934019,
        "Tax Rate For Calcs": 0.294559,
        "Normalized EBITDA": 3958000.0,
        "Total Unusual Items": 757000.0,
        "Total Unusual Items Excluding Goodwill": 757000.0,
        "Net Income From Continuing Operation Net Minority Interest": 3345000.0,
        "Reconciled Depreciation": 2974000.0,
        "Reconciled Cost Of Revenue": 18812000.0,
        "EBITDA": 4715000.0,
        "EBIT": 1741000.0,
        "Net Interest Income": 2328000.0,
        "Interest Income": 2328000.0,
        "Normalized Income": 2810980.934019,
        "Net Income From Continuing And Discontinued Operation": 3345000.0,
        "Total Expenses": 100901000.0,
        "Total Operating Income As Reported": 1741000.0,
        "Diluted Average Shares": 149483000.0,
        "Basic Average Shares": 146763000.0,
        "Diluted EPS": 0.02,
        "Basic EPS": 0.02,
        "Diluted NI Availto Com Stockholders": 3345000.0,
        "Net Income Common Stockholders": 3345000.0,
        "Net Income": 3345000.0,
        "Minority Interests": 52000.0,
        "Net Income Including Noncontrolling Interests": 3293000.0,
        "Net Income Continuous Operations": 3293000.0,
        "Tax Provision": 1375000.0,
        "Pretax Income": 4668000.0,
        "Other Income Expense": 599000.0,
        "Other Non Operating Income Expenses": -158000.0,
        "Special Income Charges": 0.0,
        "Restructuring And Mergern Acquisition": 0.0,
        "Gain On Sale Of Security": 757000.0,
        "Net Non Operating Interest Income Expense": 2328000.0,
        "Interest Income Non Operating": 2328000.0,
        "Operating Income": 1741000.0,
        "Operating Expense": 82089000.0,
        "Research And Development": 21305000.0,
        "Selling General And Administration": 60784000.0,
        "Selling And Marketing Expense": 39730000.0,
        "General And Administrative Expense": 21054000.0,
        "Other Gand A": 21054000.0,
        "Gross Profit": 83830000.0,
        "Cost Of Revenue": 18812000.0,
        "Total Revenue": 102642000.0,
        "Operating Revenue": 102642000.0
    },
    "2025-03-31": {
        "Tax Effect Of Unusual Items": 336000.0,
        "Tax Rate For Calcs": 0.21,
        "Normalized EBITDA": 1750000.0,
        "Total Unusual Items": 1600000.0,
        "Total Unusual Items Excluding Goodwill": 1600000.0,
        "Net Income From Continuing Operation Net Minority Interest": 849000.0,
        "Reconciled Depreciation": 3424000.0,
        "Reconciled Cost Of Revenue": 19871000.0,
        "EBITDA": 3350000.0,
        "EBIT": -74000.0,
        "Net Interest Income": 2524000.0,
        "Interest Income": 2524000.0,
        "Normalized Income": -415000.0,
        "Net Income From Continuing And Discontinued Operation": 849000.0,
        "Total Expenses": 105092000.0,
        "Total Operating Income As Reported": -74000.0,
        "Diluted Average Shares": 151078000.0,
        "Basic Average Shares": 147214000.0,
        "Diluted EPS": 0.01,
        "Basic EPS": 0.01,
        "Diluted NI Availto Com Stockholders": 849000.0,
        "Net Income Common Stockholders": 849000.0,
        "Net Income": 849000.0,
        "Minority Interests": 194000.0,
        "Net Income Including Noncontrolling Interests": 655000.0,
        "Net Income Continuous Operations": 655000.0,
        "Tax Provision": 3443000.0,
        "Pretax Income": 4098000.0,
        "Other Income Expense": 1648000.0,
        "Other Non Operating Income Expenses": 48000.0,
        "Special Income Charges": NaN,
        "Restructuring And Mergern Acquisition": NaN,
        "Gain On Sale Of Security": 1600000.0,
        "Net Non Operating Interest Income Expense": 2524000.0,
        "Interest Income Non Operating": 2524000.0,
        "Operating Income": -74000.0,
        "Operating Expense": 85221000.0,
        "Research And Development": 21912000.0,
        "Selling General And Administration": 63309000.0,
        "Selling And Marketing Expense": 41307000.0,
        "General And Administrative Expense": 22002000.0,
        "Other Gand A": 22002000.0,
        "Gross Profit": 85147000.0,
        "Cost Of Revenue": 19871000.0,
        "Total Revenue": 105018000.0,
        "Operating Revenue": 105018000.0
    },
    "2025-06-30": {
        "Tax Effect Of Unusual Items": -46410.0,
        "Tax Rate For Calcs": 0.21,
        "Normalized EBITDA": -1235000.0,
        "Total Unusual Items": -221000.0,
        "Total Unusual Items Excluding Goodwill": -221000.0,
        "Net Income From Continuing Operation Net Minority Interest": -6567000.0,
        "Reconciled Depreciation": 2889000.0,
        "Reconciled Cost Of Revenue": 21110000.0,
        "EBITDA": -1456000.0,
        "EBIT": -4345000.0,
        "Net Interest Income": 2520000.0,
        "Interest Income": 2520000.0,
        "Normalized Income": -6392410.0,
        "Net Income From Continuing And Discontinued Operation": -6567000.0,
        "Total Expenses": 113237000.0,
        "Total Operating Income As Reported": -4345000.0,
        "Diluted Average Shares": 148311000.0,
        "Basic Average Shares": 148311000.0,
        "Diluted EPS": -0.04,
        "Basic EPS": -0.04,
        "Diluted NI Availto Com Stockholders": -6567000.0,
        "Net Income Common Stockholders": -6567000.0,
        "Net Income": -6567000.0,
        "Minority Interests": 210000.0,
        "Net Income Including Noncontrolling Interests": -6777000.0,
        "Net Income Continuous Operations": -6777000.0,
        "Tax Provision": 4719000.0,
        "Pretax Income": -2058000.0,
        "Other Income Expense": -233000.0,
        "Other Non Operating Income Expenses": -12000.0,
        "Special Income Charges": NaN,
        "Restructuring And Mergern Acquisition": NaN,
        "Gain On Sale Of Security": -221000.0,
        "Net Non Operating Interest Income Expense": 2520000.0,
        "Interest Income Non Operating": 2520000.0,
        "Operating Income": -4345000.0,
        "Operating Expense": 92127000.0,
        "Research And Development": 23801000.0,
        "Selling General And Administration": 68326000.0,
        "Selling And Marketing Expense": 45011000.0,
        "General And Administrative Expense": 23315000.0,
        "Other Gand A": 23315000.0,
        "Gross Profit": 87782000.0,
        "Cost Of Revenue": 21110000.0,
        "Total Revenue": 108892000.0,
        "Operating Revenue": 108892000.0
    }
}