{
    "2023-06-30": {
        "Tax Effect Of Unusual Items": 0.0,
        "Tax Rate For Calcs": 0.259,
        "Net Income From Continuing Operation Net Minority Interest": 134352000.0,
        "Reconciled Depreciation": 18448000.0,
        "Net Interest Income": 291680000.0,
        "Interest Expense": 191090000.0,
        "Interest Income": 482770000.0,
        "Normalized Income": 134352000.0,
        "Net Income From Continuing And Discontinued Operation": 134352000.0,
        "Diluted Average Shares": 113864000.0,
        "Basic Average Shares": 107944000.0,
        "Diluted EPS": 1.1,
        "Basic EPS": 1.16,
        "Diluted NI Availto Com Stockholders": 125032000.0,
        "Net Income Common Stockholders": 125032000.0,
        "Preferred Stock Dividends": 9320000.0,
        "Net Income": 134352000.0,
        "Net Income Including Noncontrolling Interests": 134352000.0,
        "Net Income Continuous Operations": 134352000.0,
        "Tax Provision": 47033000.0,
        "Pretax Income": 181385000.0,
        "Gain On Sale Of Security": 0.0,
        "Selling General And Administration": 615667000.0,
        "General And Administrative Expense": 615667000.0,
        "Salaries And Wages": 615667000.0,
        "Total Revenue": 1036609000.0,
        "Operating Revenue": 1036609000.0,
        "Occupancy And Equipment": 84604000.0,
        "Other Non Interest Expense": 147129000.0
    },
    "2023-03-31": {
        "Tax Effect Of Unusual Items": 0.0,
        "Tax Rate For Calcs": 0.249,
        "Net Income From Continuing Operation Net Minority Interest": 157539000.0,
        "Reconciled Depreciation": 19513000.0,
        "Net Interest Income": 296566000.0,
        "Interest Expense": 154998000.0,
        "Interest Income": 451564000.0,
        "Normalized Income": 157539000.0,
        "Net Income From Continuing And Discontinued Operation": 157539000.0,
        "Diluted Average Shares": 115390000.0,
        "Basic Average Shares": 108754000.0,
        "Diluted EPS": 1.28,
        "Basic EPS": 1.36,
        "Diluted NI Availto Com Stockholders": 148219000.0,
        "Net Income Common Stockholders": 148219000.0,
        "Preferred Stock Dividends": 9320000.0,
        "Net Income": 157539000.0,
        "Net Income Including Noncontrolling Interests": 157539000.0,
        "Net Income Continuous Operations": 157539000.0,
        "Tax Provision": 52344000.0,
        "Pretax Income": 209883000.0,
        "Gain On Sale Of Security": 0.0,
        "Selling General And Administration": 651190000.0,
        "General And Administrative Expense": 651190000.0,
        "Salaries And Wages": 651190000.0,
        "Total Revenue": 1092353000.0,
        "Operating Revenue": 1092353000.0,
        "Occupancy And Equipment": 82140000.0,
        "Other Non Interest Expense": 144220000.0
    },
    "2022-12-31": {
        "Tax Effect Of Unusual Items": 0.0,
        "Tax Rate For Calcs": 0.244231,
        "Net Income From Continuing Operation Net Minority Interest": 176621000.0,
        "Reconciled Depreciation": 18994000.0,
        "Net Interest Income": 301891000.0,
        "Interest Expense": 114840000.0,
        "Interest Income": 416731000.0,
        "Normalized Income": 176621000.0,
        "Net Income From Continuing And Discontinued Operation": 176621000.0,
        "Diluted Average Shares": 117223000.0,
        "Basic Average Shares": 108344000.0,
        "Diluted EPS": 1.43,
        "Basic EPS": 1.54,
        "Diluted NI Availto Com Stockholders": 167301000.0,
        "Net Income Common Stockholders": 167301000.0,
        "Preferred Stock Dividends": 9320000.0,
        "Net Income": 176621000.0,
        "Net Income Including Noncontrolling Interests": 176621000.0,
        "Net Income Continuous Operations": 176621000.0,
        "Tax Provision": 57076000.0,
        "Pretax Income": 233697000.0,
        "Gain On Sale Of Security": 0.0,
        "Selling General And Administration": 647962000.0,
        "General And Administrative Expense": 647962000.0,
        "Salaries And Wages": 647962000.0,
        "Total Revenue": 1116287000.0,
        "Operating Revenue": 1116287000.0
    },
    "2022-09-30": {
        "Tax Effect Of Unusual Items": 0.0,
        "Tax Rate For Calcs": 0.265,
        "Net Income From Continuing Operation Net Minority Interest": 151169000.0,
        "Reconciled Depreciation": 16865000.0,
        "Net Interest Income": 244400000.0,
        "Interest Expense": 59800000.0,
        "Interest Income": 304200000.0,
        "Normalized Income": 151169000.0,
        "Net Income From Continuing And Discontinued Operation": 151169000.0,
        "Diluted Average Shares": 117218000.0,
        "Basic Average Shares": 108767000.0,
        "Diluted EPS": 1.21,
        "Basic EPS": 1.3,
        "Diluted NI Availto Com Stockholders": 141849000.0,
        "Net Income Common Stockholders": 141849000.0,
        "Preferred Stock Dividends": 9320000.0,
        "Net Income": 151169000.0,
        "Net Income Including Noncontrolling Interests": 151169000.0,
        "Net Income Continuous Operations": 151169000.0,
        "Tax Provision": 54600000.0,
        "Pretax Income": 205769000.0,
        "Gain On Sale Of Security": 0.0,
        "Selling General And Administration": 611870000.0,
        "General And Administrative Expense": 611870000.0,
        "Other Gand A": 43825000.0,
        "Salaries And Wages": 611870000.0,
        "Total Revenue": 1030672000.0,
        "Operating Revenue": 1030672000.0
    },
    "2022-06-30": {
        "Tax Effect Of Unusual Items": 0.0,
        "Tax Rate For Calcs": 0.264,
        "Net Income From Continuing Operation Net Minority Interest": 173174000.0,
        "Reconciled Depreciation": 17582000.0,
        "Net Interest Income": 195500000.0,
        "Interest Expense": 17300000.0,
        "Interest Income": 212800000.0,
        "Normalized Income": 173174000.0,
        "Net Income From Continuing And Discontinued Operation": 173174000.0,
        "Diluted Average Shares": 117400000.0,
        "Basic Average Shares": 109083000.0,
        "Diluted EPS": 1.29,
        "Basic EPS": 1.39,
        "Diluted NI Availto Com Stockholders": 163853000.0,
        "Net Income Common Stockholders": 163853000.0,
        "Preferred Stock Dividends": 9321000.0,
        "Net Income": 173174000.0,
        "Net Income Including Noncontrolling Interests": 173174000.0,
        "Net Income Continuous Operations": 173174000.0,
        "Tax Provision": 62158000.0,
        "Pretax Income": 235332000.0,
        "Gain On Sale Of Security": 0.0,
        "Selling General And Administration": 643535000.0,
        "General And Administrative Expense": 643535000.0,
        "Other Gand A": 43621000.0,
        "Salaries And Wages": 643535000.0,
        "Total Revenue": 1093100000.0,
        "Operating Revenue": 1093100000.0
    },
    "2023-09-30": {
        "Tax Effect Of Unusual Items": NaN,
        "Tax Rate For Calcs": NaN,
        "Net Income From Continuing Operation Net Minority Interest": NaN,
        "Reconciled Depreciation": NaN,
        "Net Interest Income": NaN,
        "Interest Expense": NaN,
        "Interest Income": NaN,
        "Normalized Income": NaN,
        "Net Income From Continuing And Discontinued Operation": NaN,
        "Diluted Average Shares": 113195000.0,
        "Basic Average Shares": 106068000.0,
        "Diluted EPS": 0.52,
        "Basic EPS": 0.55,
        "Diluted NI Availto Com Stockholders": NaN,
        "Net Income Common Stockholders": NaN,
        "Preferred Stock Dividends": NaN,
        "Net Income": NaN,
        "Net Income Including Noncontrolling Interests": NaN,
        "Net Income Continuous Operations": NaN,
        "Tax Provision": NaN,
        "Pretax Income": NaN,
        "Gain On Sale Of Security": NaN,
        "Selling General And Administration": NaN,
        "General And Administrative Expense": NaN,
        "Salaries And Wages": NaN,
        "Total Revenue": NaN,
        "Operating Revenue": NaN,
        "Occupancy And Equipment": NaN,
        "Other Non Interest Expense": NaN
    },
    "2023-12-31": {
        "Tax Effect Of Unusual Items": 0.0,
        "Tax Rate For Calcs": 0.211224,
        "Net Income From Continuing Operation Net Minority Interest": 162484000.0,
        "Reconciled Depreciation": 24466000.0,
        "Net Interest Income": 272501000.0,
        "Interest Expense": 243712000.0,
        "Interest Income": 516213000.0,
        "Normalized Income": 162484000.0,
        "Net Income From Continuing And Discontinued Operation": 162484000.0,
        "Diluted Average Shares": 111330000.0,
        "Basic Average Shares": 103934000.0,
        "Diluted EPS": 1.38,
        "Basic EPS": 1.47,
        "Diluted NI Availto Com Stockholders": 153164000.0,
        "Net Income Common Stockholders": 153164000.0,
        "Preferred Stock Dividends": 9320000.0,
        "Net Income": 162484000.0,
        "Net Income Including Noncontrolling Interests": 162484000.0,
        "Net Income Continuous Operations": 162484000.0,
        "Tax Provision": 43511000.0,
        "Pretax Income": 205995000.0,
        "Gain On Sale Of Security": 0.0,
        "Selling General And Administration": 674437000.0,
        "General And Administrative Expense": 674437000.0,
        "Salaries And Wages": 674437000.0,
        "Total Revenue": 1131000000.0,
        "Operating Revenue": 1131000000.0,
        "Occupancy And Equipment": 88182000.0,
        "Other Non Interest Expense": 160123000.0
    },
    "2024-03-31": {
        "Tax Effect Of Unusual Items": 0.0,
        "Tax Rate For Calcs": 0.252,
        "Net Income From Continuing Operation Net Minority Interest": 163575000.0,
        "Reconciled Depreciation": 21507000.0,
        "Net Interest Income": 252173000.0,
        "Interest Expense": 254655000.0,
        "Interest Income": 506828000.0,
        "Normalized Income": 163575000.0,
        "Net Income From Continuing And Discontinued Operation": 163575000.0,
        "Diluted Average Shares": 109985000.0,
        "Basic Average Shares": 104275000.0,
        "Diluted EPS": 1.4,
        "Basic EPS": 1.48,
        "Diluted NI Availto Com Stockholders": 154255000.0,
        "Net Income Common Stockholders": 154255000.0,
        "Preferred Stock Dividends": 9320000.0,
        "Net Income": 163575000.0,
        "Net Income Including Noncontrolling Interests": 163575000.0,
        "Net Income Continuous Operations": 163575000.0,
        "Tax Provision": 55116000.0,
        "Pretax Income": 218691000.0,
        "Gain On Sale Of Security": 0.0,
        "Selling General And Administration": 679695000.0,
        "General And Administrative Expense": 679695000.0,
        "Salaries And Wages": 679695000.0,
        "Total Revenue": 1147271000.0,
        "Operating Revenue": 1147271000.0,
        "Occupancy And Equipment": 88712000.0,
        "Other Non Interest Expense": 154905000.0
    },
    "2024-06-30": {
        "Tax Effect Of Unusual Items": 0.0,
        "Tax Rate For Calcs": 0.271,
        "Net Income From Continuing Operation Net Minority Interest": 165294000.0,
        "Reconciled Depreciation": 22703000.0,
        "Net Interest Income": 250823000.0,
        "Interest Expense": 247329000.0,
        "Interest Income": 498152000.0,
        "Normalized Income": 165294000.0,
        "Net Income From Continuing And Discontinued Operation": 165294000.0,
        "Diluted Average Shares": 110285000.0,
        "Basic Average Shares": 104150000.0,
        "Diluted EPS": 1.41,
        "Basic EPS": 1.5,
        "Diluted NI Availto Com Stockholders": 155973000.0,
        "Net Income Common Stockholders": 155973000.0,
        "Preferred Stock Dividends": 9321000.0,
        "Net Income": 165294000.0,
        "Net Income Including Noncontrolling Interests": 165294000.0,
        "Net Income Continuous Operations": 165294000.0,
        "Tax Provision": 61600000.0,
        "Pretax Income": 226894000.0,
        "Gain On Sale Of Security": 0.0,
        "Selling General And Administration": 722719000.0,
        "General And Administrative Expense": 722719000.0,
        "Salaries And Wages": 722719000.0,
        "Total Revenue": 1203549000.0,
        "Operating Revenue": 1203549000.0,
        "Occupancy And Equipment": 89852000.0,
        "Other Non Interest Expense": 161130000.0
    },
    "2024-09-30": {
        "Tax Effect Of Unusual Items": 0.0,
        "Tax Rate For Calcs": 0.268,
        "Net Income From Continuing Operation Net Minority Interest": 158505000.0,
        "Reconciled Depreciation": 20987000.0,
        "Net Interest Income": 259631000.0,
        "Interest Expense": 251192000.0,
        "Interest Income": 510823000.0,
        "Normalized Income": 158505000.0,
        "Net Income From Continuing And Discontinued Operation": 158505000.0,
        "Diluted Average Shares": 110994000.0,
        "Basic Average Shares": 103966000.0,
        "Diluted EPS": 1.34,
        "Basic EPS": 1.43,
        "Diluted NI Availto Com Stockholders": 149185000.0,
        "Net Income Common Stockholders": 149185000.0,
        "Preferred Stock Dividends": 9320000.0,
        "Net Income": 158505000.0,
        "Net Income Including Noncontrolling Interests": 158505000.0,
        "Net Income Continuous Operations": 158505000.0,
        "Tax Provision": 58153000.0,
        "Pretax Income": 216658000.0,
        "Gain On Sale Of Security": 0.0,
        "Selling General And Administration": 718065000.0,
        "General And Administrative Expense": 718065000.0,
        "Salaries And Wages": 718065000.0,
        "Total Revenue": 1208429000.0,
        "Operating Revenue": 1208429000.0,
        "Occupancy And Equipment": 89625000.0,
        "Other Non Interest Expense": 178794000.0
    },
    "2024-12-31": {
        "Tax Effect Of Unusual Items": 0.0,
        "Tax Rate For Calcs": 0.083381,
        "Net Income From Continuing Operation Net Minority Interest": 244005000.0,
        "Reconciled Depreciation": 20769000.0,
        "Net Interest Income": 272471000.0,
        "Interest Expense": 228190000.0,
        "Interest Income": 500661000.0,
        "Normalized Income": 244005000.0,
        "Net Income From Continuing And Discontinued Operation": 244005000.0,
        "Diluted Average Shares": NaN,
        "Basic Average Shares": NaN,
        "Diluted EPS": NaN,
        "Basic EPS": NaN,
        "Diluted NI Availto Com Stockholders": 234685000.0,
        "Net Income Common Stockholders": 234685000.0,
        "Preferred Stock Dividends": 9320000.0,
        "Net Income": 244005000.0,
        "Net Income Including Noncontrolling Interests": 244005000.0,
        "Net Income Continuous Operations": 244005000.0,
        "Tax Provision": 22196000.0,
        "Pretax Income": 266201000.0,
        "Gain On Sale Of Security": 0.0,
        "Selling General And Administration": 795750000.0,
        "General And Administrative Expense": 795750000.0,
        "Salaries And Wages": 795750000.0,
        "Total Revenue": 1348248000.0,
        "Operating Revenue": 1348248000.0,
        "Occupancy And Equipment": 94213000.0,
        "Other Non Interest Expense": 180191000.0
    }
}