{
    "2023-06-30": {
        "Tax Effect Of Unusual Items": NaN,
        "Tax Rate For Calcs": NaN,
        "Total Unusual Items": NaN,
        "Total Unusual Items Excluding Goodwill": NaN,
        "Net Income From Continuing Operation Net Minority Interest": NaN,
        "Reconciled Depreciation": NaN,
        "Net Interest Income": NaN,
        "Interest Expense": NaN,
        "Interest Income": NaN,
        "Normalized Income": NaN,
        "Net Income From Continuing And Discontinued Operation": NaN,
        "Diluted Average Shares": NaN,
        "Basic Average Shares": NaN,
        "Diluted EPS": NaN,
        "Basic EPS": NaN,
        "Diluted NI Availto Com Stockholders": NaN,
        "Average Dilution Earnings": 0.0,
        "Net Income Common Stockholders": NaN,
        "Otherunder Preferred Stock Dividend": 18000.0,
        "Net Income": NaN,
        "Net Income Including Noncontrolling Interests": NaN,
        "Net Income Continuous Operations": NaN,
        "Tax Provision": NaN,
        "Pretax Income": NaN,
        "Selling General And Administration": NaN,
        "General And Administrative Expense": NaN,
        "Other Gand A": NaN,
        "Salaries And Wages": NaN,
        "Total Revenue": NaN,
        "Operating Revenue": NaN,
        "Occupancy And Equipment": NaN,
        "Other Non Interest Expense": NaN
    },
    "2023-03-31": {
        "Tax Effect Of Unusual Items": NaN,
        "Tax Rate For Calcs": NaN,
        "Total Unusual Items": NaN,
        "Total Unusual Items Excluding Goodwill": NaN,
        "Net Income From Continuing Operation Net Minority Interest": NaN,
        "Reconciled Depreciation": NaN,
        "Net Interest Income": NaN,
        "Interest Expense": NaN,
        "Interest Income": NaN,
        "Normalized Income": NaN,
        "Net Income From Continuing And Discontinued Operation": NaN,
        "Diluted Average Shares": NaN,
        "Basic Average Shares": NaN,
        "Diluted EPS": NaN,
        "Basic EPS": NaN,
        "Diluted NI Availto Com Stockholders": NaN,
        "Average Dilution Earnings": 0.0,
        "Net Income Common Stockholders": NaN,
        "Otherunder Preferred Stock Dividend": 14000.0,
        "Net Income": NaN,
        "Net Income Including Noncontrolling Interests": NaN,
        "Net Income Continuous Operations": NaN,
        "Tax Provision": NaN,
        "Pretax Income": NaN,
        "Selling General And Administration": NaN,
        "General And Administrative Expense": NaN,
        "Other Gand A": NaN,
        "Salaries And Wages": NaN,
        "Total Revenue": NaN,
        "Operating Revenue": NaN,
        "Occupancy And Equipment": NaN,
        "Other Non Interest Expense": NaN
    },
    "2022-12-31": {
        "Tax Effect Of Unusual Items": 0.0,
        "Tax Rate For Calcs": 0.15569,
        "Net Income From Continuing Operation Net Minority Interest": 2923000.0,
        "Reconciled Depreciation": 568000.0,
        "Net Interest Income": 9688000.0,
        "Interest Expense": 2132000.0,
        "Interest Income": 11820000.0,
        "Normalized Income": 2923000.0,
        "Net Income From Continuing And Discontinued Operation": 2923000.0,
        "Diluted Average Shares": 2600905.0,
        "Basic Average Shares": 2565407.0,
        "Diluted EPS": 1.12,
        "Basic EPS": 1.13,
        "Diluted NI Availto Com Stockholders": 2862000.0,
        "Average Dilution Earnings": NaN,
        "Net Income Common Stockholders": 2862000.0,
        "Otherunder Preferred Stock Dividend": NaN,
        "Net Income": 2923000.0,
        "Net Income Including Noncontrolling Interests": 2923000.0,
        "Net Income Continuous Operations": 2923000.0,
        "Tax Provision": 539000.0,
        "Pretax Income": 3462000.0,
        "Selling General And Administration": -89000.0,
        "General And Administrative Expense": -89000.0,
        "Other Gand A": NaN,
        "Salaries And Wages": 4234000.0,
        "Total Revenue": 10706000.0,
        "Operating Revenue": 10706000.0
    },
    "2022-09-30": {
        "Tax Effect Of Unusual Items": NaN,
        "Tax Rate For Calcs": NaN,
        "Net Income From Continuing Operation Net Minority Interest": NaN,
        "Reconciled Depreciation": NaN,
        "Net Interest Income": NaN,
        "Interest Expense": NaN,
        "Interest Income": NaN,
        "Normalized Income": NaN,
        "Net Income From Continuing And Discontinued Operation": NaN,
        "Diluted Average Shares": NaN,
        "Basic Average Shares": NaN,
        "Diluted EPS": NaN,
        "Basic EPS": NaN,
        "Diluted NI Availto Com Stockholders": NaN,
        "Average Dilution Earnings": NaN,
        "Net Income Common Stockholders": NaN,
        "Otherunder Preferred Stock Dividend": NaN,
        "Net Income": NaN,
        "Net Income Including Noncontrolling Interests": NaN,
        "Net Income Continuous Operations": NaN,
        "Tax Provision": NaN,
        "Pretax Income": NaN,
        "Selling General And Administration": NaN,
        "General And Administrative Expense": NaN,
        "Other Gand A": 1610000.0,
        "Salaries And Wages": NaN,
        "Total Revenue": NaN,
        "Operating Revenue": NaN
    },
    "2022-06-30": {
        "Tax Effect Of Unusual Items": 0.0,
        "Tax Rate For Calcs": 0.202175,
        "Net Income From Continuing Operation Net Minority Interest": 1614000.0,
        "Reconciled Depreciation": 410000.0,
        "Net Interest Income": 8392000.0,
        "Interest Expense": 594000.0,
        "Interest Income": 8986000.0,
        "Normalized Income": 1614000.0,
        "Net Income From Continuing And Discontinued Operation": 1614000.0,
        "Diluted Average Shares": 2615299.0,
        "Basic Average Shares": 2584179.0,
        "Diluted EPS": 0.61,
        "Basic EPS": 0.62,
        "Diluted NI Availto Com Stockholders": 1614000.0,
        "Average Dilution Earnings": NaN,
        "Net Income Common Stockholders": 1614000.0,
        "Otherunder Preferred Stock Dividend": NaN,
        "Net Income": 1614000.0,
        "Net Income Including Noncontrolling Interests": 1614000.0,
        "Net Income Continuous Operations": 1614000.0,
        "Tax Provision": 409000.0,
        "Pretax Income": 2023000.0,
        "Selling General And Administration": 6345000.0,
        "General And Administrative Expense": 6345000.0,
        "Other Gand A": 2376000.0,
        "Salaries And Wages": 3969000.0,
        "Total Revenue": 9407000.0,
        "Operating Revenue": 9407000.0
    },
    "2022-03-31": {
        "Diluted EPS": 0.65,
        "Total Revenue": 10,
        "Gross Profit": 9,
        "Operating Income": 2,
        "EBIT": NaN,
        "Net Income": 2
    },
    "2021-12-31": {
        "Diluted EPS": 0.7,
        "Total Revenue": 10,
        "Gross Profit": 9,
        "Operating Income": 2,
        "EBIT": NaN,
        "Net Income": 2
    },
    "2021-09-30": {
        "Diluted EPS": 0.98,
        "Total Revenue": 11,
        "Gross Profit": 10,
        "Operating Income": 3,
        "EBIT": NaN,
        "Net Income": 3
    },
    "2021-06-30": {
        "Diluted EPS": 0.85,
        "Total Revenue": 10,
        "Gross Profit": 9,
        "Operating Income": 3,
        "EBIT": NaN,
        "Net Income": 2
    },
    "2021-03-31": {
        "Diluted EPS": 0.93,
        "Total Revenue": 11,
        "Gross Profit": 9,
        "Operating Income": 3,
        "EBIT": NaN,
        "Net Income": 2
    },
    "2020-12-31": {
        "Diluted EPS": 1.32,
        "Total Revenue": 12,
        "Gross Profit": 10,
        "Operating Income": 5,
        "EBIT": NaN,
        "Net Income": 3
    },
    "2020-09-30": {
        "Diluted EPS": 0.9,
        "Total Revenue": 11,
        "Gross Profit": 9,
        "Operating Income": 3,
        "EBIT": NaN,
        "Net Income": 2
    },
    "2020-06-30": {
        "Diluted EPS": 0.82,
        "Total Revenue": 10,
        "Gross Profit": 8,
        "Operating Income": 3,
        "EBIT": NaN,
        "Net Income": 2
    },
    "2020-03-31": {
        "Diluted EPS": 0.38,
        "Total Revenue": 9,
        "Gross Profit": 7,
        "Operating Income": 1,
        "EBIT": NaN,
        "Net Income": 1
    },
    "2019-12-31": {
        "Diluted EPS": 0.7,
        "Total Revenue": 10,
        "Gross Profit": 8,
        "Operating Income": 2,
        "EBIT": NaN,
        "Net Income": 2
    },
    "2019-09-30": {
        "Diluted EPS": 0.6,
        "Total Revenue": 10,
        "Gross Profit": 8,
        "Operating Income": 2,
        "EBIT": NaN,
        "Net Income": 2
    },
    "2019-06-30": {
        "Diluted EPS": 0.71,
        "Total Revenue": 9,
        "Gross Profit": 7,
        "Operating Income": 2,
        "EBIT": NaN,
        "Net Income": 2
    },
    "2019-03-31": {
        "Diluted EPS": 0.56,
        "Total Revenue": 10,
        "Gross Profit": 8,
        "Operating Income": 2,
        "EBIT": NaN,
        "Net Income": 1
    },
    "2018-12-31": {
        "Diluted EPS": 0.63,
        "Total Revenue": 10,
        "Gross Profit": 8,
        "Operating Income": 2,
        "EBIT": NaN,
        "Net Income": 2
    },
    "2018-09-30": {
        "Diluted EPS": 0.71,
        "Total Revenue": 10,
        "Gross Profit": 8,
        "Operating Income": 2,
        "EBIT": NaN,
        "Net Income": 2
    },
    "2018-06-30": {
        "Diluted EPS": 0.77,
        "Total Revenue": 9,
        "Gross Profit": 8,
        "Operating Income": 2,
        "EBIT": NaN,
        "Net Income": 2
    },
    "2018-03-31": {
        "Diluted EPS": 0.63,
        "Total Revenue": 9,
        "Gross Profit": 8,
        "Operating Income": 2,
        "EBIT": NaN,
        "Net Income": 2
    },
    "2017-12-31": {
        "Diluted EPS": 0.48,
        "Total Revenue": 8,
        "Gross Profit": 7,
        "Operating Income": 2,
        "EBIT": NaN,
        "Net Income": 1
    },
    "2017-09-30": {
        "Diluted EPS": 0.48,
        "Total Revenue": 8,
        "Gross Profit": 7,
        "Operating Income": 2,
        "EBIT": NaN,
        "Net Income": 1
    },
    "2017-06-30": {
        "Diluted EPS": 0.5,
        "Total Revenue": 8,
        "Gross Profit": 7,
        "Operating Income": 2,
        "EBIT": NaN,
        "Net Income": 1
    },
    "2017-03-31": {
        "Diluted EPS": 0.54,
        "Total Revenue": 8,
        "Gross Profit": 7,
        "Operating Income": 2,
        "EBIT": NaN,
        "Net Income": 1
    },
    "2016-12-31": {
        "Diluted EPS": 0.6,
        "Total Revenue": 8,
        "Gross Profit": 7,
        "Operating Income": 2,
        "EBIT": NaN,
        "Net Income": 2
    },
    "2016-09-30": {
        "Diluted EPS": 0.57,
        "Total Revenue": 8,
        "Gross Profit": 7,
        "Operating Income": 2,
        "EBIT": NaN,
        "Net Income": 1
    },
    "2016-06-30": {
        "Diluted EPS": 0.49,
        "Total Revenue": 7,
        "Gross Profit": 7,
        "Operating Income": 2,
        "EBIT": NaN,
        "Net Income": 1
    },
    "2016-03-31": {
        "Diluted EPS": 0.43,
        "Total Revenue": 7,
        "Gross Profit": 6,
        "Operating Income": 2,
        "EBIT": NaN,
        "Net Income": 1
    },
    "2015-12-31": {
        "Diluted EPS": 0.48,
        "Total Revenue": 7,
        "Gross Profit": 7,
        "Operating Income": 2,
        "EBIT": NaN,
        "Net Income": 1
    },
    "2015-09-30": {
        "Diluted EPS": 0.44,
        "Total Revenue": 7,
        "Gross Profit": 6,
        "Operating Income": 2,
        "EBIT": NaN,
        "Net Income": 1
    },
    "2015-06-30": {
        "Diluted EPS": 0.48,
        "Total Revenue": 7,
        "Gross Profit": 6,
        "Operating Income": 2,
        "EBIT": NaN,
        "Net Income": 1
    },
    "2015-03-31": {
        "Diluted EPS": 0.46,
        "Total Revenue": 7,
        "Gross Profit": 6,
        "Operating Income": 2,
        "EBIT": NaN,
        "Net Income": 1
    },
    "2014-12-31": {
        "Diluted EPS": 0.31,
        "Total Revenue": 7,
        "Gross Profit": 6,
        "Operating Income": 2,
        "EBIT": NaN,
        "Net Income": 1
    },
    "2014-09-30": {
        "Diluted EPS": 0.47,
        "Total Revenue": 7,
        "Gross Profit": 6,
        "Operating Income": 2,
        "EBIT": NaN,
        "Net Income": 1
    },
    "2014-06-30": {
        "Diluted EPS": 0.47,
        "Total Revenue": 6,
        "Gross Profit": 6,
        "Operating Income": 2,
        "EBIT": NaN,
        "Net Income": 1
    },
    "2014-03-31": {
        "Diluted EPS": 0.38,
        "Total Revenue": 6,
        "Gross Profit": 5,
        "Operating Income": 1,
        "EBIT": NaN,
        "Net Income": 1
    },
    "2013-12-31": {
        "Diluted EPS": 0.38,
        "Total Revenue": 6,
        "Gross Profit": 6,
        "Operating Income": 1,
        "EBIT": NaN,
        "Net Income": 1
    },
    "2013-09-30": {
        "Diluted EPS": 0.38,
        "Total Revenue": 6,
        "Gross Profit": 5,
        "Operating Income": 1,
        "EBIT": NaN,
        "Net Income": 1
    },
    "2013-06-30": {
        "Diluted EPS": 0.43,
        "Total Revenue": 6,
        "Gross Profit": 6,
        "Operating Income": 2,
        "EBIT": NaN,
        "Net Income": 1
    },
    "2013-03-31": {
        "Diluted EPS": 0.3,
        "Total Revenue": 6,
        "Gross Profit": 5,
        "Operating Income": 1,
        "EBIT": NaN,
        "Net Income": 1
    },
    "2012-12-31": {
        "Diluted EPS": 0.34,
        "Total Revenue": 6,
        "Gross Profit": 6,
        "Operating Income": 1,
        "EBIT": NaN,
        "Net Income": 1
    },
    "2012-09-30": {
        "Diluted EPS": 0.23,
        "Total Revenue": 6,
        "Gross Profit": 5,
        "Operating Income": 1,
        "EBIT": NaN,
        "Net Income": 1
    },
    "2012-06-30": {
        "Diluted EPS": 0.22,
        "Total Revenue": 5,
        "Gross Profit": 5,
        "Operating Income": 1,
        "EBIT": NaN,
        "Net Income": 1
    },
    "2012-03-31": {
        "Diluted EPS": 0.21,
        "Total Revenue": 6,
        "Gross Profit": 5,
        "Operating Income": 1,
        "EBIT": NaN,
        "Net Income": 1
    },
    "2011-12-31": {
        "Diluted EPS": 0.19,
        "Total Revenue": 5,
        "Gross Profit": 5,
        "Operating Income": 1,
        "EBIT": NaN,
        "Net Income": 0
    },
    "2011-09-30": {
        "Diluted EPS": 0.07,
        "Total Revenue": 5,
        "Gross Profit": 4,
        "Operating Income": 0,
        "EBIT": NaN,
        "Net Income": 0
    },
    "2011-06-30": {
        "Diluted EPS": 0.16,
        "Total Revenue": 6,
        "Gross Profit": 5,
        "Operating Income": 1,
        "EBIT": NaN,
        "Net Income": 0
    },
    "2011-03-31": {
        "Diluted EPS": 0.17,
        "Total Revenue": 5,
        "Gross Profit": 5,
        "Operating Income": 1,
        "EBIT": NaN,
        "Net Income": 0
    },
    "2010-12-31": {
        "Diluted EPS": 0.19,
        "Total Revenue": 6,
        "Gross Profit": 5,
        "Operating Income": 1,
        "EBIT": NaN,
        "Net Income": 1
    },
    "2010-09-30": {
        "Diluted EPS": 0.14,
        "Total Revenue": 6,
        "Gross Profit": 5,
        "Operating Income": 1,
        "EBIT": NaN,
        "Net Income": 0
    },
    "2010-06-30": {
        "Diluted EPS": 0.1,
        "Total Revenue": 5,
        "Gross Profit": 4,
        "Operating Income": 0,
        "EBIT": NaN,
        "Net Income": 0
    },
    "2010-03-31": {
        "Diluted EPS": 0.02,
        "Total Revenue": 6,
        "Gross Profit": 5,
        "Operating Income": 0,
        "EBIT": NaN,
        "Net Income": 0
    },
    "2009-12-31": {
        "Diluted EPS": -0.16,
        "Total Revenue": 7,
        "Gross Profit": 5,
        "Operating Income": 0,
        "EBIT": NaN,
        "Net Income": 0
    },
    "2009-09-30": {
        "Diluted EPS": 0.03,
        "Total Revenue": 6,
        "Gross Profit": 4,
        "Operating Income": 0,
        "EBIT": NaN,
        "Net Income": 0
    },
    "2009-06-30": {
        "Diluted EPS": -0.11,
        "Total Revenue": 5,
        "Gross Profit": 3,
        "Operating Income": 0,
        "EBIT": NaN,
        "Net Income": 0
    },
    "2009-03-31": {
        "Diluted EPS": 0.03,
        "Total Revenue": 5,
        "Gross Profit": 3,
        "Operating Income": 0,
        "EBIT": NaN,
        "Net Income": 0
    },
    "2023-09-30": {
        "Tax Effect Of Unusual Items": NaN,
        "Tax Rate For Calcs": NaN,
        "Total Unusual Items": NaN,
        "Total Unusual Items Excluding Goodwill": NaN,
        "Net Income From Continuing Operation Net Minority Interest": NaN,
        "Reconciled Depreciation": NaN,
        "Net Interest Income": NaN,
        "Interest Expense": NaN,
        "Interest Income": NaN,
        "Normalized Income": NaN,
        "Net Income From Continuing And Discontinued Operation": NaN,
        "Diluted Average Shares": NaN,
        "Basic Average Shares": NaN,
        "Diluted EPS": NaN,
        "Basic EPS": NaN,
        "Diluted NI Availto Com Stockholders": NaN,
        "Average Dilution Earnings": NaN,
        "Net Income Common Stockholders": NaN,
        "Otherunder Preferred Stock Dividend": NaN,
        "Net Income": NaN,
        "Net Income Including Noncontrolling Interests": NaN,
        "Net Income Continuous Operations": NaN,
        "Tax Provision": NaN,
        "Pretax Income": NaN,
        "Selling General And Administration": NaN,
        "General And Administrative Expense": NaN,
        "Other Gand A": 1625000.0,
        "Salaries And Wages": NaN,
        "Total Revenue": NaN,
        "Operating Revenue": NaN,
        "Occupancy And Equipment": NaN,
        "Other Non Interest Expense": NaN
    },
    "2023-12-31": {
        "Tax Effect Of Unusual Items": 0.0,
        "Tax Rate For Calcs": 0.104952,
        "Total Unusual Items": 0.0,
        "Total Unusual Items Excluding Goodwill": 0.0,
        "Net Income From Continuing Operation Net Minority Interest": 1211000.0,
        "Reconciled Depreciation": 419000.0,
        "Net Interest Income": 7567000.0,
        "Interest Expense": 5769000.0,
        "Interest Income": 13336000.0,
        "Normalized Income": 1211000.0,
        "Net Income From Continuing And Discontinued Operation": 1211000.0,
        "Diluted Average Shares": 2560656.0,
        "Basic Average Shares": 2542175.0,
        "Diluted EPS": 0.47,
        "Basic EPS": 0.47,
        "Diluted NI Availto Com Stockholders": 1164000.0,
        "Average Dilution Earnings": NaN,
        "Net Income Common Stockholders": 1164000.0,
        "Otherunder Preferred Stock Dividend": NaN,
        "Net Income": 1211000.0,
        "Net Income Including Noncontrolling Interests": 1211000.0,
        "Net Income Continuous Operations": 1211000.0,
        "Tax Provision": 142000.0,
        "Pretax Income": 1353000.0,
        "Selling General And Administration": 3802000.0,
        "General And Administrative Expense": 3802000.0,
        "Other Gand A": NaN,
        "Salaries And Wages": 3802000.0,
        "Total Revenue": 8633000.0,
        "Operating Revenue": 8633000.0,
        "Occupancy And Equipment": 458000.0,
        "Other Non Interest Expense": 3047000.0
    },
    "2024-03-31": {
        "Tax Effect Of Unusual Items": -1048.231511,
        "Tax Rate For Calcs": 0.174705,
        "Total Unusual Items": -6000.0,
        "Total Unusual Items Excluding Goodwill": -6000.0,
        "Net Income From Continuing Operation Net Minority Interest": 770000.0,
        "Reconciled Depreciation": 415000.0,
        "Net Interest Income": 7460000.0,
        "Interest Expense": 6300000.0,
        "Interest Income": 13760000.0,
        "Normalized Income": 774951.768489,
        "Net Income From Continuing And Discontinued Operation": 770000.0,
        "Diluted Average Shares": 2556958.0,
        "Basic Average Shares": 2539213.0,
        "Diluted EPS": 0.3,
        "Basic EPS": 0.3,
        "Diluted NI Availto Com Stockholders": 765000.0,
        "Average Dilution Earnings": 0.0,
        "Net Income Common Stockholders": 765000.0,
        "Otherunder Preferred Stock Dividend": 5000.0,
        "Net Income": 770000.0,
        "Net Income Including Noncontrolling Interests": 770000.0,
        "Net Income Continuous Operations": 770000.0,
        "Tax Provision": 163000.0,
        "Pretax Income": 933000.0,
        "Selling General And Administration": 4543000.0,
        "General And Administrative Expense": 4543000.0,
        "Salaries And Wages": 4543000.0,
        "Total Revenue": 8550000.0,
        "Operating Revenue": 8550000.0,
        "Occupancy And Equipment": 444000.0,
        "Other Non Interest Expense": 2663000.0
    },
    "2024-06-30": {
        "Tax Effect Of Unusual Items": 3236.8,
        "Tax Rate For Calcs": 0.1904,
        "Total Unusual Items": 17000.0,
        "Total Unusual Items Excluding Goodwill": 17000.0,
        "Net Income From Continuing Operation Net Minority Interest": 795000.0,
        "Reconciled Depreciation": 404000.0,
        "Net Interest Income": 7448000.0,
        "Interest Expense": 6591000.0,
        "Interest Income": 14039000.0,
        "Normalized Income": 781236.8,
        "Net Income From Continuing And Discontinued Operation": 795000.0,
        "Diluted Average Shares": NaN,
        "Basic Average Shares": NaN,
        "Diluted EPS": NaN,
        "Basic EPS": NaN,
        "Diluted NI Availto Com Stockholders": 790000.0,
        "Average Dilution Earnings": 0.0,
        "Net Income Common Stockholders": 790000.0,
        "Otherunder Preferred Stock Dividend": 5000.0,
        "Net Income": 795000.0,
        "Net Income Including Noncontrolling Interests": 795000.0,
        "Net Income Continuous Operations": 795000.0,
        "Tax Provision": 187000.0,
        "Pretax Income": 982000.0,
        "Selling General And Administration": 4658000.0,
        "General And Administrative Expense": 4658000.0,
        "Salaries And Wages": 4658000.0,
        "Total Revenue": 8627000.0,
        "Operating Revenue": 8627000.0,
        "Occupancy And Equipment": 397000.0,
        "Other Non Interest Expense": 2699000.0
    },
    "2024-09-30": {
        "Tax Effect Of Unusual Items": 0.0,
        "Tax Rate For Calcs": 0.1879,
        "Total Unusual Items": 0.0,
        "Total Unusual Items Excluding Goodwill": 0.0,
        "Net Income From Continuing Operation Net Minority Interest": 1154000.0,
        "Reconciled Depreciation": 381000.0,
        "Net Interest Income": 7873000.0,
        "Interest Expense": 6965000.0,
        "Interest Income": 14838000.0,
        "Normalized Income": 1154000.0,
        "Net Income From Continuing And Discontinued Operation": 1154000.0,
        "Diluted Average Shares": 2569368.0,
        "Basic Average Shares": 2544233.0,
        "Diluted EPS": 0.45,
        "Basic EPS": 0.45,
        "Diluted NI Availto Com Stockholders": 1146000.0,
        "Average Dilution Earnings": 0.0,
        "Net Income Common Stockholders": 1146000.0,
        "Otherunder Preferred Stock Dividend": 8000.0,
        "Net Income": 1154000.0,
        "Net Income Including Noncontrolling Interests": 1154000.0,
        "Net Income Continuous Operations": 1154000.0,
        "Tax Provision": 267000.0,
        "Pretax Income": 1421000.0,
        "Selling General And Administration": 4469000.0,
        "General And Administrative Expense": 4469000.0,
        "Salaries And Wages": 4469000.0,
        "Total Revenue": 9108000.0,
        "Operating Revenue": 9108000.0,
        "Occupancy And Equipment": 414000.0,
        "Other Non Interest Expense": 2796000.0
    },
    "2024-12-31": {
        "Tax Effect Of Unusual Items": 3536.363636,
        "Tax Rate For Calcs": 0.168398,
        "Total Unusual Items": 21000.0,
        "Total Unusual Items Excluding Goodwill": 21000.0,
        "Net Income From Continuing Operation Net Minority Interest": 1921000.0,
        "Reconciled Depreciation": 379000.0,
        "Net Interest Income": 8220000.0,
        "Interest Expense": 6516000.0,
        "Interest Income": 14736000.0,
        "Normalized Income": 1903536.363636,
        "Net Income From Continuing And Discontinued Operation": 1921000.0,
        "Diluted Average Shares": 2578771.0,
        "Basic Average Shares": 2547210.0,
        "Diluted EPS": 0.74,
        "Basic EPS": 0.75,
        "Diluted NI Availto Com Stockholders": 1908000.0,
        "Average Dilution Earnings": 0.0,
        "Net Income Common Stockholders": 1908000.0,
        "Otherunder Preferred Stock Dividend": 13000.0,
        "Net Income": 1921000.0,
        "Net Income Including Noncontrolling Interests": 1921000.0,
        "Net Income Continuous Operations": 1921000.0,
        "Tax Provision": 389000.0,
        "Pretax Income": 2310000.0,
        "Selling General And Administration": 3920000.0,
        "General And Administrative Expense": 3920000.0,
        "Salaries And Wages": 3920000.0,
        "Total Revenue": 9402000.0,
        "Operating Revenue": 9402000.0,
        "Occupancy And Equipment": 410000.0,
        "Other Non Interest Expense": 2748000.0
    },
    "2025-03-31": {
        "Tax Effect Of Unusual Items": -598.8,
        "Tax Rate For Calcs": 0.1996,
        "Total Unusual Items": -3000.0,
        "Total Unusual Items Excluding Goodwill": -3000.0,
        "Net Income From Continuing Operation Net Minority Interest": 1167000.0,
        "Reconciled Depreciation": 389000.0,
        "Net Interest Income": 8071000.0,
        "Interest Expense": 5635000.0,
        "Interest Income": 13706000.0,
        "Normalized Income": 1169401.2,
        "Net Income From Continuing And Discontinued Operation": 1167000.0,
        "Diluted Average Shares": 2578609.0,
        "Basic Average Shares": 2554265.0,
        "Diluted EPS": 0.45,
        "Basic EPS": 0.45,
        "Diluted NI Availto Com Stockholders": 1162000.0,
        "Average Dilution Earnings": 0.0,
        "Net Income Common Stockholders": 1162000.0,
        "Otherunder Preferred Stock Dividend": 5000.0,
        "Net Income": 1167000.0,
        "Net Income Including Noncontrolling Interests": 1167000.0,
        "Net Income Continuous Operations": 1167000.0,
        "Tax Provision": 291000.0,
        "Pretax Income": 1458000.0,
        "Selling General And Administration": 4595000.0,
        "General And Administrative Expense": 4595000.0,
        "Salaries And Wages": 4595000.0,
        "Total Revenue": 9166000.0,
        "Operating Revenue": 9166000.0,
        "Occupancy And Equipment": 437000.0,
        "Other Non Interest Expense": 2879000.0
    },
    "2025-06-30": {
        "Tax Effect Of Unusual Items": -1728.9,
        "Tax Rate For Calcs": 0.1921,
        "Total Unusual Items": -9000.0,
        "Total Unusual Items Excluding Goodwill": -9000.0,
        "Net Income From Continuing Operation Net Minority Interest": 2052000.0,
        "Reconciled Depreciation": 377000.0,
        "Net Interest Income": 9255000.0,
        "Interest Expense": 5660000.0,
        "Interest Income": 14915000.0,
        "Normalized Income": 2059271.1,
        "Net Income From Continuing And Discontinued Operation": 2052000.0,
        "Diluted Average Shares": 2577990.0,
        "Basic Average Shares": 2556562.0,
        "Diluted EPS": 0.79,
        "Basic EPS": 0.8,
        "Diluted NI Availto Com Stockholders": 2044000.0,
        "Average Dilution Earnings": 0.0,
        "Net Income Common Stockholders": 2044000.0,
        "Otherunder Preferred Stock Dividend": 8000.0,
        "Net Income": 2052000.0,
        "Net Income Including Noncontrolling Interests": 2052000.0,
        "Net Income Continuous Operations": 2052000.0,
        "Tax Provision": 488000.0,
        "Pretax Income": 2540000.0,
        "Selling General And Administration": 4321000.0,
        "General And Administrative Expense": 4321000.0,
        "Salaries And Wages": 4321000.0,
        "Total Revenue": 10366000.0,
        "Operating Revenue": 10366000.0,
        "Occupancy And Equipment": 416000.0,
        "Other Non Interest Expense": 2919000.0
    },
    "2025-09-30": {
        "Tax Effect Of Unusual Items": NaN,
        "Tax Rate For Calcs": NaN,
        "Total Unusual Items": NaN,
        "Total Unusual Items Excluding Goodwill": NaN,
        "Net Income From Continuing Operation Net Minority Interest": NaN,
        "Reconciled Depreciation": NaN,
        "Net Interest Income": NaN,
        "Interest Expense": NaN,
        "Interest Income": NaN,
        "Normalized Income": NaN,
        "Net Income From Continuing And Discontinued Operation": NaN,
        "Diluted Average Shares": 2575575.0,
        "Basic Average Shares": 2556562.0,
        "Diluted EPS": 0.66,
        "Basic EPS": 0.66,
        "Diluted NI Availto Com Stockholders": NaN,
        "Average Dilution Earnings": NaN,
        "Net Income Common Stockholders": NaN,
        "Otherunder Preferred Stock Dividend": NaN,
        "Net Income": NaN,
        "Net Income Including Noncontrolling Interests": NaN,
        "Net Income Continuous Operations": NaN,
        "Tax Provision": NaN,
        "Pretax Income": NaN,
        "Selling General And Administration": NaN,
        "General And Administrative Expense": NaN,
        "Salaries And Wages": NaN,
        "Total Revenue": NaN,
        "Operating Revenue": NaN,
        "Occupancy And Equipment": NaN,
        "Other Non Interest Expense": NaN
    }
}