{
    "2023-06-30": {
        "Tax Effect Of Unusual Items": NaN,
        "Tax Rate For Calcs": NaN,
        "Net Income From Continuing Operation Net Minority Interest": NaN,
        "Reconciled Depreciation": NaN,
        "Net Interest Income": NaN,
        "Interest Expense": NaN,
        "Interest Income": NaN,
        "Normalized Income": NaN,
        "Net Income From Continuing And Discontinued Operation": NaN,
        "Diluted Average Shares": NaN,
        "Basic Average Shares": NaN,
        "Diluted EPS": NaN,
        "Basic EPS": NaN,
        "Diluted NI Availto Com Stockholders": NaN,
        "Net Income Common Stockholders": NaN,
        "Preferred Stock Dividends": 31000.0,
        "Net Income": NaN,
        "Net Income Including Noncontrolling Interests": NaN,
        "Net Income Continuous Operations": NaN,
        "Tax Provision": NaN,
        "Pretax Income": NaN,
        "Gain On Sale Of Security": 0.0,
        "Selling General And Administration": NaN,
        "General And Administrative Expense": NaN,
        "Insurance And Claims": NaN,
        "Salaries And Wages": NaN,
        "Total Revenue": NaN,
        "Operating Revenue": NaN,
        "Occupancy And Equipment": NaN,
        "Professional Expense And Contract Services Expense": NaN,
        "Other Non Interest Expense": NaN
    },
    "2023-03-31": {
        "Tax Effect Of Unusual Items": NaN,
        "Tax Rate For Calcs": NaN,
        "Net Income From Continuing Operation Net Minority Interest": NaN,
        "Reconciled Depreciation": NaN,
        "Net Interest Income": NaN,
        "Interest Expense": NaN,
        "Interest Income": NaN,
        "Normalized Income": NaN,
        "Net Income From Continuing And Discontinued Operation": NaN,
        "Diluted Average Shares": NaN,
        "Basic Average Shares": NaN,
        "Diluted EPS": NaN,
        "Basic EPS": NaN,
        "Diluted NI Availto Com Stockholders": NaN,
        "Net Income Common Stockholders": NaN,
        "Preferred Stock Dividends": NaN,
        "Net Income": NaN,
        "Net Income Including Noncontrolling Interests": NaN,
        "Net Income Continuous Operations": NaN,
        "Tax Provision": NaN,
        "Pretax Income": NaN,
        "Gain On Sale Of Security": 0.0,
        "Selling General And Administration": NaN,
        "General And Administrative Expense": NaN,
        "Insurance And Claims": NaN,
        "Salaries And Wages": NaN,
        "Total Revenue": NaN,
        "Operating Revenue": NaN,
        "Occupancy And Equipment": NaN,
        "Professional Expense And Contract Services Expense": NaN,
        "Other Non Interest Expense": NaN
    },
    "2022-12-31": {
        "Tax Effect Of Unusual Items": NaN,
        "Tax Rate For Calcs": NaN,
        "Net Income From Continuing Operation Net Minority Interest": NaN,
        "Reconciled Depreciation": NaN,
        "Net Interest Income": NaN,
        "Interest Expense": NaN,
        "Interest Income": NaN,
        "Normalized Income": NaN,
        "Net Income From Continuing And Discontinued Operation": NaN,
        "Diluted Average Shares": NaN,
        "Basic Average Shares": NaN,
        "Diluted EPS": NaN,
        "Basic EPS": NaN,
        "Diluted NI Availto Com Stockholders": NaN,
        "Net Income Common Stockholders": NaN,
        "Preferred Stock Dividends": 31000.0,
        "Net Income": NaN,
        "Net Income Including Noncontrolling Interests": NaN,
        "Net Income Continuous Operations": NaN,
        "Tax Provision": NaN,
        "Pretax Income": NaN,
        "Gain On Sale Of Security": -3038000.0,
        "Selling General And Administration": NaN,
        "General And Administrative Expense": NaN,
        "Insurance And Claims": NaN,
        "Salaries And Wages": NaN,
        "Total Revenue": NaN,
        "Operating Revenue": NaN,
        "Occupancy And Equipment": NaN,
        "Professional Expense And Contract Services Expense": NaN,
        "Other Non Interest Expense": NaN
    },
    "2022-09-30": {
        "Tax Effect Of Unusual Items": 0.0,
        "Tax Rate For Calcs": 0.1692,
        "Net Income From Continuing Operation Net Minority Interest": 64031000.0,
        "Reconciled Depreciation": 1057000.0,
        "Net Interest Income": 126418000.0,
        "Interest Expense": 22881000.0,
        "Interest Income": 149299000.0,
        "Normalized Income": 64031000.0,
        "Net Income From Continuing And Discontinued Operation": 64031000.0,
        "Diluted Average Shares": 54546682.0,
        "Basic Average Shares": 54315671.0,
        "Diluted EPS": 1.17,
        "Basic EPS": 1.18,
        "Diluted NI Availto Com Stockholders": 64031000.0,
        "Net Income Common Stockholders": 64031000.0,
        "Preferred Stock Dividends": NaN,
        "Net Income": 64031000.0,
        "Net Income Including Noncontrolling Interests": 64031000.0,
        "Net Income Continuous Operations": 64031000.0,
        "Tax Provision": 13038000.0,
        "Pretax Income": 77069000.0,
        "Gain On Sale Of Security": 0.0,
        "Selling General And Administration": 20662000.0,
        "General And Administrative Expense": 20662000.0,
        "Other Gand A": 7213000.0,
        "Insurance And Claims": 975000.0,
        "Salaries And Wages": 19687000.0,
        "Total Revenue": 135357000.0,
        "Operating Revenue": 135357000.0
    },
    "2022-06-30": {
        "Tax Effect Of Unusual Items": 0.0,
        "Tax Rate For Calcs": 0.1883,
        "Net Income From Continuing Operation Net Minority Interest": 62136000.0,
        "Reconciled Depreciation": 1040000.0,
        "Net Interest Income": 116368000.0,
        "Interest Expense": 10187000.0,
        "Interest Income": 126555000.0,
        "Normalized Income": 62136000.0,
        "Net Income From Continuing And Discontinued Operation": 62136000.0,
        "Diluted Average Shares": 54532385.0,
        "Basic Average Shares": 54295789.0,
        "Diluted EPS": 1.14,
        "Basic EPS": 1.14,
        "Diluted NI Availto Com Stockholders": 62105000.0,
        "Net Income Common Stockholders": 62105000.0,
        "Preferred Stock Dividends": 31000.0,
        "Net Income": 62136000.0,
        "Net Income Including Noncontrolling Interests": 62136000.0,
        "Net Income Continuous Operations": 62136000.0,
        "Tax Provision": 14410000.0,
        "Pretax Income": 76546000.0,
        "Gain On Sale Of Security": -2833000.0,
        "Selling General And Administration": 21881000.0,
        "General And Administrative Expense": 21881000.0,
        "Other Gand A": 6345000.0,
        "Insurance And Claims": 1147000.0,
        "Salaries And Wages": 20734000.0,
        "Total Revenue": 125874000.0,
        "Operating Revenue": 125874000.0
    },
    "2022-03-31": {
        "Diluted EPS": 1.06,
        "Total Revenue": 121,
        "Gross Profit": 114,
        "Operating Income": 71,
        "EBIT": NaN,
        "Net Income": 58
    },
    "2021-12-31": {
        "Diluted EPS": 0.99,
        "Total Revenue": 116,
        "Gross Profit": 109,
        "Operating Income": 62,
        "EBIT": NaN,
        "Net Income": 54
    },
    "2021-09-30": {
        "Diluted EPS": 0.96,
        "Total Revenue": 112,
        "Gross Profit": 104,
        "Operating Income": 64,
        "EBIT": NaN,
        "Net Income": 52
    },
    "2021-06-30": {
        "Diluted EPS": 0.92,
        "Total Revenue": 112,
        "Gross Profit": 104,
        "Operating Income": 63,
        "EBIT": NaN,
        "Net Income": 50
    },
    "2021-03-31": {
        "Diluted EPS": 0.95,
        "Total Revenue": 109,
        "Gross Profit": 101,
        "Operating Income": 64,
        "EBIT": NaN,
        "Net Income": 51
    },
    "2020-12-31": {
        "Diluted EPS": 0.94,
        "Total Revenue": 109,
        "Gross Profit": 100,
        "Operating Income": 66,
        "EBIT": NaN,
        "Net Income": 51
    },
    "2020-09-30": {
        "Diluted EPS": 0.8,
        "Total Revenue": 104,
        "Gross Profit": 93,
        "Operating Income": 54,
        "EBIT": NaN,
        "Net Income": 43
    },
    "2020-06-30": {
        "Diluted EPS": 0.75,
        "Total Revenue": 102,
        "Gross Profit": 90,
        "Operating Income": 51,
        "EBIT": NaN,
        "Net Income": 40
    },
    "2020-03-31": {
        "Diluted EPS": 0.64,
        "Total Revenue": 103,
        "Gross Profit": 84,
        "Operating Income": 43,
        "EBIT": NaN,
        "Net Income": 35
    },
    "2019-12-31": {
        "Diluted EPS": 0.76,
        "Total Revenue": 105,
        "Gross Profit": 83,
        "Operating Income": 51,
        "EBIT": NaN,
        "Net Income": 41
    },
    "2019-09-30": {
        "Diluted EPS": 0.69,
        "Total Revenue": 107,
        "Gross Profit": 79,
        "Operating Income": 47,
        "EBIT": NaN,
        "Net Income": 38
    },
    "2019-06-30": {
        "Diluted EPS": 0.66,
        "Total Revenue": 104,
        "Gross Profit": 76,
        "Operating Income": 45,
        "EBIT": NaN,
        "Net Income": 36
    },
    "2019-03-31": {
        "Diluted EPS": 0.65,
        "Total Revenue": 99,
        "Gross Profit": 74,
        "Operating Income": 44,
        "EBIT": NaN,
        "Net Income": 35
    },
    "2018-12-31": {
        "Diluted EPS": 0.67,
        "Total Revenue": 95,
        "Gross Profit": 74,
        "Operating Income": 45,
        "EBIT": NaN,
        "Net Income": 36
    },
    "2018-09-30": {
        "Diluted EPS": 0.64,
        "Total Revenue": 89,
        "Gross Profit": 72,
        "Operating Income": 43,
        "EBIT": NaN,
        "Net Income": 35
    },
    "2018-06-30": {
        "Diluted EPS": 0.62,
        "Total Revenue": 83,
        "Gross Profit": 69,
        "Operating Income": 42,
        "EBIT": NaN,
        "Net Income": 34
    },
    "2018-03-31": {
        "Diluted EPS": 0.6,
        "Total Revenue": 78,
        "Gross Profit": 67,
        "Operating Income": 40,
        "EBIT": NaN,
        "Net Income": 33
    },
    "2017-12-31": {
        "Diluted EPS": 0.38,
        "Total Revenue": 75,
        "Gross Profit": 65,
        "Operating Income": 36,
        "EBIT": NaN,
        "Net Income": 21
    },
    "2017-09-30": {
        "Diluted EPS": 0.47,
        "Total Revenue": 72,
        "Gross Profit": 63,
        "Operating Income": 37,
        "EBIT": NaN,
        "Net Income": 25
    },
    "2017-06-30": {
        "Diluted EPS": 0.45,
        "Total Revenue": 68,
        "Gross Profit": 60,
        "Operating Income": 34,
        "EBIT": NaN,
        "Net Income": 24
    },
    "2017-03-31": {
        "Diluted EPS": 0.42,
        "Total Revenue": 64,
        "Gross Profit": 57,
        "Operating Income": 30,
        "EBIT": NaN,
        "Net Income": 23
    },
    "2016-12-31": {
        "Diluted EPS": 0.39,
        "Total Revenue": 61,
        "Gross Profit": 54,
        "Operating Income": 29,
        "EBIT": NaN,
        "Net Income": 22
    },
    "2016-09-30": {
        "Diluted EPS": 0.39,
        "Total Revenue": 59,
        "Gross Profit": 53,
        "Operating Income": 29,
        "EBIT": NaN,
        "Net Income": 21
    },
    "2016-06-30": {
        "Diluted EPS": 0.36,
        "Total Revenue": 56,
        "Gross Profit": 50,
        "Operating Income": 26,
        "EBIT": NaN,
        "Net Income": 19
    },
    "2016-03-31": {
        "Diluted EPS": 0.38,
        "Total Revenue": 53,
        "Gross Profit": 48,
        "Operating Income": 26,
        "EBIT": NaN,
        "Net Income": 20
    },
    "2015-12-31": {
        "Diluted EPS": 0.38,
        "Total Revenue": 52,
        "Gross Profit": 46,
        "Operating Income": 24,
        "EBIT": NaN,
        "Net Income": 20
    },
    "2015-09-30": {
        "Diluted EPS": 0.31,
        "Total Revenue": 50,
        "Gross Profit": 46,
        "Operating Income": 24,
        "EBIT": NaN,
        "Net Income": 16
    },
    "2015-06-30": {
        "Diluted EPS": 0.27,
        "Total Revenue": 48,
        "Gross Profit": 44,
        "Operating Income": 21,
        "EBIT": NaN,
        "Net Income": 14
    },
    "2015-03-31": {
        "Diluted EPS": 0.25,
        "Total Revenue": 44,
        "Gross Profit": 40,
        "Operating Income": 21,
        "EBIT": NaN,
        "Net Income": 13
    },
    "2014-12-31": {
        "Diluted EPS": 0.3,
        "Total Revenue": 41,
        "Gross Profit": 37,
        "Operating Income": 22,
        "EBIT": NaN,
        "Net Income": 15
    },
    "2014-09-30": {
        "Diluted EPS": 0.27,
        "Total Revenue": 40,
        "Gross Profit": 36,
        "Operating Income": 18,
        "EBIT": NaN,
        "Net Income": 14
    },
    "2014-06-30": {
        "Diluted EPS": 0.23,
        "Total Revenue": 38,
        "Gross Profit": 35,
        "Operating Income": 17,
        "EBIT": NaN,
        "Net Income": 11
    },
    "2014-03-31": {
        "Diluted EPS": 0.26,
        "Total Revenue": 36,
        "Gross Profit": 33,
        "Operating Income": 17,
        "EBIT": NaN,
        "Net Income": 12
    },
    "2013-12-31": {
        "Diluted EPS": 0.27,
        "Total Revenue": 36,
        "Gross Profit": 32,
        "Operating Income": 18,
        "EBIT": NaN,
        "Net Income": 12
    },
    "2013-09-30": {
        "Diluted EPS": 0.25,
        "Total Revenue": 35,
        "Gross Profit": 31,
        "Operating Income": 16,
        "EBIT": NaN,
        "Net Income": 11
    },
    "2013-06-30": {
        "Diluted EPS": 0.22,
        "Total Revenue": 33,
        "Gross Profit": 30,
        "Operating Income": 14,
        "EBIT": NaN,
        "Net Income": 10
    },
    "2013-03-31": {
        "Diluted EPS": 0.22,
        "Total Revenue": 32,
        "Gross Profit": 29,
        "Operating Income": 14,
        "EBIT": NaN,
        "Net Income": 9
    },
    "2012-12-31": {
        "Diluted EPS": 0.2,
        "Total Revenue": 32,
        "Gross Profit": 28,
        "Operating Income": 13,
        "EBIT": NaN,
        "Net Income": 8
    },
    "2012-09-30": {
        "Diluted EPS": 0.23,
        "Total Revenue": 30,
        "Gross Profit": 26,
        "Operating Income": 14,
        "EBIT": NaN,
        "Net Income": 9
    },
    "2012-06-30": {
        "Diluted EPS": 0.2,
        "Total Revenue": 29,
        "Gross Profit": 25,
        "Operating Income": 12,
        "EBIT": NaN,
        "Net Income": 8
    },
    "2012-03-31": {
        "Diluted EPS": 0.2,
        "Total Revenue": 28,
        "Gross Profit": 24,
        "Operating Income": 13,
        "EBIT": NaN,
        "Net Income": 8
    },
    "2011-12-31": {
        "Diluted EPS": 0.16,
        "Total Revenue": 27,
        "Gross Profit": 23,
        "Operating Income": 10,
        "EBIT": NaN,
        "Net Income": 6
    },
    "2011-09-30": {
        "Diluted EPS": 0.15,
        "Total Revenue": 25,
        "Gross Profit": 21,
        "Operating Income": 9,
        "EBIT": NaN,
        "Net Income": 6
    },
    "2011-06-30": {
        "Diluted EPS": 0.15,
        "Total Revenue": 24,
        "Gross Profit": 20,
        "Operating Income": 9,
        "EBIT": NaN,
        "Net Income": 6
    },
    "2011-03-31": {
        "Diluted EPS": 0.13,
        "Total Revenue": 22,
        "Gross Profit": 18,
        "Operating Income": 7,
        "EBIT": NaN,
        "Net Income": 5
    },
    "2010-12-31": {
        "Diluted EPS": 0.12,
        "Total Revenue": 22,
        "Gross Profit": 18,
        "Operating Income": 7,
        "EBIT": NaN,
        "Net Income": 5
    },
    "2010-09-30": {
        "Diluted EPS": 0.13,
        "Total Revenue": 21,
        "Gross Profit": 17,
        "Operating Income": 7,
        "EBIT": NaN,
        "Net Income": 5
    },
    "2010-06-30": {
        "Diluted EPS": 0.11,
        "Total Revenue": 20,
        "Gross Profit": 16,
        "Operating Income": 6,
        "EBIT": NaN,
        "Net Income": 4
    },
    "2010-03-31": {
        "Diluted EPS": 0.11,
        "Total Revenue": 20,
        "Gross Profit": 16,
        "Operating Income": 6,
        "EBIT": NaN,
        "Net Income": 4
    },
    "2009-12-31": {
        "Diluted EPS": 0.06,
        "Total Revenue": 18,
        "Gross Profit": 14,
        "Operating Income": 9,
        "EBIT": NaN,
        "Net Income": 2
    },
    "2009-09-30": {
        "Diluted EPS": 0.05,
        "Total Revenue": 17,
        "Gross Profit": 12,
        "Operating Income": 2,
        "EBIT": NaN,
        "Net Income": 2
    },
    "2009-06-30": {
        "Diluted EPS": 0.05,
        "Total Revenue": 16,
        "Gross Profit": 12,
        "Operating Income": 2,
        "EBIT": NaN,
        "Net Income": 2
    },
    "2009-03-31": {
        "Diluted EPS": 0.02,
        "Total Revenue": 15,
        "Gross Profit": 10,
        "Operating Income": 1,
        "EBIT": NaN,
        "Net Income": 1
    },
    "2023-09-30": {
        "Tax Effect Of Unusual Items": NaN,
        "Tax Rate For Calcs": NaN,
        "Net Income From Continuing Operation Net Minority Interest": NaN,
        "Reconciled Depreciation": NaN,
        "Net Interest Income": NaN,
        "Interest Expense": NaN,
        "Interest Income": NaN,
        "Normalized Income": NaN,
        "Net Income From Continuing And Discontinued Operation": NaN,
        "Diluted Average Shares": NaN,
        "Basic Average Shares": NaN,
        "Diluted EPS": NaN,
        "Basic EPS": NaN,
        "Diluted NI Availto Com Stockholders": NaN,
        "Net Income Common Stockholders": NaN,
        "Preferred Stock Dividends": NaN,
        "Net Income": NaN,
        "Net Income Including Noncontrolling Interests": NaN,
        "Net Income Continuous Operations": NaN,
        "Tax Provision": NaN,
        "Pretax Income": NaN,
        "Gain On Sale Of Security": 0.0,
        "Selling General And Administration": NaN,
        "General And Administrative Expense": NaN,
        "Insurance And Claims": NaN,
        "Salaries And Wages": NaN,
        "Total Revenue": NaN,
        "Operating Revenue": NaN,
        "Occupancy And Equipment": NaN,
        "Professional Expense And Contract Services Expense": NaN,
        "Other Non Interest Expense": NaN
    },
    "2023-12-31": {
        "Tax Effect Of Unusual Items": NaN,
        "Tax Rate For Calcs": NaN,
        "Net Income From Continuing Operation Net Minority Interest": NaN,
        "Reconciled Depreciation": NaN,
        "Net Interest Income": NaN,
        "Interest Expense": NaN,
        "Interest Income": NaN,
        "Normalized Income": NaN,
        "Net Income From Continuing And Discontinued Operation": NaN,
        "Diluted Average Shares": NaN,
        "Basic Average Shares": NaN,
        "Diluted EPS": NaN,
        "Basic EPS": NaN,
        "Diluted NI Availto Com Stockholders": NaN,
        "Net Income Common Stockholders": NaN,
        "Preferred Stock Dividends": 31000.0,
        "Net Income": NaN,
        "Net Income Including Noncontrolling Interests": NaN,
        "Net Income Continuous Operations": NaN,
        "Tax Provision": NaN,
        "Pretax Income": NaN,
        "Gain On Sale Of Security": -12005000.0,
        "Selling General And Administration": NaN,
        "General And Administrative Expense": NaN,
        "Insurance And Claims": NaN,
        "Salaries And Wages": NaN,
        "Total Revenue": NaN,
        "Operating Revenue": NaN,
        "Occupancy And Equipment": NaN,
        "Professional Expense And Contract Services Expense": NaN,
        "Other Non Interest Expense": NaN
    },
    "2024-03-31": {
        "Tax Effect Of Unusual Items": 0.0,
        "Tax Rate For Calcs": 0.174992,
        "Net Income From Continuing Operation Net Minority Interest": 50026000.0,
        "Reconciled Depreciation": 1099000.0,
        "Net Interest Income": 102495000.0,
        "Interest Expense": 124215000.0,
        "Interest Income": 226710000.0,
        "Normalized Income": 50026000.0,
        "Net Income From Continuing And Discontinued Operation": 50026000.0,
        "Diluted Average Shares": 54595384.0,
        "Basic Average Shares": 54376087.0,
        "Diluted EPS": 0.92,
        "Basic EPS": 0.92,
        "Diluted NI Availto Com Stockholders": 50026000.0,
        "Net Income Common Stockholders": 50026000.0,
        "Preferred Stock Dividends": NaN,
        "Net Income": 50026000.0,
        "Net Income Including Noncontrolling Interests": 50026000.0,
        "Net Income Continuous Operations": 50026000.0,
        "Tax Provision": 10611000.0,
        "Pretax Income": 60637000.0,
        "Gain On Sale Of Security": NaN,
        "Selling General And Administration": 26891000.0,
        "General And Administrative Expense": 26891000.0,
        "Insurance And Claims": 3905000.0,
        "Salaries And Wages": 22986000.0,
        "Total Revenue": 111403000.0,
        "Operating Revenue": 111403000.0,
        "Occupancy And Equipment": 3557000.0,
        "Professional Expense And Contract Services Expense": 1464000.0,
        "Other Non Interest Expense": 14319000.0
    },
    "2024-06-30": {
        "Tax Effect Of Unusual Items": 0.0,
        "Tax Rate For Calcs": 0.2171,
        "Net Income From Continuing Operation Net Minority Interest": 52136000.0,
        "Reconciled Depreciation": 1140000.0,
        "Net Interest Income": 105875000.0,
        "Interest Expense": 121665000.0,
        "Interest Income": 227540000.0,
        "Normalized Income": 52136000.0,
        "Net Income From Continuing And Discontinued Operation": 52136000.0,
        "Diluted Average Shares": 54638118.0,
        "Basic Average Shares": 54276042.0,
        "Diluted EPS": 0.95,
        "Basic EPS": 0.96,
        "Diluted NI Availto Com Stockholders": 52105000.0,
        "Net Income Common Stockholders": 52105000.0,
        "Preferred Stock Dividends": 31000.0,
        "Net Income": 52136000.0,
        "Net Income Including Noncontrolling Interests": 52136000.0,
        "Net Income Continuous Operations": 52136000.0,
        "Tax Provision": 14459000.0,
        "Pretax Income": 66595000.0,
        "Gain On Sale Of Security": NaN,
        "Selling General And Administration": 26415000.0,
        "General And Administrative Expense": 26415000.0,
        "Insurance And Claims": 2202000.0,
        "Salaries And Wages": 24213000.0,
        "Total Revenue": 114766000.0,
        "Operating Revenue": 114766000.0,
        "Occupancy And Equipment": 3567000.0,
        "Professional Expense And Contract Services Expense": 1741000.0,
        "Other Non Interest Expense": 11095000.0
    },
    "2024-09-30": {
        "Tax Effect Of Unusual Items": 0.0,
        "Tax Rate For Calcs": 0.1723,
        "Net Income From Continuing Operation Net Minority Interest": 59907000.0,
        "Reconciled Depreciation": 1456000.0,
        "Net Interest Income": 115121000.0,
        "Interest Expense": 132858000.0,
        "Interest Income": 247979000.0,
        "Normalized Income": 59907000.0,
        "Net Income From Continuing And Discontinued Operation": 59907000.0,
        "Diluted Average Shares": 54642582.0,
        "Basic Average Shares": 54460909.0,
        "Diluted EPS": 1.1,
        "Basic EPS": 1.1,
        "Diluted NI Availto Com Stockholders": 59907000.0,
        "Net Income Common Stockholders": 59907000.0,
        "Preferred Stock Dividends": NaN,
        "Net Income": 59907000.0,
        "Net Income Including Noncontrolling Interests": 59907000.0,
        "Net Income Continuous Operations": 59907000.0,
        "Tax Provision": 12472000.0,
        "Pretax Income": 72379000.0,
        "Gain On Sale Of Security": NaN,
        "Selling General And Administration": 27412000.0,
        "General And Administrative Expense": 27412000.0,
        "Insurance And Claims": 2355000.0,
        "Salaries And Wages": 25057000.0,
        "Total Revenue": 123670000.0,
        "Operating Revenue": 123670000.0,
        "Occupancy And Equipment": 3795000.0,
        "Professional Expense And Contract Services Expense": 1715000.0,
        "Other Non Interest Expense": 12710000.0
    },
    "2024-12-31": {
        "Tax Effect Of Unusual Items": 0.0,
        "Tax Rate For Calcs": 0.178881,
        "Net Income From Continuing Operation Net Minority Interest": 65173000.0,
        "Reconciled Depreciation": 1090000.0,
        "Net Interest Income": 123168000.0,
        "Interest Expense": 120724000.0,
        "Interest Income": 243892000.0,
        "Normalized Income": 65173000.0,
        "Net Income From Continuing And Discontinued Operation": 65173000.0,
        "Diluted Average Shares": 54741176.0,
        "Basic Average Shares": 54741176.0,
        "Diluted EPS": 1.19,
        "Basic EPS": 1.19,
        "Diluted NI Availto Com Stockholders": 65142000.0,
        "Net Income Common Stockholders": 65142000.0,
        "Preferred Stock Dividends": 31000.0,
        "Net Income": 65173000.0,
        "Net Income Including Noncontrolling Interests": 65173000.0,
        "Net Income Continuous Operations": 65173000.0,
        "Tax Provision": 14198000.0,
        "Pretax Income": 79371000.0,
        "Gain On Sale Of Security": NaN,
        "Selling General And Administration": 28045000.0,
        "General And Administrative Expense": 27094000.0,
        "Insurance And Claims": 2225000.0,
        "Salaries And Wages": 24869000.0,
        "Total Revenue": 127912000.0,
        "Operating Revenue": 127912000.0,
        "Occupancy And Equipment": 3600000.0,
        "Professional Expense And Contract Services Expense": 1981000.0,
        "Other Non Interest Expense": 6322000.0
    },
    "2025-03-31": {
        "Tax Effect Of Unusual Items": 0.0,
        "Tax Rate For Calcs": 0.200637,
        "Net Income From Continuing Operation Net Minority Interest": 63224000.0,
        "Reconciled Depreciation": 1223000.0,
        "Net Interest Income": 123553000.0,
        "Interest Expense": 117543000.0,
        "Interest Income": 241096000.0,
        "Normalized Income": 63224000.0,
        "Net Income From Continuing And Discontinued Operation": 63224000.0,
        "Diluted Average Shares": 54656630.0,
        "Basic Average Shares": 54586274.0,
        "Diluted EPS": 1.16,
        "Basic EPS": 1.16,
        "Diluted NI Availto Com Stockholders": 63224000.0,
        "Net Income Common Stockholders": 63224000.0,
        "Preferred Stock Dividends": NaN,
        "Net Income": 63224000.0,
        "Net Income Including Noncontrolling Interests": 63224000.0,
        "Net Income Continuous Operations": 63224000.0,
        "Tax Provision": 15869000.0,
        "Pretax Income": 79093000.0,
        "Gain On Sale Of Security": NaN,
        "Selling General And Administration": 25733000.0,
        "General And Administrative Expense": 25733000.0,
        "Insurance And Claims": 2854000.0,
        "Salaries And Wages": 22879000.0,
        "Total Revenue": 131830000.0,
        "Operating Revenue": 131830000.0,
        "Occupancy And Equipment": 3722000.0,
        "Professional Expense And Contract Services Expense": 1933000.0,
        "Other Non Interest Expense": 14719000.0
    }
}