{
    "2023-04-30": {
        "Tax Effect Of Unusual Items": NaN,
        "Tax Rate For Calcs": NaN,
        "Normalized EBITDA": NaN,
        "Net Income From Continuing Operation Net Minority Interest": NaN,
        "Reconciled Depreciation": NaN,
        "Reconciled Cost Of Revenue": NaN,
        "EBITDA": NaN,
        "EBIT": NaN,
        "Net Interest Income": NaN,
        "Interest Income": NaN,
        "Normalized Income": NaN,
        "Net Income From Continuing And Discontinued Operation": NaN,
        "Total Expenses": NaN,
        "Total Operating Income As Reported": NaN,
        "Diluted Average Shares": 115445285.0,
        "Basic Average Shares": 115445285.0,
        "Diluted EPS": -0.19,
        "Basic EPS": -0.19,
        "Diluted NI Availto Com Stockholders": NaN,
        "Net Income Common Stockholders": NaN,
        "Net Income": NaN,
        "Net Income Including Noncontrolling Interests": NaN,
        "Net Income Discontinuous Operations": -3404000.0,
        "Net Income Continuous Operations": NaN,
        "Tax Provision": NaN,
        "Pretax Income": NaN,
        "Other Income Expense": NaN,
        "Other Non Operating Income Expenses": NaN,
        "Net Non Operating Interest Income Expense": NaN,
        "Interest Income Non Operating": NaN,
        "Operating Income": NaN,
        "Operating Expense": NaN,
        "Selling General And Administration": NaN,
        "Gross Profit": NaN,
        "Cost Of Revenue": NaN,
        "Total Revenue": NaN,
        "Operating Revenue": NaN
    },
    "2023-01-31": {
        "Tax Effect Of Unusual Items": NaN,
        "Tax Rate For Calcs": NaN,
        "Normalized EBITDA": NaN,
        "Net Income From Continuing Operation Net Minority Interest": NaN,
        "Reconciled Depreciation": NaN,
        "Reconciled Cost Of Revenue": NaN,
        "EBITDA": NaN,
        "EBIT": NaN,
        "Net Interest Income": NaN,
        "Interest Income": NaN,
        "Normalized Income": NaN,
        "Net Income From Continuing And Discontinued Operation": NaN,
        "Total Expenses": NaN,
        "Total Operating Income As Reported": NaN,
        "Diluted Average Shares": NaN,
        "Basic Average Shares": NaN,
        "Diluted EPS": NaN,
        "Basic EPS": NaN,
        "Diluted NI Availto Com Stockholders": NaN,
        "Net Income Common Stockholders": NaN,
        "Net Income": NaN,
        "Net Income Including Noncontrolling Interests": NaN,
        "Net Income Discontinuous Operations": -2127000.0,
        "Net Income Continuous Operations": NaN,
        "Tax Provision": NaN,
        "Pretax Income": NaN,
        "Other Income Expense": NaN,
        "Other Non Operating Income Expenses": NaN,
        "Net Non Operating Interest Income Expense": NaN,
        "Interest Income Non Operating": NaN,
        "Operating Income": NaN,
        "Operating Expense": NaN,
        "Selling General And Administration": NaN,
        "Gross Profit": NaN,
        "Cost Of Revenue": NaN,
        "Total Revenue": NaN,
        "Operating Revenue": NaN
    },
    "2022-10-31": {
        "Tax Effect Of Unusual Items": NaN,
        "Tax Rate For Calcs": NaN,
        "Normalized EBITDA": NaN,
        "Net Income From Continuing Operation Net Minority Interest": NaN,
        "Reconciled Depreciation": NaN,
        "Reconciled Cost Of Revenue": NaN,
        "EBITDA": NaN,
        "EBIT": NaN,
        "Net Interest Income": NaN,
        "Interest Income": NaN,
        "Normalized Income": NaN,
        "Net Income From Continuing And Discontinued Operation": NaN,
        "Total Expenses": NaN,
        "Total Operating Income As Reported": NaN,
        "Diluted Average Shares": NaN,
        "Basic Average Shares": NaN,
        "Diluted EPS": NaN,
        "Basic EPS": NaN,
        "Diluted NI Availto Com Stockholders": NaN,
        "Net Income Common Stockholders": NaN,
        "Net Income": NaN,
        "Net Income Including Noncontrolling Interests": NaN,
        "Net Income Discontinuous Operations": -7766000.0,
        "Net Income Continuous Operations": NaN,
        "Tax Provision": NaN,
        "Pretax Income": NaN,
        "Other Income Expense": NaN,
        "Other Non Operating Income Expenses": NaN,
        "Net Non Operating Interest Income Expense": NaN,
        "Interest Income Non Operating": NaN,
        "Operating Income": NaN,
        "Operating Expense": NaN,
        "Selling General And Administration": NaN,
        "Gross Profit": NaN,
        "Cost Of Revenue": NaN,
        "Total Revenue": NaN,
        "Operating Revenue": NaN
    },
    "2022-07-31": {
        "Tax Effect Of Unusual Items": 0.0,
        "Tax Rate For Calcs": 0.033148,
        "Normalized EBITDA": -88617000.0,
        "Net Income From Continuing Operation Net Minority Interest": -96342000.0,
        "Reconciled Depreciation": 10000000.0,
        "Reconciled Cost Of Revenue": 289240000.0,
        "EBITDA": -88617000.0,
        "EBIT": -98617000.0,
        "Net Interest Income": 231000.0,
        "Interest Income": 231000.0,
        "Normalized Income": -96342000.0,
        "Net Income From Continuing And Discontinued Operation": -96342000.0,
        "Total Expenses": 580520000.0,
        "Total Operating Income As Reported": -98617000.0,
        "Diluted Average Shares": 108737161.0,
        "Basic Average Shares": 108737161.0,
        "Diluted EPS": -0.89,
        "Basic EPS": -0.89,
        "Diluted NI Availto Com Stockholders": -96342000.0,
        "Net Income Common Stockholders": -96342000.0,
        "Net Income": -96342000.0,
        "Net Income Including Noncontrolling Interests": -96342000.0,
        "Net Income Continuous Operations": -96342000.0,
        "Tax Provision": -3303000.0,
        "Pretax Income": -99645000.0,
        "Other Income Expense": -1259000.0,
        "Other Non Operating Income Expenses": -1259000.0,
        "Net Non Operating Interest Income Expense": 231000.0,
        "Interest Income Non Operating": 231000.0,
        "Operating Income": -98617000.0,
        "Operating Expense": 291280000.0,
        "Selling General And Administration": 291280000.0,
        "Gross Profit": 192663000.0,
        "Cost Of Revenue": 289240000.0,
        "Total Revenue": 481903000.0,
        "Operating Revenue": 481903000.0
    },
    "2022-04-30": {
        "Diluted EPS": -0.72,
        "Total Revenue": 493,
        "Gross Profit": 210,
        "Operating Income": -77,
        "EBIT": -67,
        "Net Income": -78
    },
    "2022-01-31": {
        "Diluted EPS": -0.28,
        "Total Revenue": 517,
        "Gross Profit": 233,
        "Operating Income": -31,
        "EBIT": -22,
        "Net Income": -31
    },
    "2021-10-31": {
        "Diluted EPS": -0.02,
        "Total Revenue": 581,
        "Gross Profit": 273,
        "Operating Income": -2,
        "EBIT": 6,
        "Net Income": -2
    },
    "2021-07-31": {
        "Diluted EPS": 0.21,
        "Total Revenue": 571,
        "Gross Profit": 265,
        "Operating Income": 21,
        "EBIT": 29,
        "Net Income": 21
    },
    "2021-04-30": {
        "Diluted EPS": -0.18,
        "Total Revenue": 536,
        "Gross Profit": 246,
        "Operating Income": -24,
        "EBIT": -16,
        "Net Income": -19
    },
    "2021-01-31": {
        "Diluted EPS": -0.2,
        "Total Revenue": 504,
        "Gross Profit": 216,
        "Operating Income": -40,
        "EBIT": -33,
        "Net Income": -21
    },
    "2020-10-31": {
        "Diluted EPS": 0.09,
        "Total Revenue": 490,
        "Gross Profit": 219,
        "Operating Income": -20,
        "EBIT": -13,
        "Net Income": 10
    },
    "2020-07-31": {
        "Diluted EPS": -0.44,
        "Total Revenue": 443,
        "Gross Profit": 199,
        "Operating Income": -14,
        "EBIT": -8,
        "Net Income": -44
    },
    "2020-04-30": {
        "Diluted EPS": -0.33,
        "Total Revenue": 372,
        "Gross Profit": 152,
        "Operating Income": -46,
        "EBIT": -40,
        "Net Income": -34
    },
    "2020-01-31": {
        "Diluted EPS": 0.11,
        "Total Revenue": 452,
        "Gross Profit": 202,
        "Operating Income": 8,
        "EBIT": 14,
        "Net Income": 11
    },
    "2019-10-31": {
        "Diluted EPS": 0.0,
        "Total Revenue": 445,
        "Gross Profit": 201,
        "Operating Income": 0,
        "EBIT": 5,
        "Net Income": 0
    },
    "2019-07-31": {
        "Diluted EPS": 0.07,
        "Total Revenue": 432,
        "Gross Profit": 190,
        "Operating Income": 2,
        "EBIT": 6,
        "Net Income": 7
    },
    "2019-04-30": {
        "Diluted EPS": 0.07,
        "Total Revenue": 409,
        "Gross Profit": 184,
        "Operating Income": -5,
        "EBIT": -1,
        "Net Income": 7
    },
    "2019-01-31": {
        "Diluted EPS": 0.12,
        "Total Revenue": 370,
        "Gross Profit": 163,
        "Operating Income": 15,
        "EBIT": 19,
        "Net Income": 12
    },
    "2018-10-31": {
        "Diluted EPS": 0.1,
        "Total Revenue": 366,
        "Gross Profit": 165,
        "Operating Income": 11,
        "EBIT": 14,
        "Net Income": 11
    },
    "2018-07-31": {
        "Diluted EPS": 0.19,
        "Total Revenue": 318,
        "Gross Profit": 141,
        "Operating Income": 8,
        "EBIT": 11,
        "Net Income": 19
    },
    "2018-04-30": {
        "Diluted EPS": 0.09,
        "Total Revenue": 317,
        "Gross Profit": 138,
        "Operating Income": 10,
        "EBIT": 12,
        "Net Income": 9
    },
    "2018-01-31": {
        "Diluted EPS": 0.02,
        "Total Revenue": 296,
        "Gross Profit": 127,
        "Operating Income": 16,
        "EBIT": 18,
        "Net Income": 3
    },
    "2017-10-31": {
        "Diluted EPS": 0.04,
        "Total Revenue": 296,
        "Gross Profit": 129,
        "Operating Income": 10,
        "EBIT": 12,
        "Net Income": 4
    },
    "2017-07-31": {
        "Diluted EPS": 0.22,
        "Total Revenue": 258,
        "Gross Profit": 112,
        "Operating Income": 0,
        "EBIT": 2,
        "Net Income": -5
    },
    "2017-04-30": {
        "Diluted EPS": -0.38,
        "Total Revenue": 245,
        "Gross Profit": 105,
        "Operating Income": 4,
        "EBIT": 6,
        "Net Income": -10
    },
    "2017-01-31": {
        "Diluted EPS": 0.0,
        "Total Revenue": 238,
        "Gross Profit": 107,
        "Operating Income": 1,
        "EBIT": 3,
        "Net Income": 0
    },
    "2016-10-31": {
        "Diluted EPS": 0.14,
        "Total Revenue": 236,
        "Gross Profit": 110,
        "Operating Income": 27,
        "EBIT": 28,
        "Net Income": 4
    },
    "2016-07-31": {
        "Diluted EPS": 0.0,
        "Total Revenue": NaN,
        "Gross Profit": NaN,
        "Operating Income": NaN,
        "EBIT": NaN,
        "Net Income": NaN
    },
    "2015-07-31": {
        "Diluted EPS": 0.0,
        "Total Revenue": NaN,
        "Gross Profit": NaN,
        "Operating Income": NaN,
        "EBIT": NaN,
        "Net Income": NaN
    },
    "2023-07-31": {
        "Tax Effect Of Unusual Items": NaN,
        "Tax Rate For Calcs": NaN,
        "Normalized EBITDA": NaN,
        "Net Income From Continuing Operation Net Minority Interest": NaN,
        "Reconciled Depreciation": NaN,
        "Reconciled Cost Of Revenue": NaN,
        "EBITDA": NaN,
        "EBIT": NaN,
        "Net Interest Income": NaN,
        "Interest Income": NaN,
        "Normalized Income": NaN,
        "Net Income From Continuing And Discontinued Operation": NaN,
        "Total Expenses": NaN,
        "Total Operating Income As Reported": NaN,
        "Diluted Average Shares": 117006653.0,
        "Basic Average Shares": 117006653.0,
        "Diluted EPS": -0.24,
        "Basic EPS": -0.24,
        "Diluted NI Availto Com Stockholders": NaN,
        "Net Income Common Stockholders": NaN,
        "Net Income": NaN,
        "Net Income Including Noncontrolling Interests": NaN,
        "Net Income Discontinuous Operations": NaN,
        "Net Income Continuous Operations": NaN,
        "Tax Provision": NaN,
        "Pretax Income": NaN,
        "Other Income Expense": NaN,
        "Other Non Operating Income Expenses": NaN,
        "Net Non Operating Interest Income Expense": NaN,
        "Interest Income Non Operating": NaN,
        "Operating Income": NaN,
        "Operating Expense": NaN,
        "Selling General And Administration": NaN,
        "Gross Profit": NaN,
        "Cost Of Revenue": NaN,
        "Total Revenue": NaN,
        "Operating Revenue": NaN
    },
    "2023-10-31": {
        "Tax Effect Of Unusual Items": 0.0,
        "Tax Rate For Calcs": 0.21,
        "Normalized EBITDA": -14877000.0,
        "Net Income From Continuing Operation Net Minority Interest": -26171000.0,
        "Reconciled Depreciation": 13784000.0,
        "Reconciled Cost Of Revenue": 205682000.0,
        "EBITDA": -14877000.0,
        "EBIT": -28661000.0,
        "Net Interest Income": 2248000.0,
        "Interest Income": 2248000.0,
        "Normalized Income": -26171000.0,
        "Net Income From Continuing And Discontinued Operation": -35490000.0,
        "Total Expenses": 393446000.0,
        "Total Operating Income As Reported": -28661000.0,
        "Diluted Average Shares": 116645160.0,
        "Basic Average Shares": 116645160.0,
        "Diluted EPS": -0.3,
        "Basic EPS": -0.3,
        "Diluted NI Availto Com Stockholders": -35490000.0,
        "Net Income Common Stockholders": -35490000.0,
        "Net Income": -35490000.0,
        "Net Income Including Noncontrolling Interests": -35490000.0,
        "Net Income Discontinuous Operations": -9319000.0,
        "Net Income Continuous Operations": -26171000.0,
        "Tax Provision": 169000.0,
        "Pretax Income": -26002000.0,
        "Other Income Expense": 411000.0,
        "Other Non Operating Income Expenses": 411000.0,
        "Net Non Operating Interest Income Expense": 2248000.0,
        "Interest Income Non Operating": 2248000.0,
        "Operating Income": -28661000.0,
        "Operating Expense": 187764000.0,
        "Selling General And Administration": 187764000.0,
        "Gross Profit": 159103000.0,
        "Cost Of Revenue": 205682000.0,
        "Total Revenue": 364785000.0,
        "Operating Revenue": 364785000.0
    },
    "2024-01-31": {
        "Tax Effect Of Unusual Items": 0.0,
        "Tax Rate For Calcs": 0.21,
        "Normalized EBITDA": -25229000.0,
        "Net Income From Continuing Operation Net Minority Interest": -34956000.0,
        "Reconciled Depreciation": 12809000.0,
        "Reconciled Cost Of Revenue": 186922000.0,
        "EBITDA": -25229000.0,
        "EBIT": -38038000.0,
        "Net Interest Income": 2673000.0,
        "Interest Income": 2673000.0,
        "Normalized Income": -34956000.0,
        "Net Income From Continuing And Discontinued Operation": -35524000.0,
        "Total Expenses": 368440000.0,
        "Total Operating Income As Reported": -38038000.0,
        "Diluted Average Shares": 119045026.0,
        "Basic Average Shares": 119045026.0,
        "Diluted EPS": -0.3,
        "Basic EPS": -0.3,
        "Diluted NI Availto Com Stockholders": -35524000.0,
        "Net Income Common Stockholders": -35524000.0,
        "Net Income": -35524000.0,
        "Net Income Including Noncontrolling Interests": -35524000.0,
        "Net Income Discontinuous Operations": -568000.0,
        "Net Income Continuous Operations": -34956000.0,
        "Tax Provision": 169000.0,
        "Pretax Income": -34787000.0,
        "Other Income Expense": 578000.0,
        "Other Non Operating Income Expenses": 578000.0,
        "Net Non Operating Interest Income Expense": 2673000.0,
        "Interest Income Non Operating": 2673000.0,
        "Operating Income": -38038000.0,
        "Operating Expense": 181518000.0,
        "Selling General And Administration": 181518000.0,
        "Gross Profit": 143480000.0,
        "Cost Of Revenue": 186922000.0,
        "Total Revenue": 330402000.0,
        "Operating Revenue": 330402000.0
    },
    "2024-04-30": {
        "Tax Effect Of Unusual Items": 0.0,
        "Tax Rate For Calcs": 0.21,
        "Normalized EBITDA": -14971000.0,
        "Net Income From Continuing Operation Net Minority Interest": -22017000.0,
        "Reconciled Depreciation": 9869000.0,
        "Reconciled Cost Of Revenue": 175753000.0,
        "EBITDA": -14971000.0,
        "EBIT": -24840000.0,
        "Net Interest Income": 3002000.0,
        "Interest Income": 3002000.0,
        "Normalized Income": -22017000.0,
        "Net Income From Continuing And Discontinued Operation": -21328000.0,
        "Total Expenses": 347571000.0,
        "Total Operating Income As Reported": -24840000.0,
        "Diluted Average Shares": NaN,
        "Basic Average Shares": NaN,
        "Diluted EPS": NaN,
        "Basic EPS": NaN,
        "Diluted NI Availto Com Stockholders": -21328000.0,
        "Net Income Common Stockholders": -21328000.0,
        "Net Income": -21328000.0,
        "Net Income Including Noncontrolling Interests": -21328000.0,
        "Net Income Discontinuous Operations": 689000.0,
        "Net Income Continuous Operations": -22017000.0,
        "Tax Provision": 170000.0,
        "Pretax Income": -21847000.0,
        "Other Income Expense": -9000.0,
        "Other Non Operating Income Expenses": -9000.0,
        "Net Non Operating Interest Income Expense": 3002000.0,
        "Interest Income Non Operating": 3002000.0,
        "Operating Income": -24840000.0,
        "Operating Expense": 171818000.0,
        "Selling General And Administration": 171818000.0,
        "Gross Profit": 146978000.0,
        "Cost Of Revenue": 175753000.0,
        "Total Revenue": 322731000.0,
        "Operating Revenue": 322731000.0
    },
    "2024-07-31": {
        "Tax Effect Of Unusual Items": 0.0,
        "Tax Rate For Calcs": 0.057214,
        "Normalized EBITDA": -33861000.0,
        "Net Income From Continuing Operation Net Minority Interest": -35741000.0,
        "Reconciled Depreciation": 8027000.0,
        "Reconciled Cost Of Revenue": 177073000.0,
        "EBITDA": -33861000.0,
        "EBIT": -41888000.0,
        "Net Interest Income": 3327000.0,
        "Interest Income": 3327000.0,
        "Normalized Income": -35741000.0,
        "Net Income From Continuing And Discontinued Operation": -36498000.0,
        "Total Expenses": 361438000.0,
        "Total Operating Income As Reported": -41888000.0,
        "Diluted Average Shares": 123635392.0,
        "Basic Average Shares": 123635392.0,
        "Diluted EPS": -0.3,
        "Basic EPS": -0.3,
        "Diluted NI Availto Com Stockholders": -36498000.0,
        "Net Income Common Stockholders": -36498000.0,
        "Net Income": -36498000.0,
        "Net Income Including Noncontrolling Interests": -36498000.0,
        "Net Income Discontinuous Operations": -757000.0,
        "Net Income Continuous Operations": -35741000.0,
        "Tax Provision": -2169000.0,
        "Pretax Income": -37910000.0,
        "Other Income Expense": 651000.0,
        "Other Non Operating Income Expenses": 651000.0,
        "Net Non Operating Interest Income Expense": 3327000.0,
        "Interest Income Non Operating": 3327000.0,
        "Operating Income": -41888000.0,
        "Operating Expense": 184365000.0,
        "Selling General And Administration": 184365000.0,
        "Gross Profit": 142477000.0,
        "Cost Of Revenue": 177073000.0,
        "Total Revenue": 319550000.0,
        "Operating Revenue": 319550000.0
    },
    "2024-10-31": {
        "Tax Effect Of Unusual Items": 0.0,
        "Tax Rate For Calcs": 0.21,
        "Normalized EBITDA": -2107000.0,
        "Net Income From Continuing Operation Net Minority Interest": -6263000.0,
        "Reconciled Depreciation": 6859000.0,
        "Reconciled Cost Of Revenue": 174013000.0,
        "EBITDA": -2107000.0,
        "EBIT": -8966000.0,
        "Net Interest Income": 2932000.0,
        "Interest Income": 2932000.0,
        "Normalized Income": -6263000.0,
        "Net Income From Continuing And Discontinued Operation": -6256000.0,
        "Total Expenses": 327784000.0,
        "Total Operating Income As Reported": -8966000.0,
        "Diluted Average Shares": 125972658.0,
        "Basic Average Shares": 125972658.0,
        "Diluted EPS": -0.05,
        "Basic EPS": -0.05,
        "Diluted NI Availto Com Stockholders": -6256000.0,
        "Net Income Common Stockholders": -6256000.0,
        "Net Income": -6256000.0,
        "Net Income Including Noncontrolling Interests": -6256000.0,
        "Net Income Discontinuous Operations": 7000.0,
        "Net Income Continuous Operations": -6263000.0,
        "Tax Provision": 157000.0,
        "Pretax Income": -6106000.0,
        "Other Income Expense": -72000.0,
        "Other Non Operating Income Expenses": -72000.0,
        "Net Non Operating Interest Income Expense": 2932000.0,
        "Interest Income Non Operating": 2932000.0,
        "Operating Income": -8966000.0,
        "Operating Expense": 153771000.0,
        "Selling General And Administration": 153771000.0,
        "Gross Profit": 144805000.0,
        "Cost Of Revenue": 174013000.0,
        "Total Revenue": 318818000.0,
        "Operating Revenue": 318818000.0
    },
    "2025-01-31": {
        "Tax Effect Of Unusual Items": 0.0,
        "Tax Rate For Calcs": 0.21,
        "Normalized EBITDA": -2403000.0,
        "Net Income From Continuing Operation Net Minority Interest": -6623000.0,
        "Reconciled Depreciation": 6622000.0,
        "Reconciled Cost Of Revenue": 173249000.0,
        "EBITDA": -2403000.0,
        "EBIT": -9025000.0,
        "Net Interest Income": 2663000.0,
        "Interest Income": 2663000.0,
        "Normalized Income": -6623000.0,
        "Net Income From Continuing And Discontinued Operation": -6529000.0,
        "Total Expenses": 321135000.0,
        "Total Operating Income As Reported": -9025000.0,
        "Diluted Average Shares": 127984475.0,
        "Basic Average Shares": 127984475.0,
        "Diluted EPS": -0.05,
        "Basic EPS": -0.05,
        "Diluted NI Availto Com Stockholders": -6529000.0,
        "Net Income Common Stockholders": -6529000.0,
        "Net Income": -6529000.0,
        "Net Income Including Noncontrolling Interests": -6529000.0,
        "Net Income Discontinuous Operations": 94000.0,
        "Net Income Continuous Operations": -6623000.0,
        "Tax Provision": 182000.0,
        "Pretax Income": -6441000.0,
        "Other Income Expense": -79000.0,
        "Other Non Operating Income Expenses": -79000.0,
        "Net Non Operating Interest Income Expense": 2663000.0,
        "Interest Income Non Operating": 2663000.0,
        "Operating Income": -9025000.0,
        "Operating Expense": 147886000.0,
        "Selling General And Administration": 147886000.0,
        "Gross Profit": 138861000.0,
        "Cost Of Revenue": 173249000.0,
        "Total Revenue": 312110000.0,
        "Operating Revenue": 312110000.0
    },
    "2025-04-30": {
        "Tax Effect Of Unusual Items": 0.0,
        "Tax Rate For Calcs": 0.21,
        "Normalized EBITDA": -3233000.0,
        "Net Income From Continuing Operation Net Minority Interest": -7381000.0,
        "Reconciled Depreciation": 6475000.0,
        "Reconciled Cost Of Revenue": 181458000.0,
        "EBITDA": -3233000.0,
        "EBIT": -9708000.0,
        "Net Interest Income": 2627000.0,
        "Interest Income": 2627000.0,
        "Normalized Income": -7381000.0,
        "Net Income From Continuing And Discontinued Operation": -7378000.0,
        "Total Expenses": 334724000.0,
        "Total Operating Income As Reported": -9708000.0,
        "Diluted Average Shares": 129792798.0,
        "Basic Average Shares": 129792798.0,
        "Diluted EPS": -0.06,
        "Basic EPS": -0.06,
        "Diluted NI Availto Com Stockholders": -7378000.0,
        "Net Income Common Stockholders": -7378000.0,
        "Net Income": -7378000.0,
        "Net Income Including Noncontrolling Interests": -7378000.0,
        "Net Income Discontinuous Operations": 3000.0,
        "Net Income Continuous Operations": -7381000.0,
        "Tax Provision": 241000.0,
        "Pretax Income": -7140000.0,
        "Other Income Expense": -59000.0,
        "Other Non Operating Income Expenses": -59000.0,
        "Net Non Operating Interest Income Expense": 2627000.0,
        "Interest Income Non Operating": 2627000.0,
        "Operating Income": -9708000.0,
        "Operating Expense": 153266000.0,
        "Selling General And Administration": 153266000.0,
        "Gross Profit": 143558000.0,
        "Cost Of Revenue": 181458000.0,
        "Total Revenue": 325016000.0,
        "Operating Revenue": 325016000.0
    },
    "2025-07-31": {
        "Tax Effect Of Unusual Items": 0.0,
        "Tax Rate For Calcs": 0.21,
        "Normalized EBITDA": -5038000.0,
        "Net Income From Continuing Operation Net Minority Interest": -8577000.0,
        "Reconciled Depreciation": 6168000.0,
        "Reconciled Cost Of Revenue": 175512000.0,
        "EBITDA": -5038000.0,
        "EBIT": -11206000.0,
        "Net Interest Income": 2487000.0,
        "Interest Income": 2487000.0,
        "Normalized Income": -8577000.0,
        "Net Income From Continuing And Discontinued Operation": -8576000.0,
        "Total Expenses": 322433000.0,
        "Total Operating Income As Reported": -11206000.0,
        "Diluted Average Shares": 131388256.0,
        "Basic Average Shares": 131388256.0,
        "Diluted EPS": -0.07,
        "Basic EPS": -0.07,
        "Diluted NI Availto Com Stockholders": -8576000.0,
        "Net Income Common Stockholders": -8576000.0,
        "Net Income": -8576000.0,
        "Net Income Including Noncontrolling Interests": -8576000.0,
        "Net Income Discontinuous Operations": 1000.0,
        "Net Income Continuous Operations": -8577000.0,
        "Tax Provision": 241000.0,
        "Pretax Income": -8336000.0,
        "Other Income Expense": 383000.0,
        "Other Non Operating Income Expenses": 383000.0,
        "Net Non Operating Interest Income Expense": 2487000.0,
        "Interest Income Non Operating": 2487000.0,
        "Operating Income": -11206000.0,
        "Operating Expense": 146921000.0,
        "Selling General And Administration": 146921000.0,
        "Gross Profit": 135715000.0,
        "Cost Of Revenue": 175512000.0,
        "Total Revenue": 311227000.0,
        "Operating Revenue": 311227000.0
    },
    "2025-10-31": {
        "Tax Effect Of Unusual Items": 0.0,
        "Tax Rate For Calcs": 0.21,
        "Normalized EBITDA": -2581000.0,
        "Net Income From Continuing Operation Net Minority Interest": -6362000.0,
        "Reconciled Depreciation": 5994000.0,
        "Reconciled Cost Of Revenue": 192803000.0,
        "EBITDA": -2581000.0,
        "EBIT": -8575000.0,
        "Net Interest Income": 2356000.0,
        "Interest Income": 2356000.0,
        "Normalized Income": -6362000.0,
        "Net Income From Continuing And Discontinued Operation": -6362000.0,
        "Total Expenses": 350702000.0,
        "Total Operating Income As Reported": -8575000.0,
        "Diluted Average Shares": 133345590.0,
        "Basic Average Shares": 133345590.0,
        "Diluted EPS": -0.05,
        "Basic EPS": -0.05,
        "Diluted NI Availto Com Stockholders": -6362000.0,
        "Net Income Common Stockholders": -6362000.0,
        "Net Income": -6362000.0,
        "Net Income Including Noncontrolling Interests": -6362000.0,
        "Net Income Discontinuous Operations": 0.0,
        "Net Income Continuous Operations": -6362000.0,
        "Tax Provision": 58000.0,
        "Pretax Income": -6304000.0,
        "Other Income Expense": -85000.0,
        "Other Non Operating Income Expenses": -85000.0,
        "Net Non Operating Interest Income Expense": 2356000.0,
        "Interest Income Non Operating": 2356000.0,
        "Operating Income": -8575000.0,
        "Operating Expense": 157899000.0,
        "Selling General And Administration": 157899000.0,
        "Gross Profit": 149324000.0,
        "Cost Of Revenue": 192803000.0,
        "Total Revenue": 342127000.0,
        "Operating Revenue": 342127000.0
    }
}