{
    "2023-03-31": {
        "Tax Effect Of Unusual Items": NaN,
        "Tax Rate For Calcs": NaN,
        "Normalized EBITDA": NaN,
        "Total Unusual Items": NaN,
        "Total Unusual Items Excluding Goodwill": NaN,
        "Net Income From Continuing Operation Net Minority Interest": NaN,
        "Reconciled Depreciation": NaN,
        "Reconciled Cost Of Revenue": NaN,
        "EBITDA": NaN,
        "EBIT": NaN,
        "Net Interest Income": NaN,
        "Interest Expense": NaN,
        "Interest Income": NaN,
        "Normalized Income": NaN,
        "Net Income From Continuing And Discontinued Operation": NaN,
        "Total Expenses": NaN,
        "Total Operating Income As Reported": NaN,
        "Diluted Average Shares": 127012000.0,
        "Basic Average Shares": 126796000.0,
        "Diluted EPS": 0.05,
        "Basic EPS": 0.05,
        "Diluted NI Availto Com Stockholders": NaN,
        "Average Dilution Earnings": NaN,
        "Net Income Common Stockholders": NaN,
        "Net Income": NaN,
        "Net Income Including Noncontrolling Interests": NaN,
        "Net Income Continuous Operations": NaN,
        "Tax Provision": NaN,
        "Pretax Income": NaN,
        "Other Income Expense": NaN,
        "Other Non Operating Income Expenses": -1813000.0,
        "Special Income Charges": NaN,
        "Gain On Sale Of Ppe": NaN,
        "Other Special Charges": NaN,
        "Impairment Of Capital Assets": NaN,
        "Earnings From Equity Interest": NaN,
        "Gain On Sale Of Security": NaN,
        "Net Non Operating Interest Income Expense": NaN,
        "Total Other Finance Cost": NaN,
        "Interest Expense Non Operating": NaN,
        "Interest Income Non Operating": NaN,
        "Operating Income": NaN,
        "Operating Expense": NaN,
        "Other Operating Expenses": NaN,
        "Provision For Doubtful Accounts": -259000.0,
        "Selling General And Administration": NaN,
        "General And Administrative Expense": NaN,
        "Other Gand A": NaN,
        "Gross Profit": NaN,
        "Cost Of Revenue": NaN,
        "Total Revenue": NaN,
        "Operating Revenue": NaN
    },
    "2022-12-31": {
        "Tax Effect Of Unusual Items": NaN,
        "Tax Rate For Calcs": NaN,
        "Normalized EBITDA": NaN,
        "Total Unusual Items": NaN,
        "Total Unusual Items Excluding Goodwill": NaN,
        "Net Income From Continuing Operation Net Minority Interest": NaN,
        "Reconciled Depreciation": NaN,
        "Reconciled Cost Of Revenue": NaN,
        "EBITDA": NaN,
        "EBIT": NaN,
        "Net Interest Income": NaN,
        "Interest Expense": NaN,
        "Interest Income": NaN,
        "Normalized Income": NaN,
        "Net Income From Continuing And Discontinued Operation": NaN,
        "Total Expenses": NaN,
        "Total Operating Income As Reported": NaN,
        "Diluted Average Shares": 126796331.0,
        "Basic Average Shares": 126796331.0,
        "Diluted EPS": 0.38,
        "Basic EPS": 0.38,
        "Diluted NI Availto Com Stockholders": NaN,
        "Average Dilution Earnings": 1877000.0,
        "Net Income Common Stockholders": NaN,
        "Net Income": NaN,
        "Net Income Including Noncontrolling Interests": NaN,
        "Net Income Continuous Operations": NaN,
        "Tax Provision": NaN,
        "Pretax Income": NaN,
        "Other Income Expense": NaN,
        "Other Non Operating Income Expenses": NaN,
        "Special Income Charges": NaN,
        "Gain On Sale Of Ppe": NaN,
        "Other Special Charges": NaN,
        "Impairment Of Capital Assets": NaN,
        "Earnings From Equity Interest": NaN,
        "Gain On Sale Of Security": NaN,
        "Net Non Operating Interest Income Expense": NaN,
        "Total Other Finance Cost": NaN,
        "Interest Expense Non Operating": NaN,
        "Interest Income Non Operating": NaN,
        "Operating Income": NaN,
        "Operating Expense": NaN,
        "Provision For Doubtful Accounts": -409000.0,
        "Selling General And Administration": NaN,
        "General And Administrative Expense": NaN,
        "Other Gand A": NaN,
        "Gross Profit": NaN,
        "Cost Of Revenue": NaN,
        "Total Revenue": NaN,
        "Operating Revenue": NaN
    },
    "2022-09-30": {
        "Tax Effect Of Unusual Items": NaN,
        "Tax Rate For Calcs": NaN,
        "Normalized EBITDA": NaN,
        "Total Unusual Items": NaN,
        "Total Unusual Items Excluding Goodwill": NaN,
        "Net Income From Continuing Operation Net Minority Interest": NaN,
        "Reconciled Depreciation": 50333000.0,
        "Reconciled Cost Of Revenue": NaN,
        "EBITDA": NaN,
        "EBIT": NaN,
        "Net Interest Income": NaN,
        "Interest Expense": NaN,
        "Interest Income": NaN,
        "Normalized Income": NaN,
        "Net Income From Continuing And Discontinued Operation": NaN,
        "Total Expenses": NaN,
        "Total Operating Income As Reported": NaN,
        "Diluted Average Shares": NaN,
        "Basic Average Shares": NaN,
        "Diluted EPS": NaN,
        "Basic EPS": NaN,
        "Diluted NI Availto Com Stockholders": NaN,
        "Average Dilution Earnings": NaN,
        "Net Income Common Stockholders": NaN,
        "Net Income": NaN,
        "Net Income Including Noncontrolling Interests": NaN,
        "Net Income Continuous Operations": NaN,
        "Tax Provision": 0.0,
        "Pretax Income": NaN,
        "Other Income Expense": NaN,
        "Other Non Operating Income Expenses": -2272000.0,
        "Special Income Charges": NaN,
        "Gain On Sale Of Ppe": NaN,
        "Other Special Charges": NaN,
        "Impairment Of Capital Assets": NaN,
        "Earnings From Equity Interest": NaN,
        "Gain On Sale Of Security": NaN,
        "Net Non Operating Interest Income Expense": NaN,
        "Total Other Finance Cost": 747000.0,
        "Interest Expense Non Operating": NaN,
        "Interest Income Non Operating": NaN,
        "Operating Income": NaN,
        "Operating Expense": NaN,
        "Provision For Doubtful Accounts": 469000.0,
        "Selling General And Administration": NaN,
        "General And Administrative Expense": NaN,
        "Other Gand A": NaN,
        "Gross Profit": NaN,
        "Cost Of Revenue": NaN,
        "Total Revenue": NaN,
        "Operating Revenue": NaN
    },
    "2022-06-30": {
        "Tax Effect Of Unusual Items": 0.0,
        "Tax Rate For Calcs": 0.0,
        "Normalized EBITDA": 117523000.0,
        "Total Unusual Items": 14390000.0,
        "Total Unusual Items Excluding Goodwill": 14390000.0,
        "Net Income From Continuing Operation Net Minority Interest": 57408000.0,
        "Reconciled Depreciation": 49632000.0,
        "Reconciled Cost Of Revenue": 86442000.0,
        "EBITDA": 131913000.0,
        "EBIT": 82281000.0,
        "Net Interest Income": -19344000.0,
        "Interest Expense": 24873000.0,
        "Interest Income": 5529000.0,
        "Normalized Income": 43018000.0,
        "Net Income From Continuing And Discontinued Operation": 57408000.0,
        "Total Expenses": 90219000.0,
        "Total Operating Income As Reported": 76306000.0,
        "Diluted Average Shares": 126785545.0,
        "Basic Average Shares": 126785545.0,
        "Diluted EPS": 0.45,
        "Basic EPS": 0.45,
        "Diluted NI Availto Com Stockholders": 57408000.0,
        "Average Dilution Earnings": NaN,
        "Net Income Common Stockholders": 57408000.0,
        "Net Income": 57408000.0,
        "Net Income Including Noncontrolling Interests": 57408000.0,
        "Net Income Continuous Operations": 57408000.0,
        "Tax Provision": 0.0,
        "Pretax Income": 57408000.0,
        "Other Income Expense": 13674000.0,
        "Other Non Operating Income Expenses": -1422000.0,
        "Special Income Charges": 13228000.0,
        "Gain On Sale Of Ppe": 13228000.0,
        "Impairment Of Capital Assets": 0.0,
        "Earnings From Equity Interest": 706000.0,
        "Gain On Sale Of Security": 1162000.0,
        "Net Non Operating Interest Income Expense": -19344000.0,
        "Total Other Finance Cost": 799000.0,
        "Interest Expense Non Operating": 24873000.0,
        "Interest Income Non Operating": 5529000.0,
        "Operating Income": 63078000.0,
        "Operating Expense": 3777000.0,
        "Provision For Doubtful Accounts": NaN,
        "Selling General And Administration": 3777000.0,
        "General And Administrative Expense": 3777000.0,
        "Other Gand A": 3777000.0,
        "Gross Profit": 66855000.0,
        "Cost Of Revenue": 86442000.0,
        "Total Revenue": 153297000.0,
        "Operating Revenue": 153297000.0
    },
    "2022-03-31": {
        "Diluted EPS": 0.36,
        "Total Revenue": 152,
        "Gross Profit": 109,
        "Operating Income": 59,
        "EBIT": 59,
        "Net Income": 47
    },
    "2021-12-31": {
        "Diluted EPS": 0.62,
        "Total Revenue": 152,
        "Gross Profit": 109,
        "Operating Income": 103,
        "EBIT": 103,
        "Net Income": 80
    },
    "2021-09-30": {
        "Diluted EPS": 0.26,
        "Total Revenue": 135,
        "Gross Profit": 93,
        "Operating Income": 55,
        "EBIT": 55,
        "Net Income": 33
    },
    "2021-06-30": {
        "Diluted EPS": 0.16,
        "Total Revenue": 117,
        "Gross Profit": 81,
        "Operating Income": 43,
        "EBIT": 43,
        "Net Income": 20
    },
    "2021-03-31": {
        "Diluted EPS": 0.26,
        "Total Revenue": 109,
        "Gross Profit": 73,
        "Operating Income": 42,
        "EBIT": 42,
        "Net Income": 31
    },
    "2020-09-30": {
        "Diluted EPS": 0.15,
        "Total Revenue": 116,
        "Gross Profit": 77,
        "Operating Income": 46,
        "EBIT": 46,
        "Net Income": 16
    },
    "2020-06-30": {
        "Diluted EPS": 0.11,
        "Total Revenue": 118,
        "Gross Profit": 80,
        "Operating Income": 49,
        "EBIT": 49,
        "Net Income": 12
    },
    "2019-09-30": {
        "Diluted EPS": 0.0,
        "Total Revenue": NaN,
        "Gross Profit": NaN,
        "Operating Income": NaN,
        "EBIT": NaN,
        "Net Income": NaN
    },
    "2019-06-30": {
        "Diluted EPS": 0.26,
        "Total Revenue": 111,
        "Gross Profit": 78,
        "Operating Income": 46,
        "EBIT": 46,
        "Net Income": 28
    },
    "2019-03-31": {
        "Diluted EPS": 0.31,
        "Total Revenue": 117,
        "Gross Profit": 84,
        "Operating Income": 51,
        "EBIT": 83,
        "Net Income": 34
    },
    "2018-12-31": {
        "Diluted EPS": 0.02,
        "Total Revenue": 119,
        "Gross Profit": 85,
        "Operating Income": 22,
        "EBIT": 56,
        "Net Income": 3
    },
    "2018-09-30": {
        "Diluted EPS": 0.28,
        "Total Revenue": 111,
        "Gross Profit": 78,
        "Operating Income": 43,
        "EBIT": 72,
        "Net Income": 30
    },
    "2018-06-30": {
        "Diluted EPS": 0.15,
        "Total Revenue": 97,
        "Gross Profit": 66,
        "Operating Income": 17,
        "EBIT": 44,
        "Net Income": 16
    },
    "2018-03-31": {
        "Diluted EPS": 0.24,
        "Total Revenue": 92,
        "Gross Profit": 62,
        "Operating Income": 35,
        "EBIT": 59,
        "Net Income": 25
    },
    "2017-12-31": {
        "Diluted EPS": 0.15,
        "Total Revenue": 96,
        "Gross Profit": 63,
        "Operating Income": 39,
        "EBIT": 63,
        "Net Income": 20
    },
    "2017-09-30": {
        "Diluted EPS": 0.31,
        "Total Revenue": 94,
        "Gross Profit": 61,
        "Operating Income": 38,
        "EBIT": 62,
        "Net Income": 29
    },
    "2017-06-30": {
        "Diluted EPS": 0.22,
        "Total Revenue": 94,
        "Gross Profit": 62,
        "Operating Income": 39,
        "EBIT": 64,
        "Net Income": 20
    },
    "2017-03-31": {
        "Diluted EPS": 0.35,
        "Total Revenue": 97,
        "Gross Profit": 63,
        "Operating Income": 40,
        "EBIT": 62,
        "Net Income": 32
    },
    "2016-12-31": {
        "Diluted EPS": 0.23,
        "Total Revenue": 98,
        "Gross Profit": 65,
        "Operating Income": 34,
        "EBIT": 60,
        "Net Income": 29
    },
    "2016-09-30": {
        "Diluted EPS": 0.35,
        "Total Revenue": 94,
        "Gross Profit": 59,
        "Operating Income": 33,
        "EBIT": 59,
        "Net Income": 32
    },
    "2016-06-30": {
        "Diluted EPS": 0.42,
        "Total Revenue": 104,
        "Gross Profit": 70,
        "Operating Income": 44,
        "EBIT": 71,
        "Net Income": 39
    },
    "2016-03-31": {
        "Diluted EPS": 0.5,
        "Total Revenue": 118,
        "Gross Profit": 83,
        "Operating Income": 57,
        "EBIT": 82,
        "Net Income": 47
    },
    "2015-12-31": {
        "Diluted EPS": 0.34,
        "Total Revenue": 114,
        "Gross Profit": 81,
        "Operating Income": 49,
        "EBIT": 73,
        "Net Income": 54
    },
    "2015-09-30": {
        "Diluted EPS": 0.49,
        "Total Revenue": 111,
        "Gross Profit": 76,
        "Operating Income": 59,
        "EBIT": 81,
        "Net Income": 45
    },
    "2015-06-30": {
        "Diluted EPS": 0.73,
        "Total Revenue": 92,
        "Gross Profit": 66,
        "Operating Income": 17,
        "EBIT": 37,
        "Net Income": 68
    },
    "2015-03-31": {
        "Diluted EPS": 0.32,
        "Total Revenue": 90,
        "Gross Profit": 63,
        "Operating Income": 42,
        "EBIT": 63,
        "Net Income": 33
    },
    "2014-12-31": {
        "Diluted EPS": 0.23,
        "Total Revenue": 89,
        "Gross Profit": 58,
        "Operating Income": 29,
        "EBIT": 50,
        "Net Income": 25
    },
    "2014-09-30": {
        "Diluted EPS": 0.37,
        "Total Revenue": 83,
        "Gross Profit": 53,
        "Operating Income": 38,
        "EBIT": 58,
        "Net Income": 35
    },
    "2014-06-30": {
        "Diluted EPS": 0.24,
        "Total Revenue": 73,
        "Gross Profit": 44,
        "Operating Income": 31,
        "EBIT": 50,
        "Net Income": 22
    },
    "2014-03-31": {
        "Diluted EPS": 0.4,
        "Total Revenue": 83,
        "Gross Profit": 54,
        "Operating Income": 47,
        "EBIT": 64,
        "Net Income": 41
    },
    "2013-12-31": {
        "Diluted EPS": 0.23,
        "Total Revenue": 72,
        "Gross Profit": 41,
        "Operating Income": 23,
        "EBIT": 42,
        "Net Income": 18
    },
    "2013-09-30": {
        "Diluted EPS": 0.14,
        "Total Revenue": 68,
        "Gross Profit": 41,
        "Operating Income": 24,
        "EBIT": 41,
        "Net Income": 13
    },
    "2013-06-30": {
        "Diluted EPS": 0.29,
        "Total Revenue": 66,
        "Gross Profit": 42,
        "Operating Income": 26,
        "EBIT": 42,
        "Net Income": 25
    },
    "2013-03-31": {
        "Diluted EPS": 0.33,
        "Total Revenue": 65,
        "Gross Profit": 42,
        "Operating Income": 44,
        "EBIT": 60,
        "Net Income": 32
    },
    "2012-12-31": {
        "Diluted EPS": 0.53,
        "Total Revenue": 78,
        "Gross Profit": 4,
        "Operating Income": 58,
        "EBIT": 73,
        "Net Income": 51
    },
    "2012-09-30": {
        "Diluted EPS": 0.44,
        "Total Revenue": 74,
        "Gross Profit": 74,
        "Operating Income": 35,
        "EBIT": 50,
        "Net Income": 35
    },
    "2012-06-30": {
        "Diluted EPS": 0.77,
        "Total Revenue": 84,
        "Gross Profit": 84,
        "Operating Income": 66,
        "EBIT": 81,
        "Net Income": 61
    },
    "2012-03-31": {
        "Diluted EPS": 0.48,
        "Total Revenue": 84,
        "Gross Profit": 62,
        "Operating Income": 48,
        "EBIT": 63,
        "Net Income": 39
    },
    "2011-12-31": {
        "Diluted EPS": 0.38,
        "Total Revenue": 76,
        "Gross Profit": 76,
        "Operating Income": 42,
        "EBIT": 20,
        "Net Income": 30
    },
    "2011-09-30": {
        "Diluted EPS": 0.35,
        "Total Revenue": 73,
        "Gross Profit": 73,
        "Operating Income": 38,
        "EBIT": 52,
        "Net Income": 27
    },
    "2011-06-30": {
        "Diluted EPS": 0.52,
        "Total Revenue": 74,
        "Gross Profit": 74,
        "Operating Income": 45,
        "EBIT": 58,
        "Net Income": 41
    },
    "2011-03-31": {
        "Diluted EPS": 0.41,
        "Total Revenue": 72,
        "Gross Profit": 52,
        "Operating Income": 38,
        "EBIT": 49,
        "Net Income": 32
    },
    "2010-12-31": {
        "Diluted EPS": 0.39,
        "Total Revenue": 71,
        "Gross Profit": 51,
        "Operating Income": 67,
        "EBIT": 78,
        "Net Income": 31
    },
    "2010-09-30": {
        "Diluted EPS": 0.44,
        "Total Revenue": 74,
        "Gross Profit": 54,
        "Operating Income": 44,
        "EBIT": 53,
        "Net Income": 35
    },
    "2010-06-30": {
        "Diluted EPS": 0.55,
        "Total Revenue": 80,
        "Gross Profit": 60,
        "Operating Income": 50,
        "EBIT": 58,
        "Net Income": 44
    },
    "2010-03-31": {
        "Diluted EPS": 0.72,
        "Total Revenue": 83,
        "Gross Profit": 62,
        "Operating Income": 51,
        "EBIT": 60,
        "Net Income": 57
    },
    "2009-12-31": {
        "Diluted EPS": 0.8,
        "Total Revenue": 80,
        "Gross Profit": 58,
        "Operating Income": 46,
        "EBIT": 55,
        "Net Income": 62
    },
    "2009-09-30": {
        "Diluted EPS": 0.44,
        "Total Revenue": 80,
        "Gross Profit": 58,
        "Operating Income": 46,
        "EBIT": 55,
        "Net Income": 34
    },
    "2009-06-30": {
        "Diluted EPS": 0.72,
        "Total Revenue": 88,
        "Gross Profit": 65,
        "Operating Income": 55,
        "EBIT": 62,
        "Net Income": 54
    },
    "2009-03-31": {
        "Diluted EPS": 0.59,
        "Total Revenue": 97,
        "Gross Profit": 73,
        "Operating Income": 63,
        "EBIT": 71,
        "Net Income": 43
    },
    "2023-06-30": {
        "Tax Effect Of Unusual Items": NaN,
        "Tax Rate For Calcs": NaN,
        "Normalized EBITDA": NaN,
        "Total Unusual Items": NaN,
        "Total Unusual Items Excluding Goodwill": NaN,
        "Net Income From Continuing Operation Net Minority Interest": NaN,
        "Reconciled Depreciation": NaN,
        "Reconciled Cost Of Revenue": NaN,
        "EBITDA": NaN,
        "EBIT": NaN,
        "Net Interest Income": NaN,
        "Interest Expense": NaN,
        "Interest Income": NaN,
        "Normalized Income": NaN,
        "Net Income From Continuing And Discontinued Operation": NaN,
        "Total Expenses": NaN,
        "Total Operating Income As Reported": NaN,
        "Diluted Average Shares": NaN,
        "Basic Average Shares": NaN,
        "Diluted EPS": NaN,
        "Basic EPS": NaN,
        "Diluted NI Availto Com Stockholders": NaN,
        "Average Dilution Earnings": NaN,
        "Net Income Common Stockholders": NaN,
        "Net Income": NaN,
        "Net Income Including Noncontrolling Interests": NaN,
        "Net Income Continuous Operations": NaN,
        "Tax Provision": NaN,
        "Pretax Income": NaN,
        "Other Income Expense": NaN,
        "Other Non Operating Income Expenses": -1805000.0,
        "Special Income Charges": NaN,
        "Gain On Sale Of Ppe": NaN,
        "Other Special Charges": NaN,
        "Impairment Of Capital Assets": NaN,
        "Earnings From Equity Interest": NaN,
        "Gain On Sale Of Security": NaN,
        "Net Non Operating Interest Income Expense": NaN,
        "Total Other Finance Cost": NaN,
        "Interest Expense Non Operating": NaN,
        "Interest Income Non Operating": NaN,
        "Operating Income": NaN,
        "Operating Expense": NaN,
        "Other Operating Expenses": NaN,
        "Provision For Doubtful Accounts": NaN,
        "Selling General And Administration": NaN,
        "General And Administrative Expense": NaN,
        "Other Gand A": NaN,
        "Gross Profit": NaN,
        "Cost Of Revenue": NaN,
        "Total Revenue": NaN,
        "Operating Revenue": NaN
    },
    "2023-09-30": {
        "Tax Effect Of Unusual Items": NaN,
        "Tax Rate For Calcs": NaN,
        "Normalized EBITDA": NaN,
        "Total Unusual Items": NaN,
        "Total Unusual Items Excluding Goodwill": NaN,
        "Net Income From Continuing Operation Net Minority Interest": NaN,
        "Reconciled Depreciation": NaN,
        "Reconciled Cost Of Revenue": NaN,
        "EBITDA": NaN,
        "EBIT": NaN,
        "Net Interest Income": NaN,
        "Interest Expense": NaN,
        "Interest Income": NaN,
        "Normalized Income": NaN,
        "Net Income From Continuing And Discontinued Operation": NaN,
        "Total Expenses": NaN,
        "Total Operating Income As Reported": NaN,
        "Diluted Average Shares": NaN,
        "Basic Average Shares": NaN,
        "Diluted EPS": NaN,
        "Basic EPS": NaN,
        "Diluted NI Availto Com Stockholders": NaN,
        "Average Dilution Earnings": NaN,
        "Net Income Common Stockholders": NaN,
        "Net Income": NaN,
        "Net Income Including Noncontrolling Interests": NaN,
        "Net Income Continuous Operations": NaN,
        "Tax Provision": NaN,
        "Pretax Income": NaN,
        "Other Income Expense": NaN,
        "Special Income Charges": NaN,
        "Gain On Sale Of Ppe": NaN,
        "Other Special Charges": 0.0,
        "Impairment Of Capital Assets": NaN,
        "Earnings From Equity Interest": NaN,
        "Gain On Sale Of Security": NaN,
        "Net Non Operating Interest Income Expense": NaN,
        "Total Other Finance Cost": NaN,
        "Interest Expense Non Operating": NaN,
        "Interest Income Non Operating": NaN,
        "Operating Income": NaN,
        "Operating Expense": NaN,
        "Other Operating Expenses": NaN,
        "Provision For Doubtful Accounts": -326000.0,
        "Selling General And Administration": NaN,
        "General And Administrative Expense": NaN,
        "Other Gand A": NaN,
        "Gross Profit": NaN,
        "Cost Of Revenue": NaN,
        "Total Revenue": NaN,
        "Operating Revenue": NaN
    },
    "2023-12-31": {
        "Tax Effect Of Unusual Items": NaN,
        "Tax Rate For Calcs": NaN,
        "Normalized EBITDA": NaN,
        "Total Unusual Items": NaN,
        "Total Unusual Items Excluding Goodwill": NaN,
        "Net Income From Continuing Operation Net Minority Interest": NaN,
        "Reconciled Depreciation": NaN,
        "Reconciled Cost Of Revenue": NaN,
        "EBITDA": NaN,
        "EBIT": NaN,
        "Net Interest Income": NaN,
        "Interest Expense": NaN,
        "Interest Income": NaN,
        "Normalized Income": NaN,
        "Net Income From Continuing And Discontinued Operation": NaN,
        "Total Expenses": NaN,
        "Total Operating Income As Reported": NaN,
        "Diluted Average Shares": NaN,
        "Basic Average Shares": NaN,
        "Diluted EPS": NaN,
        "Basic EPS": NaN,
        "Diluted NI Availto Com Stockholders": NaN,
        "Average Dilution Earnings": -1624000.0,
        "Net Income Common Stockholders": NaN,
        "Net Income": NaN,
        "Net Income Including Noncontrolling Interests": NaN,
        "Net Income Continuous Operations": NaN,
        "Tax Provision": NaN,
        "Pretax Income": NaN,
        "Other Income Expense": NaN,
        "Special Income Charges": NaN,
        "Gain On Sale Of Ppe": NaN,
        "Other Special Charges": 0.0,
        "Impairment Of Capital Assets": NaN,
        "Earnings From Equity Interest": NaN,
        "Gain On Sale Of Security": NaN,
        "Net Non Operating Interest Income Expense": NaN,
        "Total Other Finance Cost": NaN,
        "Interest Expense Non Operating": NaN,
        "Interest Income Non Operating": NaN,
        "Operating Income": NaN,
        "Operating Expense": NaN,
        "Other Operating Expenses": NaN,
        "Provision For Doubtful Accounts": 270000.0,
        "Selling General And Administration": NaN,
        "General And Administrative Expense": NaN,
        "Other Gand A": NaN,
        "Gross Profit": NaN,
        "Cost Of Revenue": NaN,
        "Total Revenue": NaN,
        "Operating Revenue": NaN
    },
    "2024-03-31": {
        "Tax Effect Of Unusual Items": NaN,
        "Tax Rate For Calcs": NaN,
        "Normalized EBITDA": NaN,
        "Total Unusual Items": NaN,
        "Total Unusual Items Excluding Goodwill": NaN,
        "Net Income From Continuing Operation Net Minority Interest": NaN,
        "Reconciled Depreciation": NaN,
        "Reconciled Cost Of Revenue": NaN,
        "EBITDA": NaN,
        "EBIT": NaN,
        "Net Interest Income": NaN,
        "Interest Expense": NaN,
        "Interest Income": NaN,
        "Normalized Income": NaN,
        "Net Income From Continuing And Discontinued Operation": NaN,
        "Total Expenses": NaN,
        "Total Operating Income As Reported": 85474000.0,
        "Diluted Average Shares": 126346000.0,
        "Basic Average Shares": 125763000.0,
        "Diluted EPS": 0.36,
        "Basic EPS": 0.36,
        "Diluted NI Availto Com Stockholders": NaN,
        "Net Income Common Stockholders": NaN,
        "Net Income": NaN,
        "Net Income Including Noncontrolling Interests": NaN,
        "Net Income Continuous Operations": NaN,
        "Tax Provision": NaN,
        "Pretax Income": NaN,
        "Other Income Expense": NaN,
        "Special Income Charges": NaN,
        "Gain On Sale Of Ppe": NaN,
        "Impairment Of Capital Assets": NaN,
        "Earnings From Equity Interest": NaN,
        "Gain On Sale Of Security": NaN,
        "Net Non Operating Interest Income Expense": NaN,
        "Total Other Finance Cost": NaN,
        "Interest Expense Non Operating": NaN,
        "Interest Income Non Operating": NaN,
        "Operating Income": NaN,
        "Operating Expense": NaN,
        "Other Operating Expenses": NaN,
        "Provision For Doubtful Accounts": 59000.0,
        "Selling General And Administration": NaN,
        "General And Administrative Expense": NaN,
        "Other Gand A": NaN,
        "Gross Profit": NaN,
        "Cost Of Revenue": NaN,
        "Total Revenue": NaN,
        "Operating Revenue": NaN
    },
    "2024-06-30": {
        "Tax Effect Of Unusual Items": 15523.501973,
        "Tax Rate For Calcs": 0.074632,
        "Normalized EBITDA": 125505000.0,
        "Total Unusual Items": 208000.0,
        "Total Unusual Items Excluding Goodwill": 208000.0,
        "Net Income From Continuing Operation Net Minority Interest": 20632000.0,
        "Reconciled Depreciation": 58121000.0,
        "Reconciled Cost Of Revenue": 123325000.0,
        "EBITDA": 125713000.0,
        "EBIT": 67592000.0,
        "Net Interest Income": -39498000.0,
        "Interest Expense": 45296000.0,
        "Interest Income": 6559000.0,
        "Normalized Income": 20439523.501973,
        "Net Income From Continuing And Discontinued Operation": 20632000.0,
        "Total Expenses": 126304000.0,
        "Total Operating Income As Reported": 62226000.0,
        "Diluted Average Shares": NaN,
        "Basic Average Shares": NaN,
        "Diluted EPS": NaN,
        "Basic EPS": NaN,
        "Diluted NI Availto Com Stockholders": 20632000.0,
        "Net Income Common Stockholders": 20632000.0,
        "Net Income": 20632000.0,
        "Net Income Including Noncontrolling Interests": 20632000.0,
        "Net Income Continuous Operations": 20632000.0,
        "Tax Provision": 1664000.0,
        "Pretax Income": 22296000.0,
        "Other Income Expense": 905000.0,
        "Special Income Charges": 0.0,
        "Gain On Sale Of Ppe": 0.0,
        "Impairment Of Capital Assets": 0.0,
        "Earnings From Equity Interest": 697000.0,
        "Gain On Sale Of Security": 208000.0,
        "Net Non Operating Interest Income Expense": -39498000.0,
        "Total Other Finance Cost": 761000.0,
        "Interest Expense Non Operating": 45296000.0,
        "Interest Income Non Operating": 6559000.0,
        "Operating Income": 60889000.0,
        "Operating Expense": 2979000.0,
        "Other Operating Expenses": -2326000.0,
        "Provision For Doubtful Accounts": NaN,
        "Selling General And Administration": 5364000.0,
        "General And Administrative Expense": 5364000.0,
        "Other Gand A": 5364000.0,
        "Gross Profit": 63868000.0,
        "Cost Of Revenue": 123325000.0,
        "Total Revenue": 187193000.0,
        "Operating Revenue": 187193000.0
    },
    "2024-09-30": {
        "Tax Effect Of Unusual Items": -9347.958562,
        "Tax Rate For Calcs": 0.064469,
        "Normalized EBITDA": 156203000.0,
        "Total Unusual Items": -145000.0,
        "Total Unusual Items Excluding Goodwill": -145000.0,
        "Net Income From Continuing Operation Net Minority Interest": 44521000.0,
        "Reconciled Depreciation": 62018000.0,
        "Reconciled Cost Of Revenue": 156256000.0,
        "EBITDA": 156058000.0,
        "EBIT": 94040000.0,
        "Net Interest Income": -46539000.0,
        "Interest Expense": 46451000.0,
        "Interest Income": 454000.0,
        "Normalized Income": 44656652.041438,
        "Net Income From Continuing And Discontinued Operation": 44521000.0,
        "Total Expenses": 159107000.0,
        "Total Operating Income As Reported": 94139000.0,
        "Diluted Average Shares": 131769469.0,
        "Basic Average Shares": 131769469.0,
        "Diluted EPS": 0.34,
        "Basic EPS": 0.34,
        "Diluted NI Availto Com Stockholders": 44521000.0,
        "Net Income Common Stockholders": 44521000.0,
        "Net Income": 44521000.0,
        "Net Income Including Noncontrolling Interests": 44521000.0,
        "Net Income Continuous Operations": 44521000.0,
        "Tax Provision": 3068000.0,
        "Pretax Income": 47589000.0,
        "Other Income Expense": 524000.0,
        "Special Income Charges": 0.0,
        "Gain On Sale Of Ppe": 0.0,
        "Impairment Of Capital Assets": 0.0,
        "Earnings From Equity Interest": 669000.0,
        "Gain On Sale Of Security": -145000.0,
        "Net Non Operating Interest Income Expense": -46539000.0,
        "Total Other Finance Cost": 542000.0,
        "Interest Expense Non Operating": 46451000.0,
        "Interest Income Non Operating": 454000.0,
        "Operating Income": 93604000.0,
        "Operating Expense": 2851000.0,
        "Other Operating Expenses": -2077000.0,
        "Provision For Doubtful Accounts": NaN,
        "Selling General And Administration": 4928000.0,
        "General And Administrative Expense": 4928000.0,
        "Other Gand A": 4928000.0,
        "Gross Profit": 96455000.0,
        "Cost Of Revenue": 156256000.0,
        "Total Revenue": 252711000.0,
        "Operating Revenue": 252711000.0
    },
    "2024-12-31": {
        "Tax Effect Of Unusual Items": 600772.926139,
        "Tax Rate For Calcs": 0.133654,
        "Normalized EBITDA": 125983000.0,
        "Total Unusual Items": 4495000.0,
        "Total Unusual Items Excluding Goodwill": 4495000.0,
        "Net Income From Continuing Operation Net Minority Interest": 20198000.0,
        "Reconciled Depreciation": 62164000.0,
        "Reconciled Cost Of Revenue": 164791000.0,
        "EBITDA": 130478000.0,
        "EBIT": 68314000.0,
        "Net Interest Income": -40405000.0,
        "Interest Expense": 45000000.0,
        "Interest Income": 7571000.0,
        "Normalized Income": 16303772.926139,
        "Net Income From Continuing And Discontinued Operation": 20198000.0,
        "Total Expenses": 166382000.0,
        "Total Operating Income As Reported": 64878000.0,
        "Diluted Average Shares": 133943382.0,
        "Basic Average Shares": 133943382.0,
        "Diluted EPS": 0.15,
        "Basic EPS": 0.15,
        "Diluted NI Availto Com Stockholders": 20198000.0,
        "Net Income Common Stockholders": 20198000.0,
        "Net Income": 20198000.0,
        "Net Income Including Noncontrolling Interests": 20198000.0,
        "Net Income Continuous Operations": 20198000.0,
        "Tax Provision": 3116000.0,
        "Pretax Income": 23314000.0,
        "Other Income Expense": 5149000.0,
        "Special Income Charges": 4074000.0,
        "Gain On Sale Of Ppe": 5391000.0,
        "Impairment Of Capital Assets": 0.0,
        "Earnings From Equity Interest": 654000.0,
        "Gain On Sale Of Security": 421000.0,
        "Net Non Operating Interest Income Expense": -40405000.0,
        "Total Other Finance Cost": 2976000.0,
        "Interest Expense Non Operating": 45000000.0,
        "Interest Income Non Operating": 7571000.0,
        "Operating Income": 58570000.0,
        "Operating Expense": 1591000.0,
        "Other Operating Expenses": -3642000.0,
        "Provision For Doubtful Accounts": NaN,
        "Selling General And Administration": 4824000.0,
        "General And Administrative Expense": 4824000.0,
        "Other Gand A": 4824000.0,
        "Gross Profit": 60161000.0,
        "Cost Of Revenue": 164791000.0,
        "Total Revenue": 224952000.0,
        "Operating Revenue": 224952000.0
    },
    "2025-03-31": {
        "Tax Effect Of Unusual Items": -7235130.0,
        "Tax Rate For Calcs": 0.21,
        "Normalized EBITDA": 113303000.0,
        "Total Unusual Items": -34453000.0,
        "Total Unusual Items Excluding Goodwill": -34453000.0,
        "Net Income From Continuing Operation Net Minority Interest": -31871000.0,
        "Reconciled Depreciation": 62737000.0,
        "Reconciled Cost Of Revenue": 136708000.0,
        "EBITDA": 78850000.0,
        "EBIT": 16113000.0,
        "Net Interest Income": -42006000.0,
        "Interest Expense": 47192000.0,
        "Interest Income": 3006000.0,
        "Normalized Income": -4653130.0,
        "Net Income From Continuing And Discontinued Operation": -31871000.0,
        "Total Expenses": 140540000.0,
        "Total Operating Income As Reported": NaN,
        "Diluted Average Shares": 133924941.0,
        "Basic Average Shares": 133924941.0,
        "Diluted EPS": -0.24,
        "Basic EPS": -0.24,
        "Diluted NI Availto Com Stockholders": -31871000.0,
        "Net Income Common Stockholders": -31871000.0,
        "Net Income": -31871000.0,
        "Net Income Including Noncontrolling Interests": -31871000.0,
        "Net Income Continuous Operations": -31871000.0,
        "Tax Provision": 792000.0,
        "Pretax Income": -31079000.0,
        "Other Income Expense": -33828000.0,
        "Special Income Charges": -34093000.0,
        "Gain On Sale Of Ppe": 0.0,
        "Impairment Of Capital Assets": 34093000.0,
        "Earnings From Equity Interest": 625000.0,
        "Gain On Sale Of Security": -360000.0,
        "Net Non Operating Interest Income Expense": -42006000.0,
        "Total Other Finance Cost": -2180000.0,
        "Interest Expense Non Operating": 47192000.0,
        "Interest Income Non Operating": 3006000.0,
        "Operating Income": 44755000.0,
        "Operating Expense": 3832000.0,
        "Other Operating Expenses": -1444000.0,
        "Provision For Doubtful Accounts": NaN,
        "Selling General And Administration": 5276000.0,
        "General And Administrative Expense": 5276000.0,
        "Other Gand A": 5276000.0,
        "Gross Profit": 48587000.0,
        "Cost Of Revenue": 136708000.0,
        "Total Revenue": 185295000.0,
        "Operating Revenue": 185295000.0
    },
    "2025-06-30": {
        "Tax Effect Of Unusual Items": 868081.992735,
        "Tax Rate For Calcs": 0.242346,
        "Normalized EBITDA": 104820000.0,
        "Total Unusual Items": 3582000.0,
        "Total Unusual Items Excluding Goodwill": 3582000.0,
        "Net Income From Continuing Operation Net Minority Interest": 1460000.0,
        "Reconciled Depreciation": 59038000.0,
        "Reconciled Cost Of Revenue": 146970000.0,
        "EBITDA": 108402000.0,
        "EBIT": 49364000.0,
        "Net Interest Income": -42723000.0,
        "Interest Expense": 47437000.0,
        "Interest Income": 4011000.0,
        "Normalized Income": -1253918.007265,
        "Net Income From Continuing And Discontinued Operation": 1460000.0,
        "Total Expenses": 147060000.0,
        "Total Operating Income As Reported": 45483000.0,
        "Diluted Average Shares": 132795231.0,
        "Basic Average Shares": 132795231.0,
        "Diluted EPS": 0.01,
        "Basic EPS": 0.01,
        "Diluted NI Availto Com Stockholders": 1460000.0,
        "Net Income Common Stockholders": 1460000.0,
        "Net Income": 1460000.0,
        "Net Income Including Noncontrolling Interests": 1460000.0,
        "Net Income Continuous Operations": 1460000.0,
        "Tax Provision": 467000.0,
        "Pretax Income": 1927000.0,
        "Other Income Expense": 4103000.0,
        "Special Income Charges": 4242000.0,
        "Gain On Sale Of Ppe": 4242000.0,
        "Impairment Of Capital Assets": 0.0,
        "Earnings From Equity Interest": 521000.0,
        "Gain On Sale Of Security": -660000.0,
        "Net Non Operating Interest Income Expense": -42723000.0,
        "Total Other Finance Cost": -703000.0,
        "Interest Expense Non Operating": 47437000.0,
        "Interest Income Non Operating": 4011000.0,
        "Operating Income": 40547000.0,
        "Operating Expense": 90000.0,
        "Other Operating Expenses": -4061000.0,
        "Provision For Doubtful Accounts": NaN,
        "Selling General And Administration": 4377000.0,
        "General And Administrative Expense": 4377000.0,
        "Other Gand A": 4377000.0,
        "Gross Profit": 40637000.0,
        "Cost Of Revenue": 146970000.0,
        "Total Revenue": 187607000.0,
        "Operating Revenue": 187607000.0
    }
}