{
    "2023-06-30": {
        "Tax Effect Of Unusual Items": -2814.208289,
        "Tax Rate For Calcs": 0.148116,
        "Total Unusual Items": -19000.0,
        "Total Unusual Items Excluding Goodwill": -19000.0,
        "Net Income From Continuing Operation Net Minority Interest": 58314000.0,
        "Reconciled Depreciation": 11942000.0,
        "Net Interest Income": 163230000.0,
        "Interest Expense": 133990000.0,
        "Interest Income": 297220000.0,
        "Normalized Income": 58330185.791711,
        "Net Income From Continuing And Discontinued Operation": 58314000.0,
        "Diluted Average Shares": 127380000.0,
        "Basic Average Shares": 127104000.0,
        "Diluted EPS": 0.46,
        "Basic EPS": 0.46,
        "Diluted NI Availto Com Stockholders": 58314000.0,
        "Net Income Common Stockholders": 58314000.0,
        "Net Income": 58314000.0,
        "Net Income Including Noncontrolling Interests": 58314000.0,
        "Net Income Continuous Operations": 58314000.0,
        "Tax Provision": 10139000.0,
        "Pretax Income": 68453000.0,
        "Special Income Charges": -19000.0,
        "Restructuring And Mergern Acquisition": 19000.0,
        "Gain On Sale Of Security": -391000.0,
        "Depreciation Amortization Depletion Income Statement": 4098000.0,
        "Depreciation And Amortization In Income Statement": 4098000.0,
        "Amortization": 4098000.0,
        "Amortization Of Intangibles Income Statement": 4098000.0,
        "Selling General And Administration": 85968000.0,
        "Selling And Marketing Expense": 6044000.0,
        "General And Administrative Expense": 79924000.0,
        "Insurance And Claims": 5201000.0,
        "Salaries And Wages": 74723000.0,
        "Total Revenue": 204766000.0,
        "Operating Revenue": 204766000.0,
        "Occupancy And Equipment": 16538000.0,
        "Professional Expense And Contract Services Expense": 5233000.0,
        "Other Non Interest Expense": 24396000.0
    },
    "2023-03-31": {
        "Tax Effect Of Unusual Items": -264099.384626,
        "Tax Rate For Calcs": 0.189183,
        "Total Unusual Items": -1396000.0,
        "Total Unusual Items Excluding Goodwill": -1396000.0,
        "Net Income From Continuing Operation Net Minority Interest": 45589000.0,
        "Reconciled Depreciation": 12012000.0,
        "Net Interest Income": 177835000.0,
        "Interest Expense": 101302000.0,
        "Interest Income": 279137000.0,
        "Normalized Income": 46720900.615374,
        "Net Income From Continuing And Discontinued Operation": 45589000.0,
        "Diluted Average Shares": 127516000.0,
        "Basic Average Shares": 127186000.0,
        "Diluted EPS": 0.36,
        "Basic EPS": 0.36,
        "Diluted NI Availto Com Stockholders": 45589000.0,
        "Net Income Common Stockholders": 45589000.0,
        "Net Income": 45589000.0,
        "Net Income Including Noncontrolling Interests": 45589000.0,
        "Net Income Continuous Operations": 45589000.0,
        "Tax Provision": 10637000.0,
        "Pretax Income": 56226000.0,
        "Special Income Charges": -1396000.0,
        "Restructuring And Mergern Acquisition": 1396000.0,
        "Gain On Sale Of Security": -13300000.0,
        "Depreciation Amortization Depletion Income Statement": 4096000.0,
        "Depreciation And Amortization In Income Statement": 4096000.0,
        "Amortization": 4096000.0,
        "Amortization Of Intangibles Income Statement": 4096000.0,
        "Selling General And Administration": 88141000.0,
        "Selling And Marketing Expense": 6210000.0,
        "General And Administrative Expense": 81931000.0,
        "Insurance And Claims": 4893000.0,
        "Salaries And Wages": 77038000.0,
        "Total Revenue": 207181000.0,
        "Operating Revenue": 207181000.0,
        "Occupancy And Equipment": 16629000.0,
        "Professional Expense And Contract Services Expense": 4409000.0,
        "Other Non Interest Expense": 25368000.0
    },
    "2022-12-31": {
        "Tax Effect Of Unusual Items": -4348.493773,
        "Tax Rate For Calcs": 0.124243,
        "Total Unusual Items": -35000.0,
        "Total Unusual Items Excluding Goodwill": -35000.0,
        "Net Income From Continuing Operation Net Minority Interest": 83260000.0,
        "Reconciled Depreciation": 12302000.0,
        "Net Interest Income": 193026000.0,
        "Interest Expense": 71558000.0,
        "Interest Income": 264584000.0,
        "Normalized Income": 83290651.506227,
        "Net Income From Continuing And Discontinued Operation": 83260000.0,
        "Diluted Average Shares": 127505996.0,
        "Basic Average Shares": 126151515.0,
        "Diluted EPS": 0.65,
        "Basic EPS": 0.66,
        "Diluted NI Availto Com Stockholders": 83260000.0,
        "Net Income Common Stockholders": 83260000.0,
        "Net Income": 83260000.0,
        "Net Income Including Noncontrolling Interests": 83260000.0,
        "Net Income Continuous Operations": 83260000.0,
        "Tax Provision": 11812000.0,
        "Pretax Income": 95072000.0,
        "Special Income Charges": -35000.0,
        "Restructuring And Mergern Acquisition": 35000.0,
        "Gain On Sale Of Security": -52000.0,
        "Depreciation Amortization Depletion Income Statement": 4108000.0,
        "Depreciation And Amortization In Income Statement": 4108000.0,
        "Amortization": 4108000.0,
        "Amortization Of Intangibles Income Statement": 4108000.0,
        "Selling General And Administration": 84012000.0,
        "Selling And Marketing Expense": 7314000.0,
        "General And Administrative Expense": 76698000.0,
        "Insurance And Claims": 3680000.0,
        "Salaries And Wages": 73018000.0,
        "Total Revenue": 234322000.0,
        "Operating Revenue": 234322000.0
    },
    "2022-09-30": {
        "Tax Effect Of Unusual Items": NaN,
        "Tax Rate For Calcs": NaN,
        "Total Unusual Items": NaN,
        "Total Unusual Items Excluding Goodwill": NaN,
        "Net Income From Continuing Operation Net Minority Interest": NaN,
        "Reconciled Depreciation": NaN,
        "Net Interest Income": NaN,
        "Interest Expense": NaN,
        "Interest Income": NaN,
        "Normalized Income": NaN,
        "Net Income From Continuing And Discontinued Operation": NaN,
        "Diluted Average Shares": NaN,
        "Basic Average Shares": NaN,
        "Diluted EPS": NaN,
        "Basic EPS": NaN,
        "Diluted NI Availto Com Stockholders": NaN,
        "Net Income Common Stockholders": NaN,
        "Net Income": NaN,
        "Net Income Including Noncontrolling Interests": NaN,
        "Net Income Continuous Operations": NaN,
        "Tax Provision": NaN,
        "Pretax Income": NaN,
        "Special Income Charges": NaN,
        "Gain On Sale Of Business": 0.0,
        "Restructuring And Mergern Acquisition": NaN,
        "Gain On Sale Of Security": NaN,
        "Depreciation Amortization Depletion Income Statement": NaN,
        "Depreciation And Amortization In Income Statement": NaN,
        "Amortization": NaN,
        "Amortization Of Intangibles Income Statement": NaN,
        "Selling General And Administration": NaN,
        "Selling And Marketing Expense": NaN,
        "General And Administrative Expense": NaN,
        "Insurance And Claims": NaN,
        "Salaries And Wages": NaN,
        "Total Revenue": NaN,
        "Operating Revenue": NaN
    },
    "2022-06-30": {
        "Tax Effect Of Unusual Items": -3953766.305447,
        "Tax Rate For Calcs": 0.206646,
        "Total Unusual Items": -19133000.0,
        "Total Unusual Items Excluding Goodwill": -19133000.0,
        "Net Income From Continuing Operation Net Minority Interest": 27454000.0,
        "Reconciled Depreciation": 12593000.0,
        "Net Interest Income": 185099000.0,
        "Interest Expense": 19707000.0,
        "Interest Income": 204806000.0,
        "Normalized Income": 42633233.694553,
        "Net Income From Continuing And Discontinued Operation": 27454000.0,
        "Diluted Average Shares": 128720000.0,
        "Basic Average Shares": 128313000.0,
        "Diluted EPS": 0.21,
        "Basic EPS": 0.21,
        "Diluted NI Availto Com Stockholders": 27454000.0,
        "Net Income Common Stockholders": 27454000.0,
        "Net Income": 27454000.0,
        "Net Income Including Noncontrolling Interests": 27454000.0,
        "Net Income Continuous Operations": 27454000.0,
        "Tax Provision": 7151000.0,
        "Pretax Income": 34605000.0,
        "Special Income Charges": -19133000.0,
        "Gain On Sale Of Business": NaN,
        "Restructuring And Mergern Acquisition": 19133000.0,
        "Gain On Sale Of Security": -150000.0,
        "Depreciation Amortization Depletion Income Statement": 4096000.0,
        "Depreciation And Amortization In Income Statement": 4096000.0,
        "Amortization": 4096000.0,
        "Amortization Of Intangibles Income Statement": 4096000.0,
        "Selling General And Administration": 76947000.0,
        "Selling And Marketing Expense": 8754000.0,
        "General And Administrative Expense": 76947000.0,
        "Other Gand A": 14703000.0,
        "Insurance And Claims": 2812000.0,
        "Salaries And Wages": 74135000.0,
        "Total Revenue": 225277000.0,
        "Operating Revenue": 225277000.0
    },
    "2022-03-31": {
        "Diluted EPS": 0.58,
        "Total Revenue": 204,
        "Gross Profit": 188,
        "Operating Income": 81,
        "EBIT": NaN,
        "Net Income": 65
    },
    "2021-12-31": {
        "Diluted EPS": 0.41,
        "Total Revenue": 217,
        "Gross Profit": 200,
        "Operating Income": 73,
        "EBIT": NaN,
        "Net Income": 48
    },
    "2021-09-30": {
        "Diluted EPS": 0.74,
        "Total Revenue": 212,
        "Gross Profit": 194,
        "Operating Income": 101,
        "EBIT": NaN,
        "Net Income": 81
    },
    "2021-06-30": {
        "Diluted EPS": 0.69,
        "Total Revenue": 214,
        "Gross Profit": 194,
        "Operating Income": 93,
        "EBIT": NaN,
        "Net Income": 75
    },
    "2021-03-31": {
        "Diluted EPS": 0.62,
        "Total Revenue": 219,
        "Gross Profit": 196,
        "Operating Income": 82,
        "EBIT": NaN,
        "Net Income": 67
    },
    "2020-12-31": {
        "Diluted EPS": 0.49,
        "Total Revenue": 218,
        "Gross Profit": 194,
        "Operating Income": 65,
        "EBIT": NaN,
        "Net Income": 53
    },
    "2020-09-30": {
        "Diluted EPS": 0.6,
        "Total Revenue": 249,
        "Gross Profit": 223,
        "Operating Income": 84,
        "EBIT": NaN,
        "Net Income": 66
    },
    "2020-06-30": {
        "Diluted EPS": 0.54,
        "Total Revenue": 240,
        "Gross Profit": 212,
        "Operating Income": 76,
        "EBIT": NaN,
        "Net Income": 59
    },
    "2020-03-31": {
        "Diluted EPS": 0.68,
        "Total Revenue": 292,
        "Gross Profit": 250,
        "Operating Income": 99,
        "EBIT": NaN,
        "Net Income": 77
    },
    "2019-12-31": {
        "Diluted EPS": 0.48,
        "Total Revenue": 252,
        "Gross Profit": 206,
        "Operating Income": 91,
        "EBIT": NaN,
        "Net Income": 53
    },
    "2019-09-30": {
        "Diluted EPS": 0.84,
        "Total Revenue": 281,
        "Gross Profit": 234,
        "Operating Income": 108,
        "EBIT": NaN,
        "Net Income": 82
    },
    "2019-06-30": {
        "Diluted EPS": 0.58,
        "Total Revenue": 235,
        "Gross Profit": 189,
        "Operating Income": 79,
        "EBIT": NaN,
        "Net Income": 56
    },
    "2019-03-31": {
        "Diluted EPS": 0.51,
        "Total Revenue": 213,
        "Gross Profit": 171,
        "Operating Income": 62,
        "EBIT": NaN,
        "Net Income": 48
    },
    "2018-12-31": {
        "Diluted EPS": 0.6,
        "Total Revenue": 213,
        "Gross Profit": 172,
        "Operating Income": 68,
        "EBIT": NaN,
        "Net Income": 56
    },
    "2018-09-30": {
        "Diluted EPS": 0.59,
        "Total Revenue": 213,
        "Gross Profit": 177,
        "Operating Income": 67,
        "EBIT": NaN,
        "Net Income": 55
    },
    "2018-06-30": {
        "Diluted EPS": 0.58,
        "Total Revenue": 204,
        "Gross Profit": 175,
        "Operating Income": 69,
        "EBIT": NaN,
        "Net Income": 54
    },
    "2018-03-31": {
        "Diluted EPS": 0.55,
        "Total Revenue": 195,
        "Gross Profit": 173,
        "Operating Income": 67,
        "EBIT": NaN,
        "Net Income": 51
    },
    "2017-12-31": {
        "Diluted EPS": 0.18,
        "Total Revenue": 182,
        "Gross Profit": 164,
        "Operating Income": 60,
        "EBIT": NaN,
        "Net Income": 19
    },
    "2017-09-30": {
        "Diluted EPS": 0.44,
        "Total Revenue": 124,
        "Gross Profit": 115,
        "Operating Income": 44,
        "EBIT": NaN,
        "Net Income": 29
    },
    "2017-06-30": {
        "Diluted EPS": 0.36,
        "Total Revenue": 120,
        "Gross Profit": 113,
        "Operating Income": 41,
        "EBIT": NaN,
        "Net Income": 23
    },
    "2017-03-31": {
        "Diluted EPS": 0.35,
        "Total Revenue": 108,
        "Gross Profit": 102,
        "Operating Income": 32,
        "EBIT": NaN,
        "Net Income": 22
    },
    "2016-12-31": {
        "Diluted EPS": 0.42,
        "Total Revenue": 116,
        "Gross Profit": 110,
        "Operating Income": 42,
        "EBIT": NaN,
        "Net Income": 27
    },
    "2016-09-30": {
        "Diluted EPS": 0.38,
        "Total Revenue": 110,
        "Gross Profit": 105,
        "Operating Income": 36,
        "EBIT": NaN,
        "Net Income": 23
    },
    "2016-06-30": {
        "Diluted EPS": 0.38,
        "Total Revenue": 109,
        "Gross Profit": 103,
        "Operating Income": 35,
        "EBIT": NaN,
        "Net Income": 23
    },
    "2016-03-31": {
        "Diluted EPS": 0.39,
        "Total Revenue": 105,
        "Gross Profit": 100,
        "Operating Income": 35,
        "EBIT": NaN,
        "Net Income": 23
    },
    "2015-12-31": {
        "Diluted EPS": 0.42,
        "Total Revenue": 108,
        "Gross Profit": 102,
        "Operating Income": 33,
        "EBIT": NaN,
        "Net Income": 24
    },
    "2015-09-30": {
        "Diluted EPS": 0.36,
        "Total Revenue": 108,
        "Gross Profit": 102,
        "Operating Income": 33,
        "EBIT": NaN,
        "Net Income": 22
    },
    "2015-06-30": {
        "Diluted EPS": 0.34,
        "Total Revenue": 104,
        "Gross Profit": 98,
        "Operating Income": 32,
        "EBIT": NaN,
        "Net Income": 20
    },
    "2015-03-31": {
        "Diluted EPS": 0.2,
        "Total Revenue": 76,
        "Gross Profit": 71,
        "Operating Income": 23,
        "EBIT": NaN,
        "Net Income": 9
    },
    "2014-12-31": {
        "Diluted EPS": 0.36,
        "Total Revenue": 73,
        "Gross Profit": 69,
        "Operating Income": 20,
        "EBIT": NaN,
        "Net Income": 13
    },
    "2014-09-30": {
        "Diluted EPS": 0.26,
        "Total Revenue": 61,
        "Gross Profit": 58,
        "Operating Income": 16,
        "EBIT": NaN,
        "Net Income": 9
    },
    "2014-06-30": {
        "Diluted EPS": 0.3,
        "Total Revenue": 59,
        "Gross Profit": 56,
        "Operating Income": 16,
        "EBIT": NaN,
        "Net Income": 10
    },
    "2014-03-31": {
        "Diluted EPS": 0.14,
        "Total Revenue": 54,
        "Gross Profit": 51,
        "Operating Income": 7,
        "EBIT": NaN,
        "Net Income": 4
    },
    "2013-12-31": {
        "Diluted EPS": 0.12,
        "Total Revenue": 51,
        "Gross Profit": 47,
        "Operating Income": 11,
        "EBIT": NaN,
        "Net Income": 4
    },
    "2013-09-30": {
        "Diluted EPS": 0.22,
        "Total Revenue": 45,
        "Gross Profit": 42,
        "Operating Income": 10,
        "EBIT": NaN,
        "Net Income": 7
    },
    "2013-06-30": {
        "Diluted EPS": 0.2,
        "Total Revenue": 44,
        "Gross Profit": 41,
        "Operating Income": 9,
        "EBIT": NaN,
        "Net Income": 7
    },
    "2013-03-31": {
        "Diluted EPS": 0.18,
        "Total Revenue": 45,
        "Gross Profit": 41,
        "Operating Income": 9,
        "EBIT": NaN,
        "Net Income": 6
    },
    "2012-12-31": {
        "Diluted EPS": 0.24,
        "Total Revenue": 49,
        "Gross Profit": 45,
        "Operating Income": 13,
        "EBIT": NaN,
        "Net Income": 8
    },
    "2012-09-30": {
        "Diluted EPS": 0.21,
        "Total Revenue": 44,
        "Gross Profit": 40,
        "Operating Income": 11,
        "EBIT": NaN,
        "Net Income": 7
    },
    "2012-06-30": {
        "Diluted EPS": 0.19,
        "Total Revenue": 42,
        "Gross Profit": 38,
        "Operating Income": 9,
        "EBIT": NaN,
        "Net Income": 7
    },
    "2012-03-31": {
        "Diluted EPS": 0.19,
        "Total Revenue": 43,
        "Gross Profit": 38,
        "Operating Income": 9,
        "EBIT": NaN,
        "Net Income": 6
    },
    "2011-12-31": {
        "Diluted EPS": 0.19,
        "Total Revenue": 45,
        "Gross Profit": 40,
        "Operating Income": 9,
        "EBIT": NaN,
        "Net Income": 6
    },
    "2011-09-30": {
        "Diluted EPS": 0.21,
        "Total Revenue": 46,
        "Gross Profit": 41,
        "Operating Income": 11,
        "EBIT": NaN,
        "Net Income": 7
    },
    "2011-06-30": {
        "Diluted EPS": 0.2,
        "Total Revenue": 47,
        "Gross Profit": 42,
        "Operating Income": 10,
        "EBIT": NaN,
        "Net Income": 7
    },
    "2011-03-31": {
        "Diluted EPS": 0.15,
        "Total Revenue": 45,
        "Gross Profit": 39,
        "Operating Income": 7,
        "EBIT": NaN,
        "Net Income": 5
    },
    "2010-12-31": {
        "Diluted EPS": 0.48,
        "Total Revenue": 67,
        "Gross Profit": 60,
        "Operating Income": 28,
        "EBIT": NaN,
        "Net Income": 17
    },
    "2010-09-30": {
        "Diluted EPS": 0.22,
        "Total Revenue": 47,
        "Gross Profit": 41,
        "Operating Income": 11,
        "EBIT": NaN,
        "Net Income": 8
    },
    "2010-06-30": {
        "Diluted EPS": 0.23,
        "Total Revenue": 49,
        "Gross Profit": 42,
        "Operating Income": 12,
        "EBIT": NaN,
        "Net Income": 8
    },
    "2010-03-31": {
        "Diluted EPS": 0.15,
        "Total Revenue": 44,
        "Gross Profit": 37,
        "Operating Income": 7,
        "EBIT": NaN,
        "Net Income": 5
    },
    "2009-12-31": {
        "Diluted EPS": 0.22,
        "Total Revenue": 47,
        "Gross Profit": 38,
        "Operating Income": 10,
        "EBIT": NaN,
        "Net Income": 7
    },
    "2009-09-30": {
        "Diluted EPS": 0.27,
        "Total Revenue": 49,
        "Gross Profit": 40,
        "Operating Income": 11,
        "EBIT": NaN,
        "Net Income": 8
    },
    "2009-06-30": {
        "Diluted EPS": 0.2,
        "Total Revenue": 47,
        "Gross Profit": 37,
        "Operating Income": 8,
        "EBIT": NaN,
        "Net Income": 6
    },
    "2009-03-31": {
        "Diluted EPS": 0.19,
        "Total Revenue": 46,
        "Gross Profit": 35,
        "Operating Income": 7,
        "EBIT": NaN,
        "Net Income": 5
    },
    "2023-09-30": {
        "Tax Effect Of Unusual Items": NaN,
        "Tax Rate For Calcs": NaN,
        "Total Unusual Items": NaN,
        "Total Unusual Items Excluding Goodwill": NaN,
        "Net Income From Continuing Operation Net Minority Interest": NaN,
        "Reconciled Depreciation": NaN,
        "Net Interest Income": NaN,
        "Interest Expense": NaN,
        "Interest Income": NaN,
        "Normalized Income": NaN,
        "Net Income From Continuing And Discontinued Operation": NaN,
        "Diluted Average Shares": 126283609.0,
        "Basic Average Shares": 124334211.0,
        "Diluted EPS": 0.37,
        "Basic EPS": 0.38,
        "Diluted NI Availto Com Stockholders": NaN,
        "Net Income Common Stockholders": NaN,
        "Net Income": NaN,
        "Net Income Including Noncontrolling Interests": NaN,
        "Net Income Continuous Operations": NaN,
        "Tax Provision": NaN,
        "Pretax Income": NaN,
        "Special Income Charges": NaN,
        "Restructuring And Mergern Acquisition": NaN,
        "Gain On Sale Of Security": NaN,
        "Depreciation Amortization Depletion Income Statement": NaN,
        "Depreciation And Amortization In Income Statement": NaN,
        "Amortization": NaN,
        "Amortization Of Intangibles Income Statement": NaN,
        "Selling General And Administration": NaN,
        "Selling And Marketing Expense": NaN,
        "General And Administrative Expense": NaN,
        "Insurance And Claims": NaN,
        "Salaries And Wages": NaN,
        "Total Revenue": NaN,
        "Operating Revenue": NaN,
        "Occupancy And Equipment": NaN,
        "Professional Expense And Contract Services Expense": NaN,
        "Other Non Interest Expense": NaN
    },
    "2023-12-31": {
        "Tax Effect Of Unusual Items": NaN,
        "Tax Rate For Calcs": NaN,
        "Total Unusual Items": 0.0,
        "Total Unusual Items Excluding Goodwill": 0.0,
        "Net Income From Continuing Operation Net Minority Interest": NaN,
        "Reconciled Depreciation": NaN,
        "Net Interest Income": NaN,
        "Interest Expense": NaN,
        "Interest Income": NaN,
        "Normalized Income": NaN,
        "Net Income From Continuing And Discontinued Operation": NaN,
        "Diluted Average Shares": NaN,
        "Basic Average Shares": NaN,
        "Diluted EPS": NaN,
        "Basic EPS": NaN,
        "Diluted NI Availto Com Stockholders": NaN,
        "Net Income Common Stockholders": NaN,
        "Net Income": NaN,
        "Net Income Including Noncontrolling Interests": NaN,
        "Net Income Continuous Operations": NaN,
        "Tax Provision": NaN,
        "Pretax Income": NaN,
        "Special Income Charges": 0.0,
        "Restructuring And Mergern Acquisition": 0.0,
        "Gain On Sale Of Security": NaN,
        "Depreciation Amortization Depletion Income Statement": NaN,
        "Depreciation And Amortization In Income Statement": NaN,
        "Amortization": NaN,
        "Amortization Of Intangibles Income Statement": NaN,
        "Selling General And Administration": NaN,
        "Selling And Marketing Expense": NaN,
        "General And Administrative Expense": NaN,
        "Insurance And Claims": NaN,
        "Salaries And Wages": NaN,
        "Total Revenue": NaN,
        "Operating Revenue": NaN,
        "Occupancy And Equipment": NaN,
        "Professional Expense And Contract Services Expense": NaN,
        "Other Non Interest Expense": NaN
    },
    "2024-03-31": {
        "Tax Effect Of Unusual Items": NaN,
        "Tax Rate For Calcs": NaN,
        "Total Unusual Items": 0.0,
        "Total Unusual Items Excluding Goodwill": 0.0,
        "Net Income From Continuing Operation Net Minority Interest": NaN,
        "Reconciled Depreciation": NaN,
        "Net Interest Income": NaN,
        "Interest Expense": NaN,
        "Interest Income": NaN,
        "Normalized Income": NaN,
        "Net Income From Continuing And Discontinued Operation": NaN,
        "Diluted Average Shares": NaN,
        "Basic Average Shares": NaN,
        "Diluted EPS": NaN,
        "Basic EPS": NaN,
        "Diluted NI Availto Com Stockholders": NaN,
        "Net Income Common Stockholders": NaN,
        "Net Income": NaN,
        "Net Income Including Noncontrolling Interests": NaN,
        "Net Income Continuous Operations": NaN,
        "Tax Provision": NaN,
        "Pretax Income": NaN,
        "Special Income Charges": 0.0,
        "Restructuring And Mergern Acquisition": 0.0,
        "Gain On Sale Of Security": NaN,
        "Depreciation Amortization Depletion Income Statement": NaN,
        "Depreciation And Amortization In Income Statement": NaN,
        "Amortization": NaN,
        "Amortization Of Intangibles Income Statement": NaN,
        "Selling General And Administration": NaN,
        "Selling And Marketing Expense": NaN,
        "General And Administrative Expense": NaN,
        "Insurance And Claims": NaN,
        "Salaries And Wages": NaN,
        "Total Revenue": NaN,
        "Operating Revenue": NaN,
        "Occupancy And Equipment": NaN,
        "Professional Expense And Contract Services Expense": NaN,
        "Other Non Interest Expense": NaN
    },
    "2024-06-30": {
        "Tax Effect Of Unusual Items": NaN,
        "Tax Rate For Calcs": NaN,
        "Total Unusual Items": 0.0,
        "Total Unusual Items Excluding Goodwill": 0.0,
        "Net Income From Continuing Operation Net Minority Interest": NaN,
        "Reconciled Depreciation": NaN,
        "Net Interest Income": NaN,
        "Interest Expense": NaN,
        "Interest Income": NaN,
        "Normalized Income": NaN,
        "Net Income From Continuing And Discontinued Operation": NaN,
        "Diluted Average Shares": 127384375.0,
        "Basic Average Shares": 127384375.0,
        "Diluted EPS": 0.32,
        "Basic EPS": 0.32,
        "Diluted NI Availto Com Stockholders": NaN,
        "Net Income Common Stockholders": NaN,
        "Net Income": NaN,
        "Net Income Including Noncontrolling Interests": NaN,
        "Net Income Continuous Operations": NaN,
        "Tax Provision": NaN,
        "Pretax Income": NaN,
        "Special Income Charges": 0.0,
        "Restructuring And Mergern Acquisition": 0.0,
        "Gain On Sale Of Security": NaN,
        "Depreciation Amortization Depletion Income Statement": NaN,
        "Depreciation And Amortization In Income Statement": NaN,
        "Amortization": NaN,
        "Amortization Of Intangibles Income Statement": NaN,
        "Selling General And Administration": NaN,
        "Selling And Marketing Expense": NaN,
        "General And Administrative Expense": NaN,
        "Insurance And Claims": NaN,
        "Salaries And Wages": NaN,
        "Total Revenue": NaN,
        "Operating Revenue": NaN,
        "Occupancy And Equipment": NaN,
        "Professional Expense And Contract Services Expense": NaN,
        "Other Non Interest Expense": NaN
    },
    "2024-09-30": {
        "Tax Effect Of Unusual Items": 0.0,
        "Tax Rate For Calcs": 0.029842,
        "Total Unusual Items": 0.0,
        "Total Unusual Items Excluding Goodwill": 0.0,
        "Net Income From Continuing Operation Net Minority Interest": 24740000.0,
        "Reconciled Depreciation": 11652000.0,
        "Net Interest Income": 157712000.0,
        "Interest Expense": 176577000.0,
        "Interest Income": 334289000.0,
        "Normalized Income": 24740000.0,
        "Net Income From Continuing And Discontinued Operation": 24740000.0,
        "Diluted Average Shares": 125999269.0,
        "Basic Average Shares": 123700000.0,
        "Diluted EPS": 0.2,
        "Basic EPS": 0.2,
        "Diluted NI Availto Com Stockholders": 24740000.0,
        "Net Income Common Stockholders": 24740000.0,
        "Net Income": 24740000.0,
        "Net Income Including Noncontrolling Interests": 24740000.0,
        "Net Income Continuous Operations": 24740000.0,
        "Tax Provision": 761000.0,
        "Pretax Income": 25501000.0,
        "Special Income Charges": 0.0,
        "Restructuring And Mergern Acquisition": 0.0,
        "Gain On Sale Of Security": -28393000.0,
        "Depreciation Amortization Depletion Income Statement": 3851000.0,
        "Depreciation And Amortization In Income Statement": 3851000.0,
        "Amortization": 3851000.0,
        "Amortization Of Intangibles Income Statement": 3851000.0,
        "Selling General And Administration": 81797000.0,
        "Selling And Marketing Expense": 7059000.0,
        "General And Administrative Expense": 74738000.0,
        "Insurance And Claims": 5571000.0,
        "Salaries And Wages": 69167000.0,
        "Total Revenue": 171641000.0,
        "Operating Revenue": 171641000.0,
        "Occupancy And Equipment": 17828000.0,
        "Professional Expense And Contract Services Expense": 5554000.0,
        "Other Non Interest Expense": 24962000.0
    },
    "2024-12-31": {
        "Tax Effect Of Unusual Items": 0.0,
        "Tax Rate For Calcs": 0.106048,
        "Total Unusual Items": 0.0,
        "Total Unusual Items Excluding Goodwill": 0.0,
        "Net Income From Continuing Operation Net Minority Interest": 48319000.0,
        "Reconciled Depreciation": 11253000.0,
        "Net Interest Income": 164942000.0,
        "Interest Expense": 161040000.0,
        "Interest Income": 325982000.0,
        "Normalized Income": 48319000.0,
        "Net Income From Continuing And Discontinued Operation": 48319000.0,
        "Diluted Average Shares": NaN,
        "Basic Average Shares": NaN,
        "Diluted EPS": NaN,
        "Basic EPS": NaN,
        "Diluted NI Availto Com Stockholders": 48319000.0,
        "Net Income Common Stockholders": 48319000.0,
        "Net Income": 48319000.0,
        "Net Income Including Noncontrolling Interests": 48319000.0,
        "Net Income Continuous Operations": 48319000.0,
        "Tax Provision": 5732000.0,
        "Pretax Income": 54051000.0,
        "Special Income Charges": 0.0,
        "Restructuring And Mergern Acquisition": 0.0,
        "Gain On Sale Of Security": 0.0,
        "Depreciation Amortization Depletion Income Statement": 3850000.0,
        "Depreciation And Amortization In Income Statement": 3850000.0,
        "Amortization": 3850000.0,
        "Amortization Of Intangibles Income Statement": 3850000.0,
        "Selling General And Administration": 84441000.0,
        "Selling And Marketing Expense": 7303000.0,
        "General And Administrative Expense": 77138000.0,
        "Insurance And Claims": 5550000.0,
        "Salaries And Wages": 71588000.0,
        "Total Revenue": 205358000.0,
        "Operating Revenue": 205358000.0,
        "Occupancy And Equipment": 17547000.0,
        "Professional Expense And Contract Services Expense": 6229000.0,
        "Other Non Interest Expense": 25908000.0
    },
    "2025-03-31": {
        "Tax Effect Of Unusual Items": 0.0,
        "Tax Rate For Calcs": 0.26135,
        "Total Unusual Items": NaN,
        "Total Unusual Items Excluding Goodwill": NaN,
        "Net Income From Continuing Operation Net Minority Interest": 32388000.0,
        "Reconciled Depreciation": 10759000.0,
        "Net Interest Income": 163422000.0,
        "Interest Expense": 144415000.0,
        "Interest Income": 307837000.0,
        "Normalized Income": 32388000.0,
        "Net Income From Continuing And Discontinued Operation": 32388000.0,
        "Diluted Average Shares": 126336557.0,
        "Basic Average Shares": 124569231.0,
        "Diluted EPS": 0.26,
        "Basic EPS": 0.26,
        "Diluted NI Availto Com Stockholders": 32388000.0,
        "Net Income Common Stockholders": 32388000.0,
        "Net Income": 32388000.0,
        "Net Income Including Noncontrolling Interests": 32388000.0,
        "Net Income Continuous Operations": 32388000.0,
        "Tax Provision": 5812000.0,
        "Pretax Income": 38200000.0,
        "Special Income Charges": NaN,
        "Restructuring And Mergern Acquisition": NaN,
        "Gain On Sale Of Security": 0.0,
        "Depreciation Amortization Depletion Income Statement": 3527000.0,
        "Depreciation And Amortization In Income Statement": 3527000.0,
        "Amortization": 3527000.0,
        "Amortization Of Intangibles Income Statement": 3527000.0,
        "Selling General And Administration": 87041000.0,
        "Selling And Marketing Expense": 6826000.0,
        "General And Administrative Expense": 80215000.0,
        "Insurance And Claims": 5391000.0,
        "Salaries And Wages": 74824000.0,
        "Total Revenue": 206548000.0,
        "Operating Revenue": 206548000.0,
        "Occupancy And Equipment": 18116000.0,
        "Professional Expense And Contract Services Expense": 4867000.0,
        "Other Non Interest Expense": 28000000.0
    },
    "2025-06-30": {
        "Tax Effect Of Unusual Items": 0.0,
        "Tax Rate For Calcs": 0.139385,
        "Total Unusual Items": NaN,
        "Total Unusual Items Excluding Goodwill": NaN,
        "Net Income From Continuing Operation Net Minority Interest": 54773000.0,
        "Reconciled Depreciation": 10208000.0,
        "Net Interest Income": 171824000.0,
        "Interest Expense": 143199000.0,
        "Interest Income": 315023000.0,
        "Normalized Income": 54773000.0,
        "Net Income From Continuing And Discontinued Operation": 54773000.0,
        "Diluted Average Shares": 127379070.0,
        "Basic Average Shares": 127379070.0,
        "Diluted EPS": 0.43,
        "Basic EPS": 0.43,
        "Diluted NI Availto Com Stockholders": 54773000.0,
        "Net Income Common Stockholders": 54773000.0,
        "Net Income": 54773000.0,
        "Net Income Including Noncontrolling Interests": 54773000.0,
        "Net Income Continuous Operations": 54773000.0,
        "Tax Provision": 8871000.0,
        "Pretax Income": 63644000.0,
        "Special Income Charges": NaN,
        "Restructuring And Mergern Acquisition": NaN,
        "Gain On Sale Of Security": 0.0,
        "Depreciation Amortization Depletion Income Statement": 3098000.0,
        "Depreciation And Amortization In Income Statement": 3098000.0,
        "Amortization": 3098000.0,
        "Amortization Of Intangibles Income Statement": 3098000.0,
        "Selling General And Administration": 85391000.0,
        "Selling And Marketing Expense": 6612000.0,
        "General And Administrative Expense": 78779000.0,
        "Insurance And Claims": 4917000.0,
        "Salaries And Wages": 73862000.0,
        "Total Revenue": 210987000.0,
        "Operating Revenue": 210987000.0,
        "Occupancy And Equipment": 17318000.0,
        "Professional Expense And Contract Services Expense": 6192000.0,
        "Other Non Interest Expense": 23399000.0
    },
    "2025-09-30": {
        "Tax Effect Of Unusual Items": 0.0,
        "Tax Rate For Calcs": 0.222152,
        "Total Unusual Items": NaN,
        "Total Unusual Items Excluding Goodwill": NaN,
        "Net Income From Continuing Operation Net Minority Interest": -562792000.0,
        "Reconciled Depreciation": 9985000.0,
        "Net Interest Income": 186661000.0,
        "Interest Expense": 126762000.0,
        "Interest Income": 313423000.0,
        "Normalized Income": -562792000.0,
        "Net Income From Continuing And Discontinued Operation": -562792000.0,
        "Diluted Average Shares": 140648704.0,
        "Basic Average Shares": 140347132.0,
        "Diluted EPS": -4.01,
        "Basic EPS": -4.01,
        "Diluted NI Availto Com Stockholders": -562792000.0,
        "Net Income Common Stockholders": -562792000.0,
        "Net Income": -562792000.0,
        "Net Income Including Noncontrolling Interests": -562792000.0,
        "Net Income Continuous Operations": -562792000.0,
        "Tax Provision": -160732000.0,
        "Pretax Income": -723524000.0,
        "Special Income Charges": NaN,
        "Restructuring And Mergern Acquisition": NaN,
        "Gain On Sale Of Security": -801492000.0,
        "Depreciation Amortization Depletion Income Statement": 3097000.0,
        "Depreciation And Amortization In Income Statement": 3097000.0,
        "Amortization": 3097000.0,
        "Amortization Of Intangibles Income Statement": 3097000.0,
        "Selling General And Administration": 88310000.0,
        "Selling And Marketing Expense": 6886000.0,
        "General And Administrative Expense": 81424000.0,
        "Insurance And Claims": 5175000.0,
        "Salaries And Wages": 76249000.0,
        "Total Revenue": -572743000.0,
        "Operating Revenue": -572743000.0,
        "Occupancy And Equipment": 17381000.0,
        "Professional Expense And Contract Services Expense": 4809000.0,
        "Other Non Interest Expense": 25218000.0
    }
}