{
    "2023-06-30": {
        "Tax Effect Of Unusual Items": NaN,
        "Tax Rate For Calcs": NaN,
        "Total Unusual Items": 0.0,
        "Total Unusual Items Excluding Goodwill": 0.0,
        "Net Income From Continuing Operation Net Minority Interest": NaN,
        "Reconciled Depreciation": NaN,
        "Net Interest Income": NaN,
        "Interest Expense": NaN,
        "Interest Income": NaN,
        "Normalized Income": NaN,
        "Net Income From Continuing And Discontinued Operation": NaN,
        "Diluted Average Shares": NaN,
        "Basic Average Shares": NaN,
        "Diluted EPS": NaN,
        "Basic EPS": NaN,
        "Diluted NI Availto Com Stockholders": NaN,
        "Net Income Common Stockholders": NaN,
        "Net Income": NaN,
        "Net Income Including Noncontrolling Interests": NaN,
        "Net Income Continuous Operations": NaN,
        "Tax Provision": NaN,
        "Pretax Income": NaN,
        "Special Income Charges": 0.0,
        "Gain On Sale Of Security": NaN,
        "Selling General And Administration": NaN,
        "Selling And Marketing Expense": NaN,
        "General And Administrative Expense": NaN,
        "Other Gand A": NaN,
        "Insurance And Claims": NaN,
        "Salaries And Wages": NaN,
        "Total Revenue": NaN,
        "Operating Revenue": NaN,
        "Occupancy And Equipment": NaN,
        "Professional Expense And Contract Services Expense": NaN,
        "Other Non Interest Expense": NaN
    },
    "2023-03-31": {
        "Tax Effect Of Unusual Items": 0.0,
        "Tax Rate For Calcs": 0.236,
        "Total Unusual Items": NaN,
        "Total Unusual Items Excluding Goodwill": NaN,
        "Net Income From Continuing Operation Net Minority Interest": 2703000.0,
        "Reconciled Depreciation": 1203000.0,
        "Net Interest Income": 20424000.0,
        "Interest Expense": 17906000.0,
        "Interest Income": 38330000.0,
        "Normalized Income": 2703000.0,
        "Net Income From Continuing And Discontinued Operation": 2703000.0,
        "Diluted Average Shares": 8092270.0,
        "Basic Average Shares": 8025876.0,
        "Diluted EPS": 0.33,
        "Basic EPS": 0.34,
        "Diluted NI Availto Com Stockholders": 2703000.0,
        "Net Income Common Stockholders": 2703000.0,
        "Net Income": 2703000.0,
        "Net Income Including Noncontrolling Interests": 2703000.0,
        "Net Income Continuous Operations": 2703000.0,
        "Tax Provision": 836000.0,
        "Pretax Income": 3539000.0,
        "Special Income Charges": NaN,
        "Gain On Sale Of Security": NaN,
        "Selling General And Administration": 11411000.0,
        "Selling And Marketing Expense": 366000.0,
        "General And Administrative Expense": 11045000.0,
        "Other Gand A": NaN,
        "Insurance And Claims": 689000.0,
        "Salaries And Wages": 10356000.0,
        "Total Revenue": 22468000.0,
        "Operating Revenue": 22468000.0,
        "Occupancy And Equipment": 2457000.0,
        "Professional Expense And Contract Services Expense": 660000.0,
        "Other Non Interest Expense": 2576000.0
    },
    "2022-12-31": {
        "Tax Effect Of Unusual Items": 0.0,
        "Tax Rate For Calcs": 0.225169,
        "Total Unusual Items": NaN,
        "Total Unusual Items Excluding Goodwill": NaN,
        "Net Income From Continuing Operation Net Minority Interest": 5492000.0,
        "Reconciled Depreciation": 1177000.0,
        "Net Interest Income": 24119000.0,
        "Interest Expense": 10906000.0,
        "Interest Income": 35025000.0,
        "Normalized Income": 5492000.0,
        "Net Income From Continuing And Discontinued Operation": 5492000.0,
        "Diluted Average Shares": 8071000.0,
        "Basic Average Shares": 7971000.0,
        "Diluted EPS": 0.68,
        "Basic EPS": 0.69,
        "Diluted NI Availto Com Stockholders": 5492000.0,
        "Net Income Common Stockholders": 5492000.0,
        "Net Income": 5492000.0,
        "Net Income Including Noncontrolling Interests": 5492000.0,
        "Net Income Continuous Operations": 5492000.0,
        "Tax Provision": 1596000.0,
        "Pretax Income": 7088000.0,
        "Special Income Charges": NaN,
        "Gain On Sale Of Security": NaN,
        "Selling General And Administration": 5819000.0,
        "Selling And Marketing Expense": 282000.0,
        "General And Administrative Expense": 5537000.0,
        "Other Gand A": NaN,
        "Insurance And Claims": 552000.0,
        "Salaries And Wages": 9576000.0,
        "Total Revenue": 25432000.0,
        "Operating Revenue": 25432000.0
    },
    "2022-09-30": {
        "Tax Effect Of Unusual Items": NaN,
        "Tax Rate For Calcs": NaN,
        "Total Unusual Items": 0.0,
        "Total Unusual Items Excluding Goodwill": 0.0,
        "Net Income From Continuing Operation Net Minority Interest": NaN,
        "Reconciled Depreciation": NaN,
        "Net Interest Income": NaN,
        "Interest Expense": NaN,
        "Interest Income": NaN,
        "Normalized Income": NaN,
        "Net Income From Continuing And Discontinued Operation": NaN,
        "Diluted Average Shares": NaN,
        "Basic Average Shares": NaN,
        "Diluted EPS": NaN,
        "Basic EPS": NaN,
        "Diluted NI Availto Com Stockholders": NaN,
        "Net Income Common Stockholders": NaN,
        "Net Income": NaN,
        "Net Income Including Noncontrolling Interests": NaN,
        "Net Income Continuous Operations": NaN,
        "Tax Provision": NaN,
        "Pretax Income": NaN,
        "Special Income Charges": 0.0,
        "Gain On Sale Of Security": 0.0,
        "Selling General And Administration": NaN,
        "Selling And Marketing Expense": NaN,
        "General And Administrative Expense": NaN,
        "Other Gand A": 1529000.0,
        "Insurance And Claims": NaN,
        "Salaries And Wages": NaN,
        "Total Revenue": NaN,
        "Operating Revenue": NaN
    },
    "2022-06-30": {
        "Tax Effect Of Unusual Items": -96530.0,
        "Tax Rate For Calcs": 0.245,
        "Total Unusual Items": -394000.0,
        "Total Unusual Items Excluding Goodwill": -394000.0,
        "Net Income From Continuing Operation Net Minority Interest": 7240000.0,
        "Reconciled Depreciation": 758000.0,
        "Net Interest Income": 24884000.0,
        "Interest Expense": 2354000.0,
        "Interest Income": 27238000.0,
        "Normalized Income": 7537470.0,
        "Net Income From Continuing And Discontinued Operation": 7240000.0,
        "Diluted Average Shares": 8054910.0,
        "Basic Average Shares": 7957631.0,
        "Diluted EPS": 0.9,
        "Basic EPS": 0.91,
        "Diluted NI Availto Com Stockholders": 7240000.0,
        "Net Income Common Stockholders": 7240000.0,
        "Net Income": 7240000.0,
        "Net Income Including Noncontrolling Interests": 7240000.0,
        "Net Income Continuous Operations": 7240000.0,
        "Tax Provision": 2346000.0,
        "Pretax Income": 9586000.0,
        "Special Income Charges": -394000.0,
        "Other Special Charges": 394000.0,
        "Selling General And Administration": 12139000.0,
        "Selling And Marketing Expense": 329000.0,
        "General And Administrative Expense": 11810000.0,
        "Other Gand A": 1528000.0,
        "Insurance And Claims": 367000.0,
        "Salaries And Wages": 9915000.0,
        "Total Revenue": 27543000.0,
        "Operating Revenue": 27543000.0
    },
    "2022-03-31": {
        "Diluted EPS": 0.98,
        "Total Revenue": 27,
        "Gross Profit": 26,
        "Operating Income": 10,
        "EBIT": NaN,
        "Net Income": 8
    },
    "2021-12-31": {
        "Diluted EPS": 1.5,
        "Total Revenue": 27,
        "Gross Profit": 26,
        "Operating Income": 16,
        "EBIT": NaN,
        "Net Income": 12
    },
    "2021-09-30": {
        "Diluted EPS": 1.75,
        "Total Revenue": 28,
        "Gross Profit": 26,
        "Operating Income": 18,
        "EBIT": NaN,
        "Net Income": 14
    },
    "2021-06-30": {
        "Diluted EPS": 1.29,
        "Total Revenue": 26,
        "Gross Profit": 25,
        "Operating Income": 13,
        "EBIT": NaN,
        "Net Income": 10
    },
    "2021-03-31": {
        "Diluted EPS": 1.31,
        "Total Revenue": 29,
        "Gross Profit": 27,
        "Operating Income": 13,
        "EBIT": NaN,
        "Net Income": 10
    },
    "2020-12-31": {
        "Diluted EPS": 1.1,
        "Total Revenue": 30,
        "Gross Profit": 28,
        "Operating Income": 11,
        "EBIT": NaN,
        "Net Income": 9
    },
    "2020-09-30": {
        "Diluted EPS": 0.28,
        "Total Revenue": 31,
        "Gross Profit": 28,
        "Operating Income": 3,
        "EBIT": NaN,
        "Net Income": 2
    },
    "2020-06-30": {
        "Diluted EPS": 0.6,
        "Total Revenue": 33,
        "Gross Profit": 29,
        "Operating Income": 6,
        "EBIT": NaN,
        "Net Income": 5
    },
    "2020-03-31": {
        "Diluted EPS": 0.36,
        "Total Revenue": 28,
        "Gross Profit": 22,
        "Operating Income": 4,
        "EBIT": NaN,
        "Net Income": 3
    },
    "2019-12-31": {
        "Diluted EPS": 0.92,
        "Total Revenue": 27,
        "Gross Profit": 21,
        "Operating Income": 9,
        "EBIT": NaN,
        "Net Income": 7
    },
    "2019-09-30": {
        "Diluted EPS": 0.95,
        "Total Revenue": 28,
        "Gross Profit": 22,
        "Operating Income": 10,
        "EBIT": NaN,
        "Net Income": 7
    },
    "2019-06-30": {
        "Diluted EPS": 0.93,
        "Total Revenue": 27,
        "Gross Profit": 21,
        "Operating Income": 9,
        "EBIT": NaN,
        "Net Income": 7
    },
    "2019-03-31": {
        "Diluted EPS": 0.78,
        "Total Revenue": 25,
        "Gross Profit": 19,
        "Operating Income": 8,
        "EBIT": NaN,
        "Net Income": 6
    },
    "2018-12-31": {
        "Diluted EPS": 0.75,
        "Total Revenue": 24,
        "Gross Profit": 18,
        "Operating Income": 8,
        "EBIT": NaN,
        "Net Income": 6
    },
    "2018-09-30": {
        "Diluted EPS": 0.75,
        "Total Revenue": 22,
        "Gross Profit": 18,
        "Operating Income": 7,
        "EBIT": NaN,
        "Net Income": 6
    },
    "2018-06-30": {
        "Diluted EPS": 0.71,
        "Total Revenue": 21,
        "Gross Profit": 17,
        "Operating Income": 7,
        "EBIT": NaN,
        "Net Income": 6
    },
    "2018-03-31": {
        "Diluted EPS": 0.67,
        "Total Revenue": 20,
        "Gross Profit": 16,
        "Operating Income": 7,
        "EBIT": NaN,
        "Net Income": 5
    },
    "2017-12-31": {
        "Diluted EPS": 0.26,
        "Total Revenue": 19,
        "Gross Profit": 16,
        "Operating Income": 7,
        "EBIT": NaN,
        "Net Income": 2
    },
    "2017-09-30": {
        "Diluted EPS": 0.55,
        "Total Revenue": 18,
        "Gross Profit": 16,
        "Operating Income": 7,
        "EBIT": NaN,
        "Net Income": 4
    },
    "2017-06-30": {
        "Diluted EPS": 0.49,
        "Total Revenue": 17,
        "Gross Profit": 15,
        "Operating Income": 6,
        "EBIT": NaN,
        "Net Income": 4
    },
    "2017-03-31": {
        "Diluted EPS": 0.46,
        "Total Revenue": 16,
        "Gross Profit": 14,
        "Operating Income": 5,
        "EBIT": NaN,
        "Net Income": 3
    },
    "2016-12-31": {
        "Diluted EPS": 0.49,
        "Total Revenue": 16,
        "Gross Profit": 13,
        "Operating Income": 4,
        "EBIT": NaN,
        "Net Income": 3
    },
    "2016-09-30": {
        "Diluted EPS": 0.51,
        "Total Revenue": 16,
        "Gross Profit": 14,
        "Operating Income": 5,
        "EBIT": NaN,
        "Net Income": 3
    },
    "2016-06-30": {
        "Diluted EPS": 0.49,
        "Total Revenue": 16,
        "Gross Profit": 14,
        "Operating Income": 5,
        "EBIT": NaN,
        "Net Income": 3
    },
    "2016-03-31": {
        "Diluted EPS": 0.45,
        "Total Revenue": 15,
        "Gross Profit": 13,
        "Operating Income": 5,
        "EBIT": NaN,
        "Net Income": 3
    },
    "2015-12-31": {
        "Diluted EPS": 0.44,
        "Total Revenue": 14,
        "Gross Profit": 12,
        "Operating Income": 4,
        "EBIT": NaN,
        "Net Income": 3
    },
    "2015-09-30": {
        "Diluted EPS": 0.41,
        "Total Revenue": 14,
        "Gross Profit": 12,
        "Operating Income": 4,
        "EBIT": NaN,
        "Net Income": 3
    },
    "2015-06-30": {
        "Diluted EPS": 0.39,
        "Total Revenue": 13,
        "Gross Profit": 12,
        "Operating Income": 4,
        "EBIT": NaN,
        "Net Income": 3
    },
    "2015-03-31": {
        "Diluted EPS": 0.31,
        "Total Revenue": 13,
        "Gross Profit": 11,
        "Operating Income": 3,
        "EBIT": NaN,
        "Net Income": 2
    },
    "2014-12-31": {
        "Diluted EPS": 0.31,
        "Total Revenue": 12,
        "Gross Profit": 11,
        "Operating Income": 3,
        "EBIT": NaN,
        "Net Income": 2
    },
    "2014-09-30": {
        "Diluted EPS": 0.31,
        "Total Revenue": 12,
        "Gross Profit": 10,
        "Operating Income": 3,
        "EBIT": NaN,
        "Net Income": 2
    },
    "2014-06-30": {
        "Diluted EPS": 0.26,
        "Total Revenue": 11,
        "Gross Profit": 10,
        "Operating Income": 2,
        "EBIT": NaN,
        "Net Income": 1
    },
    "2014-03-31": {
        "Diluted EPS": 0.22,
        "Total Revenue": 10,
        "Gross Profit": 9,
        "Operating Income": 2,
        "EBIT": NaN,
        "Net Income": 1
    },
    "2013-12-31": {
        "Diluted EPS": 0.28,
        "Total Revenue": 10,
        "Gross Profit": 9,
        "Operating Income": 2,
        "EBIT": NaN,
        "Net Income": 1
    },
    "2013-09-30": {
        "Diluted EPS": 0.27,
        "Total Revenue": 10,
        "Gross Profit": 8,
        "Operating Income": 2,
        "EBIT": NaN,
        "Net Income": 1
    },
    "2013-06-30": {
        "Diluted EPS": 0.25,
        "Total Revenue": 10,
        "Gross Profit": 8,
        "Operating Income": 2,
        "EBIT": NaN,
        "Net Income": 1
    },
    "2013-03-31": {
        "Diluted EPS": 0.18,
        "Total Revenue": 10,
        "Gross Profit": 8,
        "Operating Income": 1,
        "EBIT": NaN,
        "Net Income": 1
    },
    "2012-12-31": {
        "Diluted EPS": 0.23,
        "Total Revenue": 10,
        "Gross Profit": 8,
        "Operating Income": 2,
        "EBIT": NaN,
        "Net Income": 1
    },
    "2012-09-30": {
        "Diluted EPS": 0.19,
        "Total Revenue": 10,
        "Gross Profit": 8,
        "Operating Income": 2,
        "EBIT": NaN,
        "Net Income": 1
    },
    "2012-06-30": {
        "Diluted EPS": 0.13,
        "Total Revenue": 9,
        "Gross Profit": 7,
        "Operating Income": 1,
        "EBIT": NaN,
        "Net Income": 1
    },
    "2012-03-31": {
        "Diluted EPS": 0.09,
        "Total Revenue": 9,
        "Gross Profit": 7,
        "Operating Income": 1,
        "EBIT": NaN,
        "Net Income": 0
    },
    "2011-12-31": {
        "Diluted EPS": 0.04,
        "Total Revenue": 10,
        "Gross Profit": 7,
        "Operating Income": 1,
        "EBIT": NaN,
        "Net Income": 0
    },
    "2011-09-30": {
        "Diluted EPS": 0.05,
        "Total Revenue": 10,
        "Gross Profit": 7,
        "Operating Income": 1,
        "EBIT": NaN,
        "Net Income": 0
    },
    "2011-06-30": {
        "Diluted EPS": 0.08,
        "Total Revenue": 10,
        "Gross Profit": 6,
        "Operating Income": 1,
        "EBIT": NaN,
        "Net Income": 0
    },
    "2011-03-31": {
        "Diluted EPS": 0.06,
        "Total Revenue": 9,
        "Gross Profit": 6,
        "Operating Income": 1,
        "EBIT": NaN,
        "Net Income": 0
    },
    "2010-12-31": {
        "Diluted EPS": 0.06,
        "Total Revenue": 9,
        "Gross Profit": 6,
        "Operating Income": 1,
        "EBIT": NaN,
        "Net Income": 0
    },
    "2010-09-30": {
        "Diluted EPS": 0.02,
        "Total Revenue": 9,
        "Gross Profit": 5,
        "Operating Income": 0,
        "EBIT": NaN,
        "Net Income": 0
    },
    "2010-06-30": {
        "Diluted EPS": -0.06,
        "Total Revenue": 11,
        "Gross Profit": 7,
        "Operating Income": 0,
        "EBIT": NaN,
        "Net Income": 0
    },
    "2010-03-31": {
        "Diluted EPS": -0.07,
        "Total Revenue": 9,
        "Gross Profit": 5,
        "Operating Income": 0,
        "EBIT": NaN,
        "Net Income": 0
    },
    "2009-12-31": {
        "Diluted EPS": -0.05,
        "Total Revenue": 10,
        "Gross Profit": 6,
        "Operating Income": 0,
        "EBIT": NaN,
        "Net Income": 0
    },
    "2009-09-30": {
        "Diluted EPS": 0.02,
        "Total Revenue": 10,
        "Gross Profit": 5,
        "Operating Income": 1,
        "EBIT": NaN,
        "Net Income": 0
    },
    "2009-06-30": {
        "Diluted EPS": 0.0,
        "Total Revenue": 10,
        "Gross Profit": 5,
        "Operating Income": 0,
        "EBIT": NaN,
        "Net Income": 0
    },
    "2009-03-31": {
        "Diluted EPS": 0.09,
        "Total Revenue": 9,
        "Gross Profit": 5,
        "Operating Income": 1,
        "EBIT": NaN,
        "Net Income": 0
    },
    "2023-09-30": {
        "Tax Effect Of Unusual Items": NaN,
        "Tax Rate For Calcs": NaN,
        "Total Unusual Items": 0.0,
        "Total Unusual Items Excluding Goodwill": 0.0,
        "Net Income From Continuing Operation Net Minority Interest": NaN,
        "Reconciled Depreciation": NaN,
        "Net Interest Income": NaN,
        "Interest Expense": NaN,
        "Interest Income": NaN,
        "Normalized Income": NaN,
        "Net Income From Continuing And Discontinued Operation": NaN,
        "Diluted Average Shares": NaN,
        "Basic Average Shares": NaN,
        "Diluted EPS": NaN,
        "Basic EPS": NaN,
        "Diluted NI Availto Com Stockholders": NaN,
        "Net Income Common Stockholders": NaN,
        "Net Income": NaN,
        "Net Income Including Noncontrolling Interests": NaN,
        "Net Income Continuous Operations": NaN,
        "Tax Provision": NaN,
        "Pretax Income": NaN,
        "Special Income Charges": 0.0,
        "Gain On Sale Of Security": 0.0,
        "Selling General And Administration": NaN,
        "Selling And Marketing Expense": NaN,
        "General And Administrative Expense": NaN,
        "Other Gand A": 1744000.0,
        "Insurance And Claims": NaN,
        "Salaries And Wages": NaN,
        "Total Revenue": NaN,
        "Operating Revenue": NaN,
        "Occupancy And Equipment": NaN,
        "Professional Expense And Contract Services Expense": NaN,
        "Other Non Interest Expense": NaN
    },
    "2023-12-31": {
        "Tax Effect Of Unusual Items": NaN,
        "Tax Rate For Calcs": NaN,
        "Total Unusual Items": 0.0,
        "Total Unusual Items Excluding Goodwill": 0.0,
        "Net Income From Continuing Operation Net Minority Interest": NaN,
        "Reconciled Depreciation": NaN,
        "Net Interest Income": NaN,
        "Interest Expense": NaN,
        "Interest Income": NaN,
        "Normalized Income": NaN,
        "Net Income From Continuing And Discontinued Operation": NaN,
        "Diluted Average Shares": NaN,
        "Basic Average Shares": NaN,
        "Diluted EPS": NaN,
        "Basic EPS": NaN,
        "Diluted NI Availto Com Stockholders": NaN,
        "Net Income Common Stockholders": NaN,
        "Net Income": NaN,
        "Net Income Including Noncontrolling Interests": NaN,
        "Net Income Continuous Operations": NaN,
        "Tax Provision": NaN,
        "Pretax Income": NaN,
        "Special Income Charges": 0.0,
        "Gain On Sale Of Security": 0.0,
        "Selling General And Administration": NaN,
        "Selling And Marketing Expense": NaN,
        "General And Administrative Expense": NaN,
        "Insurance And Claims": NaN,
        "Salaries And Wages": NaN,
        "Total Revenue": NaN,
        "Operating Revenue": NaN,
        "Occupancy And Equipment": NaN,
        "Professional Expense And Contract Services Expense": NaN,
        "Other Non Interest Expense": NaN
    },
    "2024-03-31": {
        "Tax Effect Of Unusual Items": 0.0,
        "Tax Rate For Calcs": 0.254728,
        "Total Unusual Items": NaN,
        "Total Unusual Items Excluding Goodwill": NaN,
        "Net Income From Continuing Operation Net Minority Interest": 2522000.0,
        "Reconciled Depreciation": 1214000.0,
        "Net Interest Income": 18645000.0,
        "Interest Expense": 29718000.0,
        "Interest Income": 48363000.0,
        "Normalized Income": 2522000.0,
        "Net Income From Continuing And Discontinued Operation": 2522000.0,
        "Diluted Average Shares": 8142000.0,
        "Basic Average Shares": 8110000.0,
        "Diluted EPS": 0.31,
        "Basic EPS": 0.31,
        "Diluted NI Availto Com Stockholders": 2522000.0,
        "Net Income Common Stockholders": 2522000.0,
        "Net Income": 2522000.0,
        "Net Income Including Noncontrolling Interests": 2522000.0,
        "Net Income Continuous Operations": 2522000.0,
        "Tax Provision": 862000.0,
        "Pretax Income": 3384000.0,
        "Special Income Charges": NaN,
        "Gain On Sale Of Security": NaN,
        "Selling General And Administration": 12181000.0,
        "Selling And Marketing Expense": 369000.0,
        "General And Administrative Expense": 11812000.0,
        "Insurance And Claims": 955000.0,
        "Salaries And Wages": 10857000.0,
        "Total Revenue": 21309000.0,
        "Operating Revenue": 21309000.0,
        "Occupancy And Equipment": 2557000.0,
        "Professional Expense And Contract Services Expense": 618000.0,
        "Other Non Interest Expense": 2744000.0
    },
    "2024-06-30": {
        "Tax Effect Of Unusual Items": 0.0,
        "Tax Rate For Calcs": 0.2326,
        "Net Income From Continuing Operation Net Minority Interest": 2999000.0,
        "Reconciled Depreciation": 1204000.0,
        "Net Interest Income": 19528000.0,
        "Interest Expense": 31018000.0,
        "Interest Income": 50546000.0,
        "Normalized Income": 2999000.0,
        "Net Income From Continuing And Discontinued Operation": 2999000.0,
        "Diluted Average Shares": 8141000.0,
        "Basic Average Shares": 8126000.0,
        "Diluted EPS": 0.37,
        "Basic EPS": 0.37,
        "Diluted NI Availto Com Stockholders": 2999000.0,
        "Net Income Common Stockholders": 2999000.0,
        "Net Income": 2999000.0,
        "Net Income Including Noncontrolling Interests": 2999000.0,
        "Net Income Continuous Operations": 2999000.0,
        "Tax Provision": 909000.0,
        "Pretax Income": 3908000.0,
        "Selling General And Administration": 12644000.0,
        "Selling And Marketing Expense": 389000.0,
        "General And Administrative Expense": 12255000.0,
        "Insurance And Claims": 965000.0,
        "Salaries And Wages": 11290000.0,
        "Total Revenue": 23051000.0,
        "Operating Revenue": 23051000.0,
        "Occupancy And Equipment": 2552000.0,
        "Professional Expense And Contract Services Expense": 582000.0,
        "Other Non Interest Expense": 2865000.0
    },
    "2024-09-30": {
        "Tax Effect Of Unusual Items": 0.0,
        "Tax Rate For Calcs": 0.234852,
        "Net Income From Continuing Operation Net Minority Interest": 4382000.0,
        "Reconciled Depreciation": 1205000.0,
        "Net Interest Income": 20591000.0,
        "Interest Expense": 30580000.0,
        "Interest Income": 51171000.0,
        "Normalized Income": 4382000.0,
        "Net Income From Continuing And Discontinued Operation": 4382000.0,
        "Diluted Average Shares": 8089000.0,
        "Basic Average Shares": 8064000.0,
        "Diluted EPS": 0.54,
        "Basic EPS": 0.54,
        "Diluted NI Availto Com Stockholders": 4382000.0,
        "Net Income Common Stockholders": 4382000.0,
        "Net Income": 4382000.0,
        "Net Income Including Noncontrolling Interests": 4382000.0,
        "Net Income Continuous Operations": 4382000.0,
        "Tax Provision": 1345000.0,
        "Pretax Income": 5727000.0,
        "Selling General And Administration": 12133000.0,
        "Selling And Marketing Expense": 319000.0,
        "General And Administrative Expense": 11814000.0,
        "Insurance And Claims": 1025000.0,
        "Salaries And Wages": 10789000.0,
        "Total Revenue": 23766000.0,
        "Operating Revenue": 23766000.0,
        "Occupancy And Equipment": 2595000.0,
        "Professional Expense And Contract Services Expense": 548000.0,
        "Other Non Interest Expense": 2763000.0
    },
    "2024-12-31": {
        "Tax Effect Of Unusual Items": 0.0,
        "Tax Rate For Calcs": 0.183665,
        "Net Income From Continuing Operation Net Minority Interest": 5627000.0,
        "Reconciled Depreciation": 1187000.0,
        "Net Interest Income": 22458000.0,
        "Interest Expense": 28674000.0,
        "Interest Income": 51132000.0,
        "Normalized Income": 5627000.0,
        "Net Income From Continuing And Discontinued Operation": 5627000.0,
        "Diluted Average Shares": 8097000.0,
        "Basic Average Shares": 8023000.0,
        "Diluted EPS": 0.7,
        "Basic EPS": 0.7,
        "Diluted NI Availto Com Stockholders": 5627000.0,
        "Net Income Common Stockholders": 5627000.0,
        "Net Income": 5627000.0,
        "Net Income Including Noncontrolling Interests": 5627000.0,
        "Net Income Continuous Operations": 5627000.0,
        "Tax Provision": 1266000.0,
        "Pretax Income": 6893000.0,
        "Selling General And Administration": 12022000.0,
        "Selling And Marketing Expense": 335000.0,
        "General And Administrative Expense": 11687000.0,
        "Insurance And Claims": 1077000.0,
        "Salaries And Wages": 10610000.0,
        "Total Revenue": 25209000.0,
        "Operating Revenue": 25209000.0,
        "Occupancy And Equipment": 2587000.0,
        "Professional Expense And Contract Services Expense": 656000.0,
        "Other Non Interest Expense": 3279000.0
    },
    "2025-03-31": {
        "Tax Effect Of Unusual Items": 0.0,
        "Tax Rate For Calcs": 0.238,
        "Net Income From Continuing Operation Net Minority Interest": 5266000.0,
        "Reconciled Depreciation": 1169000.0,
        "Net Interest Income": 23383000.0,
        "Interest Expense": 26264000.0,
        "Interest Income": 49647000.0,
        "Normalized Income": 5266000.0,
        "Net Income From Continuing And Discontinued Operation": 5266000.0,
        "Diluted Average Shares": 8111000.0,
        "Basic Average Shares": 8078355.0,
        "Diluted EPS": 0.65,
        "Basic EPS": 0.65,
        "Diluted NI Availto Com Stockholders": 5266000.0,
        "Net Income Common Stockholders": 5266000.0,
        "Net Income": 5266000.0,
        "Net Income Including Noncontrolling Interests": 5266000.0,
        "Net Income Continuous Operations": 5266000.0,
        "Tax Provision": 1645000.0,
        "Pretax Income": 6911000.0,
        "Selling General And Administration": 12688000.0,
        "Selling And Marketing Expense": 374000.0,
        "General And Administrative Expense": 12314000.0,
        "Insurance And Claims": 1010000.0,
        "Salaries And Wages": 11304000.0,
        "Total Revenue": 26497000.0,
        "Operating Revenue": 26497000.0,
        "Occupancy And Equipment": 2548000.0,
        "Professional Expense And Contract Services Expense": 509000.0,
        "Other Non Interest Expense": 3091000.0
    },
    "2025-06-30": {
        "Tax Effect Of Unusual Items": 0.0,
        "Tax Rate For Calcs": 0.234144,
        "Net Income From Continuing Operation Net Minority Interest": 6581000.0,
        "Reconciled Depreciation": 1128000.0,
        "Net Interest Income": 25295000.0,
        "Interest Expense": 27023000.0,
        "Interest Income": 52318000.0,
        "Normalized Income": 6581000.0,
        "Net Income From Continuing And Discontinued Operation": 6581000.0,
        "Diluted Average Shares": 8134000.0,
        "Basic Average Shares": 8118895.0,
        "Diluted EPS": 0.81,
        "Basic EPS": 0.81,
        "Diluted NI Availto Com Stockholders": 6581000.0,
        "Net Income Common Stockholders": 6581000.0,
        "Net Income": 6581000.0,
        "Net Income Including Noncontrolling Interests": 6581000.0,
        "Net Income Continuous Operations": 6581000.0,
        "Tax Provision": 2012000.0,
        "Pretax Income": 8593000.0,
        "Selling General And Administration": 12981000.0,
        "Selling And Marketing Expense": 397000.0,
        "General And Administrative Expense": 12584000.0,
        "Insurance And Claims": 910000.0,
        "Salaries And Wages": 11674000.0,
        "Total Revenue": 28629000.0,
        "Operating Revenue": 28629000.0,
        "Occupancy And Equipment": 2523000.0,
        "Professional Expense And Contract Services Expense": 609000.0,
        "Other Non Interest Expense": 3223000.0
    }
}