{
    "2023-06-30": {
        "Tax Effect Of Unusual Items": NaN,
        "Tax Rate For Calcs": NaN,
        "Normalized EBITDA": NaN,
        "Net Income From Continuing Operation Net Minority Interest": NaN,
        "Reconciled Depreciation": NaN,
        "EBITDA": NaN,
        "EBIT": NaN,
        "Net Interest Income": NaN,
        "Interest Expense": NaN,
        "Normalized Income": NaN,
        "Net Income From Continuing And Discontinued Operation": NaN,
        "Total Expenses": NaN,
        "Total Operating Income As Reported": NaN,
        "Diluted Average Shares": 500000.0,
        "Basic Average Shares": 500000.0,
        "Diluted EPS": -1.57584,
        "Basic EPS": -1.57584,
        "Diluted NI Availto Com Stockholders": NaN,
        "Net Income Common Stockholders": NaN,
        "Net Income": NaN,
        "Net Income Including Noncontrolling Interests": NaN,
        "Net Income Continuous Operations": NaN,
        "Pretax Income": NaN,
        "Other Income Expense": NaN,
        "Other Non Operating Income Expenses": NaN,
        "Net Non Operating Interest Income Expense": NaN,
        "Interest Expense Non Operating": NaN,
        "Operating Income": NaN,
        "Operating Expense": NaN,
        "Selling General And Administration": NaN,
        "Selling And Marketing Expense": NaN,
        "General And Administrative Expense": NaN,
        "Other Gand A": NaN,
        "Salaries And Wages": NaN,
        "Total Revenue": NaN,
        "Operating Revenue": NaN
    },
    "2023-03-31": {
        "Tax Effect Of Unusual Items": NaN,
        "Tax Rate For Calcs": NaN,
        "Normalized EBITDA": NaN,
        "Net Income From Continuing Operation Net Minority Interest": NaN,
        "Reconciled Depreciation": NaN,
        "EBITDA": NaN,
        "EBIT": NaN,
        "Net Interest Income": NaN,
        "Interest Expense": NaN,
        "Normalized Income": NaN,
        "Net Income From Continuing And Discontinued Operation": NaN,
        "Total Expenses": NaN,
        "Total Operating Income As Reported": NaN,
        "Diluted Average Shares": 10000000.0,
        "Basic Average Shares": 10000000.0,
        "Diluted EPS": -0.09045,
        "Basic EPS": -0.09045,
        "Diluted NI Availto Com Stockholders": NaN,
        "Net Income Common Stockholders": NaN,
        "Net Income": NaN,
        "Net Income Including Noncontrolling Interests": NaN,
        "Net Income Continuous Operations": NaN,
        "Pretax Income": NaN,
        "Other Income Expense": NaN,
        "Other Non Operating Income Expenses": NaN,
        "Net Non Operating Interest Income Expense": NaN,
        "Interest Expense Non Operating": NaN,
        "Operating Income": NaN,
        "Operating Expense": NaN,
        "Selling General And Administration": NaN,
        "Selling And Marketing Expense": NaN,
        "General And Administrative Expense": NaN,
        "Other Gand A": NaN,
        "Salaries And Wages": NaN,
        "Total Revenue": NaN,
        "Operating Revenue": NaN
    },
    "2022-12-31": {
        "Tax Effect Of Unusual Items": 0.0,
        "Tax Rate For Calcs": 0.0,
        "Normalized EBITDA": -10496689.0,
        "Net Income From Continuing Operation Net Minority Interest": -10629356.0,
        "EBITDA": -10496689.0,
        "EBIT": -10496689.0,
        "Net Interest Income": -132667.0,
        "Interest Expense": 132667.0,
        "Normalized Income": -10629356.0,
        "Net Income From Continuing And Discontinued Operation": -10629356.0,
        "Total Expenses": 10496689.0,
        "Total Operating Income As Reported": -10496689.0,
        "Diluted Average Shares": NaN,
        "Basic Average Shares": NaN,
        "Diluted EPS": NaN,
        "Basic EPS": NaN,
        "Diluted NI Availto Com Stockholders": -10629356.0,
        "Net Income Common Stockholders": -10629356.0,
        "Net Income": -10629356.0,
        "Net Income Including Noncontrolling Interests": -10629356.0,
        "Net Income Continuous Operations": -10629356.0,
        "Pretax Income": -10629356.0,
        "Other Income Expense": NaN,
        "Other Non Operating Income Expenses": NaN,
        "Net Non Operating Interest Income Expense": -132667.0,
        "Interest Expense Non Operating": 132667.0,
        "Operating Income": -10496689.0,
        "Operating Expense": 10496689.0,
        "Selling General And Administration": 10496689.0,
        "Selling And Marketing Expense": 17546.0,
        "General And Administrative Expense": 10479143.0,
        "Other Gand A": 475511.0,
        "Salaries And Wages": 10003632.0,
        "Total Revenue": 0.0,
        "Operating Revenue": 0.0
    },
    "2022-09-30": {
        "Tax Effect Of Unusual Items": NaN,
        "Tax Rate For Calcs": NaN,
        "Normalized EBITDA": NaN,
        "Net Income From Continuing Operation Net Minority Interest": NaN,
        "Reconciled Depreciation": NaN,
        "EBITDA": NaN,
        "EBIT": NaN,
        "Net Interest Income": NaN,
        "Interest Expense": NaN,
        "Normalized Income": NaN,
        "Net Income From Continuing And Discontinued Operation": NaN,
        "Total Expenses": NaN,
        "Total Operating Income As Reported": NaN,
        "Diluted Average Shares": 10000000.0,
        "Basic Average Shares": 10000000.0,
        "Diluted EPS": -0.048896,
        "Basic EPS": -0.048896,
        "Diluted NI Availto Com Stockholders": NaN,
        "Net Income Common Stockholders": NaN,
        "Net Income": NaN,
        "Net Income Including Noncontrolling Interests": NaN,
        "Net Income Continuous Operations": NaN,
        "Pretax Income": NaN,
        "Other Income Expense": NaN,
        "Other Non Operating Income Expenses": NaN,
        "Net Non Operating Interest Income Expense": NaN,
        "Interest Expense Non Operating": NaN,
        "Operating Income": NaN,
        "Operating Expense": NaN,
        "Selling General And Administration": NaN,
        "Selling And Marketing Expense": NaN,
        "General And Administrative Expense": NaN,
        "Other Gand A": NaN,
        "Salaries And Wages": NaN,
        "Total Revenue": NaN,
        "Operating Revenue": NaN
    },
    "2023-09-30": {
        "Tax Effect Of Unusual Items": NaN,
        "Tax Rate For Calcs": NaN,
        "Normalized EBITDA": NaN,
        "Net Income From Continuing Operation Net Minority Interest": NaN,
        "Reconciled Depreciation": NaN,
        "Reconciled Cost Of Revenue": NaN,
        "EBITDA": NaN,
        "EBIT": NaN,
        "Net Interest Income": NaN,
        "Interest Expense": NaN,
        "Interest Income": NaN,
        "Normalized Income": NaN,
        "Net Income From Continuing And Discontinued Operation": NaN,
        "Total Expenses": NaN,
        "Total Operating Income As Reported": NaN,
        "Diluted Average Shares": 85642.0,
        "Basic Average Shares": 85642.0,
        "Diluted EPS": -10.780952,
        "Basic EPS": -10.780952,
        "Diluted NI Availto Com Stockholders": NaN,
        "Net Income Common Stockholders": NaN,
        "Net Income": NaN,
        "Net Income Including Noncontrolling Interests": NaN,
        "Net Income Continuous Operations": NaN,
        "Pretax Income": NaN,
        "Other Income Expense": 321.0,
        "Other Non Operating Income Expenses": 321.0,
        "Net Non Operating Interest Income Expense": NaN,
        "Interest Expense Non Operating": NaN,
        "Interest Income Non Operating": NaN,
        "Operating Income": NaN,
        "Operating Expense": NaN,
        "Selling General And Administration": NaN,
        "Selling And Marketing Expense": NaN,
        "General And Administrative Expense": NaN,
        "Other Gand A": NaN,
        "Salaries And Wages": NaN,
        "Gross Profit": NaN,
        "Cost Of Revenue": NaN,
        "Total Revenue": NaN,
        "Operating Revenue": NaN
    },
    "2023-12-31": {
        "Tax Effect Of Unusual Items": NaN,
        "Tax Rate For Calcs": NaN,
        "Normalized EBITDA": NaN,
        "Net Income From Continuing Operation Net Minority Interest": NaN,
        "Reconciled Depreciation": NaN,
        "Reconciled Cost Of Revenue": NaN,
        "EBITDA": NaN,
        "EBIT": NaN,
        "Net Interest Income": NaN,
        "Interest Expense": NaN,
        "Interest Income": NaN,
        "Normalized Income": NaN,
        "Net Income From Continuing And Discontinued Operation": NaN,
        "Total Expenses": NaN,
        "Total Operating Income As Reported": NaN,
        "Diluted Average Shares": NaN,
        "Basic Average Shares": NaN,
        "Diluted EPS": NaN,
        "Basic EPS": NaN,
        "Diluted NI Availto Com Stockholders": NaN,
        "Net Income Common Stockholders": NaN,
        "Net Income": NaN,
        "Net Income Including Noncontrolling Interests": NaN,
        "Net Income Continuous Operations": NaN,
        "Pretax Income": NaN,
        "Other Income Expense": 897.0,
        "Other Non Operating Income Expenses": 897.0,
        "Net Non Operating Interest Income Expense": NaN,
        "Interest Expense Non Operating": NaN,
        "Interest Income Non Operating": NaN,
        "Operating Income": NaN,
        "Operating Expense": NaN,
        "Selling General And Administration": NaN,
        "Selling And Marketing Expense": NaN,
        "General And Administrative Expense": NaN,
        "Other Gand A": NaN,
        "Salaries And Wages": NaN,
        "Gross Profit": NaN,
        "Cost Of Revenue": NaN,
        "Total Revenue": NaN,
        "Operating Revenue": NaN
    },
    "2024-03-31": {
        "Tax Effect Of Unusual Items": 0.0,
        "Tax Rate For Calcs": 0.0,
        "Normalized EBITDA": -2501514.0,
        "Net Income From Continuing Operation Net Minority Interest": -3067671.0,
        "Reconciled Depreciation": 161.0,
        "Reconciled Cost Of Revenue": 0.0,
        "EBITDA": -2501514.0,
        "EBIT": -2501675.0,
        "Net Interest Income": -565996.0,
        "Interest Expense": 565996.0,
        "Interest Income": 0.0,
        "Normalized Income": -3067671.0,
        "Net Income From Continuing And Discontinued Operation": -3067671.0,
        "Total Expenses": 2551491.0,
        "Total Operating Income As Reported": -2501675.0,
        "Diluted Average Shares": 622722.0,
        "Basic Average Shares": 622722.0,
        "Diluted EPS": -4.92381,
        "Basic EPS": -4.92381,
        "Diluted NI Availto Com Stockholders": -3067671.0,
        "Net Income Common Stockholders": -3067671.0,
        "Net Income": -3067671.0,
        "Net Income Including Noncontrolling Interests": -3067671.0,
        "Net Income Continuous Operations": -3067671.0,
        "Pretax Income": -3067671.0,
        "Other Income Expense": NaN,
        "Other Non Operating Income Expenses": NaN,
        "Net Non Operating Interest Income Expense": -565996.0,
        "Interest Expense Non Operating": 565996.0,
        "Interest Income Non Operating": 0.0,
        "Operating Income": -2501675.0,
        "Operating Expense": 2551491.0,
        "Selling General And Administration": 2551491.0,
        "Selling And Marketing Expense": 69150.0,
        "General And Administrative Expense": 2482341.0,
        "Other Gand A": 466254.0,
        "Salaries And Wages": 2016087.0,
        "Gross Profit": 49816.0,
        "Cost Of Revenue": 0.0,
        "Total Revenue": 49816.0,
        "Operating Revenue": 49816.0
    },
    "2024-06-30": {
        "Tax Effect Of Unusual Items": 0.0,
        "Tax Rate For Calcs": 0.0,
        "Normalized EBITDA": -902778.0,
        "Net Income From Continuing Operation Net Minority Interest": -1968791.0,
        "Reconciled Depreciation": 195.0,
        "Reconciled Cost Of Revenue": NaN,
        "EBITDA": -902778.0,
        "EBIT": -902973.0,
        "Net Interest Income": -1065818.0,
        "Interest Expense": 1065818.0,
        "Interest Income": NaN,
        "Normalized Income": -1968791.0,
        "Net Income From Continuing And Discontinued Operation": -1968791.0,
        "Total Expenses": 945135.0,
        "Total Operating Income As Reported": -902973.0,
        "Diluted Average Shares": 808898.0,
        "Basic Average Shares": 808898.0,
        "Diluted EPS": -2.47619,
        "Basic EPS": -2.47619,
        "Diluted NI Availto Com Stockholders": -1968791.0,
        "Net Income Common Stockholders": -1968791.0,
        "Net Income": -1968791.0,
        "Net Income Including Noncontrolling Interests": -1968791.0,
        "Net Income Continuous Operations": -1968791.0,
        "Pretax Income": -1968791.0,
        "Other Income Expense": NaN,
        "Other Non Operating Income Expenses": NaN,
        "Net Non Operating Interest Income Expense": -1065818.0,
        "Interest Expense Non Operating": 1065818.0,
        "Interest Income Non Operating": NaN,
        "Operating Income": -902973.0,
        "Operating Expense": 945135.0,
        "Selling General And Administration": 945135.0,
        "Selling And Marketing Expense": 132661.0,
        "General And Administrative Expense": 812474.0,
        "Other Gand A": 216829.0,
        "Salaries And Wages": 595645.0,
        "Gross Profit": NaN,
        "Cost Of Revenue": NaN,
        "Total Revenue": 42162.0,
        "Operating Revenue": 42162.0
    },
    "2024-09-30": {
        "Tax Effect Of Unusual Items": 0.0,
        "Tax Rate For Calcs": 0.0,
        "Normalized EBITDA": -1389320.0,
        "Net Income From Continuing Operation Net Minority Interest": -2342002.0,
        "Reconciled Depreciation": 1443.0,
        "Reconciled Cost Of Revenue": NaN,
        "EBITDA": -1389320.0,
        "EBIT": -1390763.0,
        "Net Interest Income": -951239.0,
        "Interest Expense": 951239.0,
        "Interest Income": NaN,
        "Normalized Income": -2342002.0,
        "Net Income From Continuing And Discontinued Operation": -2342002.0,
        "Total Expenses": 1471973.0,
        "Total Operating Income As Reported": -1390763.0,
        "Diluted Average Shares": 940572.0,
        "Basic Average Shares": 940572.0,
        "Diluted EPS": -2.485714,
        "Basic EPS": -2.485714,
        "Diluted NI Availto Com Stockholders": -2342002.0,
        "Net Income Common Stockholders": -2342002.0,
        "Net Income": -2342002.0,
        "Net Income Including Noncontrolling Interests": -2342002.0,
        "Net Income Continuous Operations": -2342002.0,
        "Pretax Income": -2342002.0,
        "Other Income Expense": NaN,
        "Other Non Operating Income Expenses": NaN,
        "Net Non Operating Interest Income Expense": -951239.0,
        "Interest Expense Non Operating": 951239.0,
        "Interest Income Non Operating": NaN,
        "Operating Income": -1390763.0,
        "Operating Expense": 1471973.0,
        "Selling General And Administration": 1471973.0,
        "Selling And Marketing Expense": 172220.0,
        "General And Administrative Expense": 1299753.0,
        "Other Gand A": 778448.0,
        "Salaries And Wages": 521305.0,
        "Gross Profit": NaN,
        "Cost Of Revenue": NaN,
        "Total Revenue": 81210.0,
        "Operating Revenue": 81210.0
    },
    "2024-12-31": {
        "Tax Effect Of Unusual Items": 0.0,
        "Tax Rate For Calcs": 0.0,
        "Normalized EBITDA": -637286.0,
        "Net Income From Continuing Operation Net Minority Interest": -1530011.0,
        "Reconciled Depreciation": 1434.0,
        "Reconciled Cost Of Revenue": NaN,
        "EBITDA": -637286.0,
        "EBIT": -638720.0,
        "Net Interest Income": -879184.0,
        "Interest Expense": 891291.0,
        "Interest Income": NaN,
        "Normalized Income": -1530011.0,
        "Net Income From Continuing And Discontinued Operation": -1530011.0,
        "Total Expenses": 1797859.0,
        "Total Operating Income As Reported": -1763495.0,
        "Diluted Average Shares": NaN,
        "Basic Average Shares": NaN,
        "Diluted EPS": NaN,
        "Basic EPS": NaN,
        "Diluted NI Availto Com Stockholders": -1530011.0,
        "Net Income Common Stockholders": -1530011.0,
        "Net Income": -1530011.0,
        "Net Income Including Noncontrolling Interests": -1530011.0,
        "Net Income Continuous Operations": -1530011.0,
        "Pretax Income": -1530011.0,
        "Other Income Expense": NaN,
        "Other Non Operating Income Expenses": NaN,
        "Net Non Operating Interest Income Expense": -879184.0,
        "Interest Expense Non Operating": 891291.0,
        "Interest Income Non Operating": NaN,
        "Operating Income": -1763495.0,
        "Operating Expense": 1615203.0,
        "Selling General And Administration": 1615203.0,
        "Selling And Marketing Expense": 98278.0,
        "General And Administrative Expense": 1516925.0,
        "Other Gand A": 1027944.0,
        "Salaries And Wages": 488981.0,
        "Gross Profit": NaN,
        "Cost Of Revenue": NaN,
        "Total Revenue": 34364.0,
        "Operating Revenue": 34364.0
    },
    "2025-03-31": {
        "Tax Effect Of Unusual Items": 0.0,
        "Tax Rate For Calcs": 0.0,
        "Normalized EBITDA": -1198865.0,
        "Net Income From Continuing Operation Net Minority Interest": -2179993.0,
        "Reconciled Depreciation": 26480.0,
        "Reconciled Cost Of Revenue": 11800.0,
        "EBITDA": -1198865.0,
        "EBIT": -1225345.0,
        "Net Interest Income": -930960.0,
        "Interest Expense": 954648.0,
        "Interest Income": 23688.0,
        "Normalized Income": -2179993.0,
        "Net Income From Continuing And Discontinued Operation": -2179993.0,
        "Total Expenses": 1282032.0,
        "Total Operating Income As Reported": -1263862.0,
        "Diluted Average Shares": 2111705.0,
        "Basic Average Shares": 2111705.0,
        "Diluted EPS": -1.028571,
        "Basic EPS": -1.028571,
        "Diluted NI Availto Com Stockholders": -2179993.0,
        "Net Income Common Stockholders": -2179993.0,
        "Net Income": -2179993.0,
        "Net Income Including Noncontrolling Interests": -2179993.0,
        "Net Income Continuous Operations": -2179993.0,
        "Pretax Income": -2179993.0,
        "Other Income Expense": 14829.0,
        "Other Non Operating Income Expenses": 14829.0,
        "Net Non Operating Interest Income Expense": -930960.0,
        "Interest Expense Non Operating": 954648.0,
        "Interest Income Non Operating": 23688.0,
        "Operating Income": -1263862.0,
        "Operating Expense": 1270232.0,
        "Selling General And Administration": 1270232.0,
        "Selling And Marketing Expense": 83661.0,
        "General And Administrative Expense": 1186571.0,
        "Other Gand A": 735120.0,
        "Salaries And Wages": 451451.0,
        "Gross Profit": 6370.0,
        "Cost Of Revenue": 11800.0,
        "Total Revenue": 18170.0,
        "Operating Revenue": 18170.0
    }
}