{
    "2023-03-31": {
        "Tax Effect Of Unusual Items": 3024000.0,
        "Tax Rate For Calcs": 0.21,
        "Normalized EBITDA": -198913000.0,
        "Total Unusual Items": 14400000.0,
        "Total Unusual Items Excluding Goodwill": 14400000.0,
        "Net Income From Continuing Operation Net Minority Interest": -174737000.0,
        "Reconciled Depreciation": 22092000.0,
        "Reconciled Cost Of Revenue": 111776000.0,
        "EBITDA": -184513000.0,
        "EBIT": -184513000.0,
        "Normalized Income": -186113000.0,
        "Net Income From Continuing And Discontinued Operation": -174737000.0,
        "Total Expenses": 704232000.0,
        "Total Operating Income As Reported": -184513000.0,
        "Diluted Average Shares": 186889000.0,
        "Basic Average Shares": 186889000.0,
        "Diluted EPS": -0.93,
        "Basic EPS": -0.93,
        "Diluted NI Availto Com Stockholders": -174737000.0,
        "Net Income Common Stockholders": -174737000.0,
        "Net Income": -174737000.0,
        "Net Income Including Noncontrolling Interests": -174737000.0,
        "Net Income Continuous Operations": -174737000.0,
        "Tax Provision": 4624000.0,
        "Pretax Income": -170113000.0,
        "Other Income Expense": 14400000.0,
        "Gain On Sale Of Security": 14400000.0,
        "Operating Income": -184513000.0,
        "Operating Expense": 592456000.0,
        "Research And Development": 356015000.0,
        "Selling General And Administration": 236441000.0,
        "Gross Profit": 407943000.0,
        "Cost Of Revenue": 111776000.0,
        "Total Revenue": 519719000.0,
        "Operating Revenue": 519719000.0
    },
    "2022-12-31": {
        "Tax Effect Of Unusual Items": 2136960.0,
        "Tax Rate For Calcs": 0.21,
        "Normalized EBITDA": -164180000.0,
        "Total Unusual Items": 10176000.0,
        "Total Unusual Items Excluding Goodwill": 10176000.0,
        "Net Income From Continuing Operation Net Minority Interest": -148171000.0,
        "Reconciled Depreciation": 20814000.0,
        "Reconciled Cost Of Revenue": 108210000.0,
        "EBITDA": -154004000.0,
        "EBIT": -154004000.0,
        "Normalized Income": -156210040.0,
        "Net Income From Continuing And Discontinued Operation": -148171000.0,
        "Total Expenses": 682154000.0,
        "Total Operating Income As Reported": -154004000.0,
        "Diluted Average Shares": 186091000.0,
        "Basic Average Shares": 186091000.0,
        "Diluted EPS": -0.8,
        "Basic EPS": -0.8,
        "Diluted NI Availto Com Stockholders": -148171000.0,
        "Net Income Common Stockholders": -148171000.0,
        "Net Income": -148171000.0,
        "Net Income Including Noncontrolling Interests": -148171000.0,
        "Net Income Continuous Operations": -148171000.0,
        "Tax Provision": 4343000.0,
        "Pretax Income": -143828000.0,
        "Other Income Expense": 10176000.0,
        "Gain On Sale Of Security": 10176000.0,
        "Operating Income": -154004000.0,
        "Operating Expense": 573944000.0,
        "Research And Development": 357843000.0,
        "Selling General And Administration": 216101000.0,
        "Gross Profit": 419940000.0,
        "Cost Of Revenue": 108210000.0,
        "Total Revenue": 528150000.0,
        "Operating Revenue": 528150000.0
    },
    "2022-09-30": {
        "Tax Effect Of Unusual Items": 1711200.0,
        "Tax Rate For Calcs": 0.4,
        "Normalized EBITDA": -176190000.0,
        "Total Unusual Items": 4278000.0,
        "Total Unusual Items Excluding Goodwill": 4278000.0,
        "Net Income From Continuing Operation Net Minority Interest": -190816000.0,
        "Reconciled Depreciation": 20893000.0,
        "Reconciled Cost Of Revenue": 108122000.0,
        "EBITDA": -171912000.0,
        "EBIT": -192805000.0,
        "Normalized Income": -193382800.0,
        "Net Income From Continuing And Discontinued Operation": -190816000.0,
        "Total Expenses": 703105000.0,
        "Total Operating Income As Reported": -192805000.0,
        "Diluted Average Shares": 184792000.0,
        "Basic Average Shares": 184792000.0,
        "Diluted EPS": -1.03,
        "Basic EPS": -1.03,
        "Diluted NI Availto Com Stockholders": -190816000.0,
        "Net Income Common Stockholders": -190816000.0,
        "Net Income": -190816000.0,
        "Net Income Including Noncontrolling Interests": -190816000.0,
        "Net Income Continuous Operations": -190816000.0,
        "Tax Provision": 2289000.0,
        "Pretax Income": -188527000.0,
        "Other Income Expense": 4278000.0,
        "Gain On Sale Of Security": 4278000.0,
        "Operating Income": -192805000.0,
        "Operating Expense": 594983000.0,
        "Research And Development": 384605000.0,
        "Selling General And Administration": 210378000.0,
        "Gross Profit": 402178000.0,
        "Cost Of Revenue": 108122000.0,
        "Total Revenue": 510300000.0,
        "Operating Revenue": 510300000.0
    },
    "2022-06-30": {
        "Tax Effect Of Unusual Items": -643600.0,
        "Tax Rate For Calcs": 0.4,
        "Normalized EBITDA": -111096000.0,
        "Total Unusual Items": -1609000.0,
        "Total Unusual Items Excluding Goodwill": -1609000.0,
        "Net Income From Continuing Operation Net Minority Interest": -134827000.0,
        "Reconciled Depreciation": 20406000.0,
        "Reconciled Cost Of Revenue": 106100000.0,
        "EBITDA": -112705000.0,
        "EBIT": -133111000.0,
        "Normalized Income": -133861600.0,
        "Net Income From Continuing And Discontinued Operation": -134827000.0,
        "Total Expenses": 630613000.0,
        "Total Operating Income As Reported": -133111000.0,
        "Diluted Average Shares": 184145000.0,
        "Basic Average Shares": 184145000.0,
        "Diluted EPS": -0.73,
        "Basic EPS": -0.73,
        "Diluted NI Availto Com Stockholders": -134827000.0,
        "Net Income Common Stockholders": -134827000.0,
        "Net Income": -134827000.0,
        "Net Income Including Noncontrolling Interests": -134827000.0,
        "Net Income Continuous Operations": -134827000.0,
        "Tax Provision": 107000.0,
        "Pretax Income": -134720000.0,
        "Other Income Expense": -1609000.0,
        "Gain On Sale Of Security": -1609000.0,
        "Operating Income": -133111000.0,
        "Operating Expense": 524513000.0,
        "Research And Development": 304254000.0,
        "Selling General And Administration": 220259000.0,
        "Gross Profit": 391402000.0,
        "Cost Of Revenue": 106100000.0,
        "Total Revenue": 497502000.0,
        "Operating Revenue": 497502000.0
    },
    "2023-06-30": {
        "Tax Effect Of Unusual Items": 2537640.0,
        "Tax Rate For Calcs": 0.21,
        "Normalized EBITDA": -232805000.0,
        "Total Unusual Items": 12084000.0,
        "Total Unusual Items Excluding Goodwill": 12084000.0,
        "Net Income From Continuing Operation Net Minority Interest": -211528000.0,
        "Reconciled Depreciation": 21573000.0,
        "Reconciled Cost Of Revenue": 180753000.0,
        "EBITDA": -220721000.0,
        "EBIT": -220721000.0,
        "Normalized Income": -221074360.0,
        "Net Income From Continuing And Discontinued Operation": -211528000.0,
        "Total Expenses": 824553000.0,
        "Total Operating Income As Reported": -220721000.0,
        "Diluted Average Shares": 187559000.0,
        "Basic Average Shares": 187559000.0,
        "Diluted EPS": -1.13,
        "Basic EPS": -1.13,
        "Diluted NI Availto Com Stockholders": -211528000.0,
        "Net Income Common Stockholders": -211528000.0,
        "Net Income": -211528000.0,
        "Net Income Including Noncontrolling Interests": -211528000.0,
        "Net Income Continuous Operations": -211528000.0,
        "Tax Provision": 2891000.0,
        "Pretax Income": -208637000.0,
        "Other Income Expense": 12084000.0,
        "Gain On Sale Of Security": 12084000.0,
        "Operating Income": -220721000.0,
        "Operating Expense": 643800000.0,
        "Research And Development": 399868000.0,
        "Selling General And Administration": 243932000.0,
        "Gross Profit": 423079000.0,
        "Cost Of Revenue": 180753000.0,
        "Total Revenue": 603832000.0,
        "Operating Revenue": 603832000.0
    },
    "2022-03-31": {
        "Diluted EPS": -0.74,
        "Total Revenue": 426,
        "Gross Profit": 339,
        "Operating Income": -133,
        "EBIT": -113,
        "Net Income": -136
    },
    "2021-12-31": {
        "Diluted EPS": -0.95,
        "Total Revenue": 430,
        "Gross Profit": 343,
        "Operating Income": -172,
        "EBIT": -149,
        "Net Income": -175
    },
    "2021-09-30": {
        "Diluted EPS": -1.61,
        "Total Revenue": 424,
        "Gross Profit": 341,
        "Operating Income": -298,
        "EBIT": -275,
        "Net Income": -294
    },
    "2021-06-30": {
        "Diluted EPS": -0.47,
        "Total Revenue": 388,
        "Gross Profit": 310,
        "Operating Income": -90,
        "EBIT": -66,
        "Net Income": -85
    },
    "2021-03-31": {
        "Diluted EPS": -0.67,
        "Total Revenue": 332,
        "Gross Profit": 268,
        "Operating Income": -122,
        "EBIT": -97,
        "Net Income": -121
    },
    "2020-12-31": {
        "Diluted EPS": 0.97,
        "Total Revenue": 601,
        "Gross Profit": 540,
        "Operating Income": 165,
        "EBIT": 187,
        "Net Income": 167
    },
    "2020-09-30": {
        "Diluted EPS": 3.5,
        "Total Revenue": NaN,
        "Gross Profit": 983,
        "Operating Income": 638,
        "EBIT": 657,
        "Net Income": 636
    },
    "2020-06-30": {
        "Diluted EPS": -0.12,
        "Total Revenue": 278,
        "Gross Profit": 230,
        "Operating Income": -94,
        "EBIT": -76,
        "Net Income": -21
    },
    "2020-03-31": {
        "Diluted EPS": -0.98,
        "Total Revenue": 235,
        "Gross Profit": 205,
        "Operating Income": -112,
        "EBIT": -104,
        "Net Income": -168
    },
    "2019-12-31": {
        "Diluted EPS": 0.16,
        "Total Revenue": 290,
        "Gross Profit": 278,
        "Operating Income": -38,
        "EBIT": -31,
        "Net Income": 26
    },
    "2019-09-30": {
        "Diluted EPS": -0.55,
        "Total Revenue": 213,
        "Gross Profit": 202,
        "Operating Income": -90,
        "EBIT": -83,
        "Net Income": -92
    },
    "2019-06-30": {
        "Diluted EPS": -0.49,
        "Total Revenue": 218,
        "Gross Profit": 208,
        "Operating Income": -39,
        "EBIT": -31,
        "Net Income": -79
    },
    "2019-03-31": {
        "Diluted EPS": -0.08,
        "Total Revenue": 195,
        "Gross Profit": 185,
        "Operating Income": -54,
        "EBIT": -46,
        "Net Income": -13
    },
    "2018-12-31": {
        "Diluted EPS": -0.73,
        "Total Revenue": 175,
        "Gross Profit": 139,
        "Operating Income": -90,
        "EBIT": -84,
        "Net Income": -120
    },
    "2018-09-30": {
        "Diluted EPS": -0.42,
        "Total Revenue": 169,
        "Gross Profit": 152,
        "Operating Income": -46,
        "EBIT": -41,
        "Net Income": -67
    },
    "2018-06-30": {
        "Diluted EPS": 0.47,
        "Total Revenue": 170,
        "Gross Profit": 151,
        "Operating Income": -30,
        "EBIT": -24,
        "Net Income": 76
    },
    "2018-03-31": {
        "Diluted EPS": -0.73,
        "Total Revenue": 141,
        "Gross Profit": 125,
        "Operating Income": -94,
        "EBIT": -87,
        "Net Income": -112
    },
    "2017-12-31": {
        "Diluted EPS": -0.41,
        "Total Revenue": 130,
        "Gross Profit": 114,
        "Operating Income": -45,
        "EBIT": -37,
        "Net Income": -59
    },
    "2017-09-30": {
        "Diluted EPS": 0.34,
        "Total Revenue": 135,
        "Gross Profit": 121,
        "Operating Income": -32,
        "EBIT": -25,
        "Net Income": 50
    },
    "2017-06-30": {
        "Diluted EPS": -0.39,
        "Total Revenue": 108,
        "Gross Profit": 96,
        "Operating Income": -59,
        "EBIT": -56,
        "Net Income": -56
    },
    "2017-03-31": {
        "Diluted EPS": -0.42,
        "Total Revenue": 109,
        "Gross Profit": 97,
        "Operating Income": -59,
        "EBIT": -53,
        "Net Income": -60
    },
    "2016-12-31": {
        "Diluted EPS": -0.39,
        "Total Revenue": 105,
        "Gross Profit": 94,
        "Operating Income": -56,
        "EBIT": -51,
        "Net Income": -55
    },
    "2016-09-30": {
        "Diluted EPS": -0.23,
        "Total Revenue": 106,
        "Gross Profit": 95,
        "Operating Income": -32,
        "EBIT": -27,
        "Net Income": -32
    },
    "2016-06-30": {
        "Diluted EPS": -0.23,
        "Total Revenue": 95,
        "Gross Profit": 85,
        "Operating Income": -33,
        "EBIT": -28,
        "Net Income": -33
    },
    "2016-03-31": {
        "Diluted EPS": -0.15,
        "Total Revenue": 111,
        "Gross Profit": 102,
        "Operating Income": -21,
        "EBIT": -14,
        "Net Income": -20
    },
    "2015-12-31": {
        "Diluted EPS": -0.17,
        "Total Revenue": 93,
        "Gross Profit": 83,
        "Operating Income": -25,
        "EBIT": -20,
        "Net Income": -25
    },
    "2015-09-30": {
        "Diluted EPS": -0.21,
        "Total Revenue": 84,
        "Gross Profit": 74,
        "Operating Income": -27,
        "EBIT": -22,
        "Net Income": -26
    },
    "2015-06-30": {
        "Diluted EPS": -0.38,
        "Total Revenue": 77,
        "Gross Profit": 69,
        "Operating Income": -48,
        "EBIT": -44,
        "Net Income": -48
    },
    "2015-03-31": {
        "Diluted EPS": -0.17,
        "Total Revenue": 82,
        "Gross Profit": 74,
        "Operating Income": -22,
        "EBIT": -18,
        "Net Income": -22
    },
    "2014-12-31": {
        "Diluted EPS": -0.22,
        "Total Revenue": 74,
        "Gross Profit": 66,
        "Operating Income": -28,
        "EBIT": -25,
        "Net Income": -27
    },
    "2014-09-30": {
        "Diluted EPS": -0.13,
        "Total Revenue": 76,
        "Gross Profit": 68,
        "Operating Income": -16,
        "EBIT": -12,
        "Net Income": -16
    },
    "2014-06-30": {
        "Diluted EPS": -0.14,
        "Total Revenue": 68,
        "Gross Profit": 62,
        "Operating Income": -18,
        "EBIT": -14,
        "Net Income": -18
    },
    "2014-03-31": {
        "Diluted EPS": -0.13,
        "Total Revenue": 68,
        "Gross Profit": 62,
        "Operating Income": -16,
        "EBIT": -13,
        "Net Income": -16
    },
    "2013-12-31": {
        "Diluted EPS": -0.12,
        "Total Revenue": 67,
        "Gross Profit": 61,
        "Operating Income": -16,
        "EBIT": -13,
        "Net Income": -16
    },
    "2013-09-30": {
        "Diluted EPS": -0.19,
        "Total Revenue": 71,
        "Gross Profit": 66,
        "Operating Income": -24,
        "EBIT": -21,
        "Net Income": -24
    },
    "2013-06-30": {
        "Diluted EPS": -0.06,
        "Total Revenue": 74,
        "Gross Profit": 69,
        "Operating Income": -7,
        "EBIT": -4,
        "Net Income": -7
    },
    "2013-03-31": {
        "Diluted EPS": -0.14,
        "Total Revenue": 57,
        "Gross Profit": 53,
        "Operating Income": -16,
        "EBIT": -14,
        "Net Income": -16
    },
    "2012-12-31": {
        "Diluted EPS": -0.08,
        "Total Revenue": 64,
        "Gross Profit": 60,
        "Operating Income": -11,
        "EBIT": -8,
        "Net Income": -11
    },
    "2012-09-30": {
        "Diluted EPS": -0.12,
        "Total Revenue": 50,
        "Gross Profit": 46,
        "Operating Income": -14,
        "EBIT": -11,
        "Net Income": -14
    },
    "2012-06-30": {
        "Diluted EPS": -0.15,
        "Total Revenue": 49,
        "Gross Profit": 45,
        "Operating Income": -17,
        "EBIT": -15,
        "Net Income": -17
    },
    "2012-03-31": {
        "Diluted EPS": -0.11,
        "Total Revenue": 48,
        "Gross Profit": 45,
        "Operating Income": -15,
        "EBIT": -14,
        "Net Income": -12
    },
    "2011-12-31": {
        "Diluted EPS": -0.24,
        "Total Revenue": 49,
        "Gross Profit": 46,
        "Operating Income": -19,
        "EBIT": -8,
        "Net Income": -27
    },
    "2011-09-30": {
        "Diluted EPS": -0.35,
        "Total Revenue": 21,
        "Gross Profit": 20,
        "Operating Income": -41,
        "EBIT": -39,
        "Net Income": -41
    },
    "2011-06-30": {
        "Diluted EPS": -0.45,
        "Total Revenue": 13,
        "Gross Profit": 13,
        "Operating Income": -52,
        "EBIT": -50,
        "Net Income": -52
    },
    "2011-03-31": {
        "Diluted EPS": -0.3,
        "Total Revenue": 12,
        "Gross Profit": 12,
        "Operating Income": -33,
        "EBIT": -31,
        "Net Income": -33
    },
    "2010-12-31": {
        "Diluted EPS": -0.35,
        "Total Revenue": 8,
        "Gross Profit": 8,
        "Operating Income": -35,
        "EBIT": -33,
        "Net Income": -35
    },
    "2010-09-30": {
        "Diluted EPS": -0.34,
        "Total Revenue": 16,
        "Gross Profit": 16,
        "Operating Income": -35,
        "EBIT": -34,
        "Net Income": -35
    },
    "2010-06-30": {
        "Diluted EPS": -0.08,
        "Total Revenue": 37,
        "Gross Profit": 37,
        "Operating Income": -9,
        "EBIT": -7,
        "Net Income": -8
    },
    "2010-03-31": {
        "Diluted EPS": 0.11,
        "Total Revenue": 46,
        "Gross Profit": 46,
        "Operating Income": 11,
        "EBIT": 13,
        "Net Income": 11
    },
    "2009-12-31": {
        "Diluted EPS": -0.1,
        "Total Revenue": 22,
        "Gross Profit": 22,
        "Operating Income": -13,
        "EBIT": -11,
        "Net Income": -12
    },
    "2009-09-30": {
        "Diluted EPS": -0.21,
        "Total Revenue": 12,
        "Gross Profit": 12,
        "Operating Income": -21,
        "EBIT": -19,
        "Net Income": -20
    },
    "2009-06-30": {
        "Diluted EPS": -0.26,
        "Total Revenue": 9,
        "Gross Profit": 9,
        "Operating Income": -23,
        "EBIT": -21,
        "Net Income": -22
    },
    "2009-03-31": {
        "Diluted EPS": -0.33,
        "Total Revenue": 9,
        "Gross Profit": 9,
        "Operating Income": -28,
        "EBIT": -27,
        "Net Income": -27
    },
    "2023-09-30": {
        "Tax Effect Of Unusual Items": 39528.739138,
        "Tax Rate For Calcs": 0.002639,
        "Normalized EBITDA": -223325000.0,
        "Total Unusual Items": 14978000.0,
        "Total Unusual Items Excluding Goodwill": 14978000.0,
        "Net Income From Continuing Operation Net Minority Interest": -215789000.0,
        "Reconciled Depreciation": 22991000.0,
        "Reconciled Cost Of Revenue": 165254000.0,
        "EBITDA": -208347000.0,
        "EBIT": -231338000.0,
        "Normalized Income": -230727471.260862,
        "Net Income From Continuing And Discontinued Operation": -215789000.0,
        "Total Expenses": 879988000.0,
        "Total Operating Income As Reported": -231338000.0,
        "Diluted Average Shares": 188135000.0,
        "Basic Average Shares": 188135000.0,
        "Diluted EPS": -1.15,
        "Basic EPS": -1.15,
        "Diluted NI Availto Com Stockholders": -215789000.0,
        "Net Income Common Stockholders": -215789000.0,
        "Net Income": -215789000.0,
        "Net Income Including Noncontrolling Interests": -215789000.0,
        "Net Income Continuous Operations": -215789000.0,
        "Tax Provision": -571000.0,
        "Pretax Income": -216360000.0,
        "Other Income Expense": 14978000.0,
        "Gain On Sale Of Security": 14978000.0,
        "Operating Income": -231338000.0,
        "Operating Expense": 714734000.0,
        "Research And Development": 449047000.0,
        "Selling General And Administration": 265687000.0,
        "Gross Profit": 483396000.0,
        "Cost Of Revenue": 165254000.0,
        "Total Revenue": 648650000.0,
        "Operating Revenue": 648650000.0
    }
}