{
    "2023-03-31": {
        "Tax Effect Of Unusual Items": NaN,
        "Tax Rate For Calcs": NaN,
        "Normalized EBITDA": NaN,
        "Total Unusual Items": 1810000.0,
        "Total Unusual Items Excluding Goodwill": 1810000.0,
        "Net Income From Continuing Operation Net Minority Interest": NaN,
        "Reconciled Depreciation": NaN,
        "Reconciled Cost Of Revenue": NaN,
        "EBITDA": NaN,
        "EBIT": NaN,
        "Net Interest Income": NaN,
        "Interest Expense": NaN,
        "Normalized Income": NaN,
        "Net Income From Continuing And Discontinued Operation": NaN,
        "Total Expenses": NaN,
        "Total Operating Income As Reported": NaN,
        "Diluted Average Shares": NaN,
        "Basic Average Shares": NaN,
        "Diluted EPS": NaN,
        "Basic EPS": NaN,
        "Diluted NI Availto Com Stockholders": NaN,
        "Net Income Common Stockholders": NaN,
        "Net Income": NaN,
        "Net Income Including Noncontrolling Interests": NaN,
        "Net Income Continuous Operations": NaN,
        "Tax Provision": NaN,
        "Pretax Income": NaN,
        "Other Income Expense": NaN,
        "Other Non Operating Income Expenses": NaN,
        "Special Income Charges": 0.0,
        "Other Special Charges": NaN,
        "Gain On Sale Of Security": 1810000.0,
        "Net Non Operating Interest Income Expense": NaN,
        "Interest Expense Non Operating": NaN,
        "Operating Income": NaN,
        "Operating Expense": NaN,
        "Research And Development": NaN,
        "Selling General And Administration": NaN,
        "Gross Profit": NaN,
        "Cost Of Revenue": NaN,
        "Total Revenue": NaN,
        "Operating Revenue": NaN
    },
    "2022-12-31": {
        "Tax Effect Of Unusual Items": NaN,
        "Tax Rate For Calcs": NaN,
        "Normalized EBITDA": NaN,
        "Total Unusual Items": NaN,
        "Total Unusual Items Excluding Goodwill": NaN,
        "Net Income From Continuing Operation Net Minority Interest": NaN,
        "Reconciled Depreciation": NaN,
        "Reconciled Cost Of Revenue": NaN,
        "EBITDA": NaN,
        "EBIT": NaN,
        "Net Interest Income": NaN,
        "Interest Expense": NaN,
        "Normalized Income": NaN,
        "Net Income From Continuing And Discontinued Operation": NaN,
        "Total Expenses": NaN,
        "Total Operating Income As Reported": NaN,
        "Diluted Average Shares": 48205775.0,
        "Basic Average Shares": 48205775.0,
        "Diluted EPS": -0.35,
        "Basic EPS": -0.35,
        "Diluted NI Availto Com Stockholders": NaN,
        "Net Income Common Stockholders": NaN,
        "Net Income": NaN,
        "Net Income Including Noncontrolling Interests": NaN,
        "Net Income Continuous Operations": NaN,
        "Tax Provision": NaN,
        "Pretax Income": NaN,
        "Other Income Expense": NaN,
        "Other Non Operating Income Expenses": NaN,
        "Special Income Charges": NaN,
        "Other Special Charges": NaN,
        "Gain On Sale Of Security": NaN,
        "Net Non Operating Interest Income Expense": NaN,
        "Interest Expense Non Operating": NaN,
        "Operating Income": NaN,
        "Operating Expense": NaN,
        "Research And Development": NaN,
        "Selling General And Administration": NaN,
        "Gross Profit": NaN,
        "Cost Of Revenue": NaN,
        "Total Revenue": NaN,
        "Operating Revenue": NaN
    },
    "2022-09-30": {
        "Tax Effect Of Unusual Items": 0.0,
        "Tax Rate For Calcs": 0.4,
        "Normalized EBITDA": -20897000.0,
        "Net Income From Continuing Operation Net Minority Interest": -22229000.0,
        "Reconciled Depreciation": 182000.0,
        "Reconciled Cost Of Revenue": 2928000.0,
        "EBITDA": -20897000.0,
        "EBIT": -21079000.0,
        "Net Interest Income": -1131000.0,
        "Interest Expense": 1131000.0,
        "Normalized Income": -22229000.0,
        "Net Income From Continuing And Discontinued Operation": -22229000.0,
        "Total Expenses": 40522000.0,
        "Total Operating Income As Reported": -21845000.0,
        "Diluted Average Shares": 47910541.0,
        "Basic Average Shares": 47910541.0,
        "Diluted EPS": -0.46,
        "Basic EPS": -0.46,
        "Diluted NI Availto Com Stockholders": -22229000.0,
        "Net Income Common Stockholders": -22229000.0,
        "Net Income": -22229000.0,
        "Net Income Including Noncontrolling Interests": -22229000.0,
        "Net Income Continuous Operations": -22229000.0,
        "Tax Provision": 19000.0,
        "Pretax Income": -22210000.0,
        "Other Income Expense": 766000.0,
        "Other Non Operating Income Expenses": 766000.0,
        "Net Non Operating Interest Income Expense": -1131000.0,
        "Interest Expense Non Operating": 1131000.0,
        "Operating Income": -21845000.0,
        "Operating Expense": 37594000.0,
        "Research And Development": 6053000.0,
        "Selling General And Administration": 31541000.0,
        "Gross Profit": 15749000.0,
        "Cost Of Revenue": 2928000.0,
        "Total Revenue": 18677000.0,
        "Operating Revenue": 18677000.0
    },
    "2022-06-30": {
        "Tax Effect Of Unusual Items": 0.0,
        "Tax Rate For Calcs": 0.4,
        "Normalized EBITDA": -22573000.0,
        "Net Income From Continuing Operation Net Minority Interest": -23843000.0,
        "Reconciled Depreciation": 196000.0,
        "Reconciled Cost Of Revenue": 2736000.0,
        "EBITDA": -22573000.0,
        "EBIT": -22769000.0,
        "Net Interest Income": -1065000.0,
        "Interest Expense": 1065000.0,
        "Normalized Income": -23843000.0,
        "Net Income From Continuing And Discontinued Operation": -23843000.0,
        "Total Expenses": 40093000.0,
        "Total Operating Income As Reported": -22864000.0,
        "Diluted Average Shares": 47701451.0,
        "Basic Average Shares": 47701451.0,
        "Diluted EPS": -0.5,
        "Basic EPS": -0.5,
        "Diluted NI Availto Com Stockholders": -23843000.0,
        "Net Income Common Stockholders": -23843000.0,
        "Net Income": -23843000.0,
        "Net Income Including Noncontrolling Interests": -23843000.0,
        "Net Income Continuous Operations": -23843000.0,
        "Tax Provision": 9000.0,
        "Pretax Income": -23834000.0,
        "Other Income Expense": 95000.0,
        "Other Non Operating Income Expenses": 95000.0,
        "Net Non Operating Interest Income Expense": -1065000.0,
        "Interest Expense Non Operating": 1065000.0,
        "Operating Income": -22864000.0,
        "Operating Expense": 37357000.0,
        "Research And Development": 5926000.0,
        "Selling General And Administration": 31431000.0,
        "Gross Profit": 14493000.0,
        "Cost Of Revenue": 2736000.0,
        "Total Revenue": 17229000.0,
        "Operating Revenue": 17229000.0
    },
    "2022-03-31": {
        "Diluted EPS": -0.49,
        "Total Revenue": 15,
        "Gross Profit": 12,
        "Operating Income": -22,
        "EBIT": -22,
        "Net Income": -23
    },
    "2021-12-31": {
        "Diluted EPS": 1.19,
        "Total Revenue": 15,
        "Gross Profit": 13,
        "Operating Income": -15,
        "EBIT": -14,
        "Net Income": -16
    },
    "2021-09-30": {
        "Diluted EPS": -0.43,
        "Total Revenue": 13,
        "Gross Profit": 11,
        "Operating Income": -14,
        "EBIT": -14,
        "Net Income": -17
    },
    "2021-06-30": {
        "Diluted EPS": -1.83,
        "Total Revenue": 13,
        "Gross Profit": 10,
        "Operating Income": -11,
        "EBIT": -11,
        "Net Income": -18
    },
    "2021-03-31": {
        "Diluted EPS": -1.29,
        "Total Revenue": 9,
        "Gross Profit": 6,
        "Operating Income": -12,
        "EBIT": -11,
        "Net Income": -12
    },
    "2020-12-31": {
        "Diluted EPS": 0.0,
        "Total Revenue": NaN,
        "Gross Profit": NaN,
        "Operating Income": NaN,
        "EBIT": NaN,
        "Net Income": NaN
    },
    "2020-09-30": {
        "Diluted EPS": -0.85,
        "Total Revenue": 9,
        "Gross Profit": 6,
        "Operating Income": -7,
        "EBIT": -7,
        "Net Income": -8
    },
    "2020-06-30": {
        "Diluted EPS": -0.88,
        "Total Revenue": 4,
        "Gross Profit": 1,
        "Operating Income": -8,
        "EBIT": -8,
        "Net Income": -8
    },
    "2023-06-30": {
        "Tax Effect Of Unusual Items": NaN,
        "Tax Rate For Calcs": NaN,
        "Normalized EBITDA": NaN,
        "Total Unusual Items": 1793000.0,
        "Total Unusual Items Excluding Goodwill": 1793000.0,
        "Net Income From Continuing Operation Net Minority Interest": NaN,
        "Reconciled Depreciation": NaN,
        "Reconciled Cost Of Revenue": NaN,
        "EBITDA": NaN,
        "EBIT": NaN,
        "Net Interest Income": NaN,
        "Interest Expense": NaN,
        "Normalized Income": NaN,
        "Net Income From Continuing And Discontinued Operation": NaN,
        "Total Expenses": NaN,
        "Total Operating Income As Reported": NaN,
        "Diluted Average Shares": NaN,
        "Basic Average Shares": NaN,
        "Diluted EPS": NaN,
        "Basic EPS": NaN,
        "Diluted NI Availto Com Stockholders": NaN,
        "Net Income Common Stockholders": NaN,
        "Net Income": NaN,
        "Net Income Including Noncontrolling Interests": NaN,
        "Net Income Continuous Operations": NaN,
        "Tax Provision": NaN,
        "Pretax Income": NaN,
        "Other Income Expense": NaN,
        "Other Non Operating Income Expenses": NaN,
        "Special Income Charges": 0.0,
        "Other Special Charges": NaN,
        "Gain On Sale Of Security": 1793000.0,
        "Net Non Operating Interest Income Expense": NaN,
        "Interest Expense Non Operating": NaN,
        "Operating Income": NaN,
        "Operating Expense": NaN,
        "Research And Development": NaN,
        "Selling General And Administration": NaN,
        "Gross Profit": NaN,
        "Cost Of Revenue": NaN,
        "Total Revenue": NaN,
        "Operating Revenue": NaN
    },
    "2023-09-30": {
        "Tax Effect Of Unusual Items": NaN,
        "Tax Rate For Calcs": NaN,
        "Normalized EBITDA": NaN,
        "Total Unusual Items": 1897000.0,
        "Total Unusual Items Excluding Goodwill": 1897000.0,
        "Net Income From Continuing Operation Net Minority Interest": NaN,
        "Reconciled Depreciation": NaN,
        "Reconciled Cost Of Revenue": NaN,
        "EBITDA": NaN,
        "EBIT": NaN,
        "Net Interest Income": NaN,
        "Interest Expense": NaN,
        "Normalized Income": NaN,
        "Net Income From Continuing And Discontinued Operation": NaN,
        "Total Expenses": NaN,
        "Total Operating Income As Reported": NaN,
        "Diluted Average Shares": 48671049.0,
        "Basic Average Shares": 48671049.0,
        "Diluted EPS": -0.27,
        "Basic EPS": -0.27,
        "Diluted NI Availto Com Stockholders": NaN,
        "Net Income Common Stockholders": NaN,
        "Net Income": NaN,
        "Net Income Including Noncontrolling Interests": NaN,
        "Net Income Continuous Operations": NaN,
        "Tax Provision": NaN,
        "Pretax Income": NaN,
        "Other Income Expense": NaN,
        "Other Non Operating Income Expenses": NaN,
        "Special Income Charges": 0.0,
        "Other Special Charges": NaN,
        "Gain On Sale Of Security": 1897000.0,
        "Net Non Operating Interest Income Expense": NaN,
        "Interest Expense Non Operating": NaN,
        "Operating Income": NaN,
        "Operating Expense": NaN,
        "Research And Development": NaN,
        "Selling General And Administration": NaN,
        "Gross Profit": NaN,
        "Cost Of Revenue": NaN,
        "Total Revenue": NaN,
        "Operating Revenue": NaN
    },
    "2023-12-31": {
        "Tax Effect Of Unusual Items": 0.0,
        "Tax Rate For Calcs": 0.21,
        "Normalized EBITDA": -9171000.0,
        "Total Unusual Items": NaN,
        "Total Unusual Items Excluding Goodwill": NaN,
        "Net Income From Continuing Operation Net Minority Interest": -10691000.0,
        "Reconciled Depreciation": 159000.0,
        "Reconciled Cost Of Revenue": 2776000.0,
        "EBITDA": -9171000.0,
        "EBIT": -9330000.0,
        "Net Interest Income": -1351000.0,
        "Interest Expense": 1351000.0,
        "Normalized Income": -10691000.0,
        "Net Income From Continuing And Discontinued Operation": -10691000.0,
        "Total Expenses": 29861000.0,
        "Total Operating Income As Reported": -11110000.0,
        "Diluted Average Shares": 48897261.0,
        "Basic Average Shares": 48897261.0,
        "Diluted EPS": -0.22,
        "Basic EPS": -0.22,
        "Diluted NI Availto Com Stockholders": -10691000.0,
        "Net Income Common Stockholders": -10691000.0,
        "Net Income": -10691000.0,
        "Net Income Including Noncontrolling Interests": -10691000.0,
        "Net Income Continuous Operations": -10691000.0,
        "Tax Provision": 10000.0,
        "Pretax Income": -10681000.0,
        "Other Income Expense": 1780000.0,
        "Other Non Operating Income Expenses": 1780000.0,
        "Special Income Charges": NaN,
        "Other Special Charges": NaN,
        "Gain On Sale Of Security": NaN,
        "Net Non Operating Interest Income Expense": -1351000.0,
        "Interest Expense Non Operating": 1351000.0,
        "Operating Income": -11110000.0,
        "Operating Expense": 27085000.0,
        "Research And Development": 3427000.0,
        "Selling General And Administration": 23658000.0,
        "Gross Profit": 15975000.0,
        "Cost Of Revenue": 2776000.0,
        "Total Revenue": 18751000.0,
        "Operating Revenue": 18751000.0
    },
    "2024-03-31": {
        "Tax Effect Of Unusual Items": NaN,
        "Tax Rate For Calcs": NaN,
        "Normalized EBITDA": NaN,
        "Total Unusual Items": NaN,
        "Total Unusual Items Excluding Goodwill": NaN,
        "Net Income From Continuing Operation Net Minority Interest": NaN,
        "Reconciled Depreciation": NaN,
        "Reconciled Cost Of Revenue": NaN,
        "EBITDA": NaN,
        "EBIT": NaN,
        "Net Interest Income": NaN,
        "Interest Expense": NaN,
        "Normalized Income": NaN,
        "Net Income From Continuing And Discontinued Operation": NaN,
        "Total Expenses": NaN,
        "Total Operating Income As Reported": NaN,
        "Diluted Average Shares": NaN,
        "Basic Average Shares": NaN,
        "Diluted EPS": NaN,
        "Basic EPS": NaN,
        "Diluted NI Availto Com Stockholders": NaN,
        "Net Income Common Stockholders": NaN,
        "Net Income": NaN,
        "Net Income Including Noncontrolling Interests": NaN,
        "Net Income Continuous Operations": NaN,
        "Tax Provision": NaN,
        "Pretax Income": NaN,
        "Other Income Expense": NaN,
        "Other Non Operating Income Expenses": NaN,
        "Special Income Charges": NaN,
        "Other Special Charges": 1962000.0,
        "Gain On Sale Of Security": NaN,
        "Net Non Operating Interest Income Expense": NaN,
        "Interest Expense Non Operating": NaN,
        "Operating Income": NaN,
        "Operating Expense": NaN,
        "Research And Development": NaN,
        "Selling General And Administration": NaN,
        "Gross Profit": NaN,
        "Cost Of Revenue": NaN,
        "Total Revenue": NaN,
        "Operating Revenue": NaN
    },
    "2024-06-30": {
        "Tax Effect Of Unusual Items": 320460.0,
        "Tax Rate For Calcs": 0.21,
        "Normalized EBITDA": -12509000.0,
        "Total Unusual Items": 1526000.0,
        "Total Unusual Items Excluding Goodwill": 1526000.0,
        "Net Income From Continuing Operation Net Minority Interest": -12329000.0,
        "Reconciled Depreciation": 186000.0,
        "Reconciled Cost Of Revenue": 3025000.0,
        "EBITDA": -10983000.0,
        "EBIT": -11169000.0,
        "Net Interest Income": -1145000.0,
        "Interest Expense": 1145000.0,
        "Normalized Income": -13534540.0,
        "Net Income From Continuing And Discontinued Operation": -12329000.0,
        "Total Expenses": 34021000.0,
        "Total Operating Income As Reported": -12651000.0,
        "Diluted Average Shares": 49903386.0,
        "Basic Average Shares": 49903386.0,
        "Diluted EPS": -0.25,
        "Basic EPS": -0.25,
        "Diluted NI Availto Com Stockholders": -12329000.0,
        "Net Income Common Stockholders": -12329000.0,
        "Net Income": -12329000.0,
        "Net Income Including Noncontrolling Interests": -12329000.0,
        "Net Income Continuous Operations": -12329000.0,
        "Tax Provision": 15000.0,
        "Pretax Income": -12314000.0,
        "Other Income Expense": 1482000.0,
        "Other Non Operating Income Expenses": -44000.0,
        "Special Income Charges": 0.0,
        "Other Special Charges": NaN,
        "Gain On Sale Of Security": 1526000.0,
        "Net Non Operating Interest Income Expense": -1145000.0,
        "Interest Expense Non Operating": 1145000.0,
        "Operating Income": -12651000.0,
        "Operating Expense": 30996000.0,
        "Research And Development": 4316000.0,
        "Selling General And Administration": 26680000.0,
        "Gross Profit": 18345000.0,
        "Cost Of Revenue": 3025000.0,
        "Total Revenue": 21370000.0,
        "Operating Revenue": 21370000.0
    },
    "2024-09-30": {
        "Tax Effect Of Unusual Items": 305340.0,
        "Tax Rate For Calcs": 0.21,
        "Normalized EBITDA": -11045000.0,
        "Total Unusual Items": 1454000.0,
        "Total Unusual Items Excluding Goodwill": 1454000.0,
        "Net Income From Continuing Operation Net Minority Interest": -11066000.0,
        "Reconciled Depreciation": 158000.0,
        "Reconciled Cost Of Revenue": 3250000.0,
        "EBITDA": -9591000.0,
        "EBIT": -9749000.0,
        "Net Interest Income": -1151000.0,
        "Interest Expense": 1151000.0,
        "Normalized Income": -12214660.0,
        "Net Income From Continuing And Discontinued Operation": -11066000.0,
        "Total Expenses": 31386000.0,
        "Total Operating Income As Reported": -11229000.0,
        "Diluted Average Shares": 50340603.0,
        "Basic Average Shares": 50340603.0,
        "Diluted EPS": -0.22,
        "Basic EPS": -0.22,
        "Diluted NI Availto Com Stockholders": -11066000.0,
        "Net Income Common Stockholders": -11066000.0,
        "Net Income": -11066000.0,
        "Net Income Including Noncontrolling Interests": -11066000.0,
        "Net Income Continuous Operations": -11066000.0,
        "Tax Provision": 166000.0,
        "Pretax Income": -10900000.0,
        "Other Income Expense": 1480000.0,
        "Other Non Operating Income Expenses": 26000.0,
        "Special Income Charges": 0.0,
        "Other Special Charges": NaN,
        "Gain On Sale Of Security": 1454000.0,
        "Net Non Operating Interest Income Expense": -1151000.0,
        "Interest Expense Non Operating": 1151000.0,
        "Operating Income": -11229000.0,
        "Operating Expense": 28136000.0,
        "Research And Development": 4746000.0,
        "Selling General And Administration": 23390000.0,
        "Gross Profit": 16907000.0,
        "Cost Of Revenue": 3250000.0,
        "Total Revenue": 20157000.0,
        "Operating Revenue": 20157000.0
    },
    "2024-12-31": {
        "Tax Effect Of Unusual Items": 270690.0,
        "Tax Rate For Calcs": 0.21,
        "Normalized EBITDA": -11760000.0,
        "Total Unusual Items": 1289000.0,
        "Total Unusual Items Excluding Goodwill": 1289000.0,
        "Net Income From Continuing Operation Net Minority Interest": -11846000.0,
        "Reconciled Depreciation": 176000.0,
        "Reconciled Cost Of Revenue": 2513000.0,
        "EBITDA": -10471000.0,
        "EBIT": -10647000.0,
        "Net Interest Income": -1161000.0,
        "Interest Expense": 1161000.0,
        "Normalized Income": -12864310.0,
        "Net Income From Continuing And Discontinued Operation": -11846000.0,
        "Total Expenses": 31003000.0,
        "Total Operating Income As Reported": -11929000.0,
        "Diluted Average Shares": 50797080.0,
        "Basic Average Shares": 50797080.0,
        "Diluted EPS": -0.23,
        "Basic EPS": -0.23,
        "Diluted NI Availto Com Stockholders": -11846000.0,
        "Net Income Common Stockholders": -11846000.0,
        "Net Income": -11846000.0,
        "Net Income Including Noncontrolling Interests": -11846000.0,
        "Net Income Continuous Operations": -11846000.0,
        "Tax Provision": 38000.0,
        "Pretax Income": -11808000.0,
        "Other Income Expense": 1282000.0,
        "Other Non Operating Income Expenses": -7000.0,
        "Special Income Charges": 0.0,
        "Other Special Charges": 0.0,
        "Gain On Sale Of Security": 1289000.0,
        "Net Non Operating Interest Income Expense": -1161000.0,
        "Interest Expense Non Operating": 1161000.0,
        "Operating Income": -11929000.0,
        "Operating Expense": 28490000.0,
        "Research And Development": 4293000.0,
        "Selling General And Administration": 24197000.0,
        "Gross Profit": 16561000.0,
        "Cost Of Revenue": 2513000.0,
        "Total Revenue": 19074000.0,
        "Operating Revenue": 19074000.0
    },
    "2025-03-31": {
        "Tax Effect Of Unusual Items": 241080.0,
        "Tax Rate For Calcs": 0.21,
        "Normalized EBITDA": -13849000.0,
        "Total Unusual Items": 1148000.0,
        "Total Unusual Items Excluding Goodwill": 1148000.0,
        "Net Income From Continuing Operation Net Minority Interest": -14154000.0,
        "Reconciled Depreciation": 149000.0,
        "Reconciled Cost Of Revenue": 2414000.0,
        "EBITDA": -12701000.0,
        "EBIT": -12850000.0,
        "Net Interest Income": -1263000.0,
        "Interest Expense": 1263000.0,
        "Normalized Income": -15060920.0,
        "Net Income From Continuing And Discontinued Operation": -14154000.0,
        "Total Expenses": 31367000.0,
        "Total Operating Income As Reported": -13859000.0,
        "Diluted Average Shares": 51290665.0,
        "Basic Average Shares": 51290665.0,
        "Diluted EPS": -0.28,
        "Basic EPS": -0.28,
        "Diluted NI Availto Com Stockholders": -14154000.0,
        "Net Income Common Stockholders": -14154000.0,
        "Net Income": -14154000.0,
        "Net Income Including Noncontrolling Interests": -14154000.0,
        "Net Income Continuous Operations": -14154000.0,
        "Tax Provision": 41000.0,
        "Pretax Income": -14113000.0,
        "Other Income Expense": 1009000.0,
        "Other Non Operating Income Expenses": -139000.0,
        "Special Income Charges": 0.0,
        "Other Special Charges": NaN,
        "Gain On Sale Of Security": 1148000.0,
        "Net Non Operating Interest Income Expense": -1263000.0,
        "Interest Expense Non Operating": 1263000.0,
        "Operating Income": -13859000.0,
        "Operating Expense": 28953000.0,
        "Research And Development": 4430000.0,
        "Selling General And Administration": 24523000.0,
        "Gross Profit": 15094000.0,
        "Cost Of Revenue": 2414000.0,
        "Total Revenue": 17508000.0,
        "Operating Revenue": 17508000.0
    },
    "2025-06-30": {
        "Tax Effect Of Unusual Items": 215460.0,
        "Tax Rate For Calcs": 0.21,
        "Normalized EBITDA": -11518000.0,
        "Total Unusual Items": 1026000.0,
        "Total Unusual Items Excluding Goodwill": 1026000.0,
        "Net Income From Continuing Operation Net Minority Interest": -11941000.0,
        "Reconciled Depreciation": 125000.0,
        "Reconciled Cost Of Revenue": 2977000.0,
        "EBITDA": -10492000.0,
        "EBIT": -10617000.0,
        "Net Interest Income": -1284000.0,
        "Interest Expense": 1284000.0,
        "Normalized Income": -12751540.0,
        "Net Income From Continuing And Discontinued Operation": -11941000.0,
        "Total Expenses": 31231000.0,
        "Total Operating Income As Reported": -11667000.0,
        "Diluted Average Shares": 51821773.0,
        "Basic Average Shares": 51821773.0,
        "Diluted EPS": -0.23,
        "Basic EPS": -0.23,
        "Diluted NI Availto Com Stockholders": -11941000.0,
        "Net Income Common Stockholders": -11941000.0,
        "Net Income": -11941000.0,
        "Net Income Including Noncontrolling Interests": -11941000.0,
        "Net Income Continuous Operations": -11941000.0,
        "Tax Provision": 40000.0,
        "Pretax Income": -11901000.0,
        "Other Income Expense": 1050000.0,
        "Other Non Operating Income Expenses": 24000.0,
        "Special Income Charges": 0.0,
        "Other Special Charges": NaN,
        "Gain On Sale Of Security": 1026000.0,
        "Net Non Operating Interest Income Expense": -1284000.0,
        "Interest Expense Non Operating": 1284000.0,
        "Operating Income": -11667000.0,
        "Operating Expense": 28254000.0,
        "Research And Development": 4387000.0,
        "Selling General And Administration": 23867000.0,
        "Gross Profit": 16587000.0,
        "Cost Of Revenue": 2977000.0,
        "Total Revenue": 19564000.0,
        "Operating Revenue": 19564000.0
    }
}