{
    "2023-04-30": {
        "Tax Effect Of Unusual Items": NaN,
        "Tax Rate For Calcs": NaN,
        "Normalized EBITDA": NaN,
        "Total Unusual Items": 23096771.0,
        "Total Unusual Items Excluding Goodwill": 23096771.0,
        "Net Income From Continuing Operation Net Minority Interest": NaN,
        "Reconciled Depreciation": NaN,
        "Reconciled Cost Of Revenue": NaN,
        "EBITDA": NaN,
        "EBIT": NaN,
        "Net Interest Income": NaN,
        "Interest Expense": NaN,
        "Normalized Income": NaN,
        "Net Income From Continuing And Discontinued Operation": NaN,
        "Total Expenses": NaN,
        "Total Operating Income As Reported": NaN,
        "Diluted Average Shares": NaN,
        "Basic Average Shares": NaN,
        "Diluted EPS": NaN,
        "Basic EPS": NaN,
        "Diluted NI Availto Com Stockholders": NaN,
        "Net Income Common Stockholders": NaN,
        "Net Income": NaN,
        "Net Income Including Noncontrolling Interests": NaN,
        "Net Income Discontinuous Operations": NaN,
        "Net Income Continuous Operations": NaN,
        "Tax Provision": NaN,
        "Pretax Income": NaN,
        "Other Income Expense": NaN,
        "Other Non Operating Income Expenses": 64086.0,
        "Special Income Charges": 23096771.0,
        "Gain On Sale Of Security": NaN,
        "Net Non Operating Interest Income Expense": NaN,
        "Interest Expense Non Operating": NaN,
        "Operating Income": NaN,
        "Operating Expense": NaN,
        "Selling General And Administration": NaN,
        "Gross Profit": NaN,
        "Cost Of Revenue": NaN,
        "Total Revenue": NaN,
        "Operating Revenue": NaN
    },
    "2023-01-31": {
        "Tax Effect Of Unusual Items": NaN,
        "Tax Rate For Calcs": NaN,
        "Normalized EBITDA": NaN,
        "Total Unusual Items": -23096771.0,
        "Total Unusual Items Excluding Goodwill": -23096771.0,
        "Net Income From Continuing Operation Net Minority Interest": NaN,
        "Reconciled Depreciation": NaN,
        "Reconciled Cost Of Revenue": NaN,
        "EBITDA": NaN,
        "EBIT": NaN,
        "Net Interest Income": NaN,
        "Interest Expense": NaN,
        "Normalized Income": NaN,
        "Net Income From Continuing And Discontinued Operation": NaN,
        "Total Expenses": NaN,
        "Total Operating Income As Reported": NaN,
        "Diluted Average Shares": NaN,
        "Basic Average Shares": NaN,
        "Diluted EPS": NaN,
        "Basic EPS": NaN,
        "Diluted NI Availto Com Stockholders": NaN,
        "Net Income Common Stockholders": NaN,
        "Net Income": NaN,
        "Net Income Including Noncontrolling Interests": NaN,
        "Net Income Discontinuous Operations": -25773875.0,
        "Net Income Continuous Operations": NaN,
        "Tax Provision": NaN,
        "Pretax Income": NaN,
        "Other Income Expense": NaN,
        "Other Non Operating Income Expenses": NaN,
        "Special Income Charges": -23096771.0,
        "Write Off": 0.0,
        "Impairment Of Capital Assets": 23096771.0,
        "Net Non Operating Interest Income Expense": NaN,
        "Interest Expense Non Operating": NaN,
        "Operating Income": NaN,
        "Operating Expense": NaN,
        "Selling General And Administration": NaN,
        "Gross Profit": NaN,
        "Cost Of Revenue": NaN,
        "Total Revenue": NaN,
        "Operating Revenue": NaN
    },
    "2022-10-31": {
        "Tax Effect Of Unusual Items": NaN,
        "Tax Rate For Calcs": NaN,
        "Normalized EBITDA": NaN,
        "Total Unusual Items": 0.0,
        "Total Unusual Items Excluding Goodwill": 0.0,
        "Net Income From Continuing Operation Net Minority Interest": NaN,
        "Reconciled Depreciation": NaN,
        "Reconciled Cost Of Revenue": NaN,
        "EBITDA": NaN,
        "EBIT": NaN,
        "Net Interest Income": NaN,
        "Interest Expense": NaN,
        "Normalized Income": NaN,
        "Net Income From Continuing And Discontinued Operation": NaN,
        "Total Expenses": NaN,
        "Total Operating Income As Reported": NaN,
        "Diluted Average Shares": NaN,
        "Basic Average Shares": NaN,
        "Diluted EPS": NaN,
        "Basic EPS": NaN,
        "Diluted NI Availto Com Stockholders": NaN,
        "Net Income Common Stockholders": NaN,
        "Net Income": NaN,
        "Net Income Including Noncontrolling Interests": NaN,
        "Net Income Discontinuous Operations": -2243539.0,
        "Net Income Continuous Operations": NaN,
        "Tax Provision": NaN,
        "Pretax Income": NaN,
        "Other Income Expense": NaN,
        "Other Non Operating Income Expenses": NaN,
        "Special Income Charges": 0.0,
        "Write Off": NaN,
        "Impairment Of Capital Assets": NaN,
        "Net Non Operating Interest Income Expense": NaN,
        "Interest Expense Non Operating": NaN,
        "Operating Income": NaN,
        "Operating Expense": NaN,
        "Selling General And Administration": NaN,
        "General And Administrative Expense": 9245157.0,
        "Other Gand A": 9245157.0,
        "Gross Profit": NaN,
        "Cost Of Revenue": NaN,
        "Total Revenue": NaN,
        "Operating Revenue": NaN
    },
    "2022-07-31": {
        "Tax Effect Of Unusual Items": 0.0,
        "Tax Rate For Calcs": 0.277744,
        "Normalized EBITDA": 2823817.0,
        "Total Unusual Items": 0.0,
        "Total Unusual Items Excluding Goodwill": 0.0,
        "Net Income From Continuing Operation Net Minority Interest": 1376675.0,
        "Reconciled Depreciation": 1706195.0,
        "Reconciled Cost Of Revenue": 93887821.0,
        "EBITDA": 2823817.0,
        "EBIT": 2823817.0,
        "Net Interest Income": -953558.0,
        "Interest Expense": 953558.0,
        "Normalized Income": 1376675.0,
        "Net Income From Continuing And Discontinued Operation": 1376675.0,
        "Total Expenses": 102749039.0,
        "Total Operating Income As Reported": 2823817.0,
        "Diluted Average Shares": 6191395.0,
        "Basic Average Shares": 6058908.0,
        "Diluted EPS": 0.22,
        "Basic EPS": 0.23,
        "Diluted NI Availto Com Stockholders": 1376675.0,
        "Net Income Common Stockholders": 1376675.0,
        "Net Income": 1376675.0,
        "Net Income Including Noncontrolling Interests": 1376675.0,
        "Net Income Discontinuous Operations": NaN,
        "Net Income Continuous Operations": 1376675.0,
        "Tax Provision": 529400.0,
        "Pretax Income": 1906075.0,
        "Other Income Expense": -917742.0,
        "Other Non Operating Income Expenses": -917742.0,
        "Special Income Charges": 0.0,
        "Write Off": NaN,
        "Impairment Of Capital Assets": NaN,
        "Net Non Operating Interest Income Expense": -953558.0,
        "Interest Expense Non Operating": 953558.0,
        "Operating Income": 2823817.0,
        "Operating Expense": 8861218.0,
        "Selling General And Administration": 8861218.0,
        "General And Administrative Expense": 8861218.0,
        "Other Gand A": 8861218.0,
        "Gross Profit": 11685035.0,
        "Cost Of Revenue": 93887821.0,
        "Total Revenue": 105572856.0,
        "Operating Revenue": 105572856.0
    },
    "2022-04-30": {
        "Diluted EPS": -0.21,
        "Total Revenue": 99,
        "Gross Profit": 11,
        "Operating Income": 12,
        "EBIT": 13,
        "Net Income": 1
    },
    "2022-01-31": {
        "Diluted EPS": -0.58,
        "Total Revenue": 94,
        "Gross Profit": 12,
        "Operating Income": -2,
        "EBIT": 0,
        "Net Income": -3
    },
    "2021-10-31": {
        "Diluted EPS": 0.69,
        "Total Revenue": 100,
        "Gross Profit": 12,
        "Operating Income": 5,
        "EBIT": 6,
        "Net Income": 3
    },
    "2021-07-31": {
        "Diluted EPS": 2.02,
        "Total Revenue": 86,
        "Gross Profit": 10,
        "Operating Income": 3,
        "EBIT": 5,
        "Net Income": 9
    },
    "2021-04-30": {
        "Diluted EPS": 0.36,
        "Total Revenue": 76,
        "Gross Profit": 8,
        "Operating Income": 2,
        "EBIT": 4,
        "Net Income": 2
    },
    "2021-01-31": {
        "Diluted EPS": 0.06,
        "Total Revenue": 72,
        "Gross Profit": 6,
        "Operating Income": 1,
        "EBIT": 2,
        "Net Income": 0
    },
    "2020-10-31": {
        "Diluted EPS": 0.15,
        "Total Revenue": 70,
        "Gross Profit": 7,
        "Operating Income": 1,
        "EBIT": 3,
        "Net Income": 1
    },
    "2020-07-31": {
        "Diluted EPS": -0.21,
        "Total Revenue": 61,
        "Gross Profit": 4,
        "Operating Income": -1,
        "EBIT": 1,
        "Net Income": -1
    },
    "2020-04-30": {
        "Diluted EPS": -0.09,
        "Total Revenue": 65,
        "Gross Profit": 5,
        "Operating Income": 0,
        "EBIT": 2,
        "Net Income": 0
    },
    "2020-01-31": {
        "Diluted EPS": -0.05,
        "Total Revenue": 67,
        "Gross Profit": 6,
        "Operating Income": 0,
        "EBIT": 2,
        "Net Income": 0
    },
    "2019-10-31": {
        "Diluted EPS": 0.15,
        "Total Revenue": 75,
        "Gross Profit": 7,
        "Operating Income": 1,
        "EBIT": 3,
        "Net Income": 1
    },
    "2019-07-31": {
        "Diluted EPS": 0.09,
        "Total Revenue": 74,
        "Gross Profit": 7,
        "Operating Income": 1,
        "EBIT": 3,
        "Net Income": 0
    },
    "2019-04-30": {
        "Diluted EPS": 0.23,
        "Total Revenue": 73,
        "Gross Profit": 8,
        "Operating Income": 2,
        "EBIT": 4,
        "Net Income": 1
    },
    "2019-01-31": {
        "Diluted EPS": -0.14,
        "Total Revenue": 69,
        "Gross Profit": 6,
        "Operating Income": 0,
        "EBIT": 1,
        "Net Income": -1
    },
    "2018-10-31": {
        "Diluted EPS": -0.17,
        "Total Revenue": 77,
        "Gross Profit": 7,
        "Operating Income": 1,
        "EBIT": 2,
        "Net Income": -1
    },
    "2018-07-31": {
        "Diluted EPS": -0.12,
        "Total Revenue": 71,
        "Gross Profit": 6,
        "Operating Income": 0,
        "EBIT": 1,
        "Net Income": -1
    },
    "2018-04-30": {
        "Diluted EPS": -1.04,
        "Total Revenue": 68,
        "Gross Profit": 7,
        "Operating Income": -5,
        "EBIT": 0,
        "Net Income": -4
    },
    "2018-01-31": {
        "Diluted EPS": 0.01,
        "Total Revenue": 66,
        "Gross Profit": 6,
        "Operating Income": 0,
        "EBIT": 2,
        "Net Income": 0
    },
    "2017-10-31": {
        "Diluted EPS": 0.17,
        "Total Revenue": 73,
        "Gross Profit": 7,
        "Operating Income": 1,
        "EBIT": 3,
        "Net Income": 1
    },
    "2017-07-31": {
        "Diluted EPS": 0.09,
        "Total Revenue": 71,
        "Gross Profit": 7,
        "Operating Income": 1,
        "EBIT": 2,
        "Net Income": 0
    },
    "2017-04-30": {
        "Diluted EPS": 0.3,
        "Total Revenue": 66,
        "Gross Profit": 8,
        "Operating Income": 2,
        "EBIT": 3,
        "Net Income": 1
    },
    "2017-01-31": {
        "Diluted EPS": -0.01,
        "Total Revenue": 62,
        "Gross Profit": 6,
        "Operating Income": 0,
        "EBIT": 2,
        "Net Income": 0
    },
    "2016-10-31": {
        "Diluted EPS": 0.01,
        "Total Revenue": 66,
        "Gross Profit": 6,
        "Operating Income": 0,
        "EBIT": 2,
        "Net Income": 0
    },
    "2016-07-31": {
        "Diluted EPS": 0.03,
        "Total Revenue": 59,
        "Gross Profit": 6,
        "Operating Income": 0,
        "EBIT": 2,
        "Net Income": 0
    },
    "2016-04-30": {
        "Diluted EPS": 0.01,
        "Total Revenue": 61,
        "Gross Profit": 6,
        "Operating Income": 0,
        "EBIT": 2,
        "Net Income": 0
    },
    "2016-01-31": {
        "Diluted EPS": 0.05,
        "Total Revenue": 59,
        "Gross Profit": 6,
        "Operating Income": 1,
        "EBIT": 2,
        "Net Income": 0
    },
    "2015-10-31": {
        "Diluted EPS": 0.27,
        "Total Revenue": 70,
        "Gross Profit": 8,
        "Operating Income": 2,
        "EBIT": 3,
        "Net Income": 1
    },
    "2015-07-31": {
        "Diluted EPS": 0.16,
        "Total Revenue": 64,
        "Gross Profit": 6,
        "Operating Income": 1,
        "EBIT": 3,
        "Net Income": 1
    },
    "2015-04-30": {
        "Diluted EPS": 0.04,
        "Total Revenue": 60,
        "Gross Profit": 6,
        "Operating Income": 1,
        "EBIT": 2,
        "Net Income": 0
    },
    "2015-01-31": {
        "Diluted EPS": 0.14,
        "Total Revenue": 54,
        "Gross Profit": 6,
        "Operating Income": 1,
        "EBIT": 2,
        "Net Income": 1
    },
    "2014-10-31": {
        "Diluted EPS": 0.04,
        "Total Revenue": 62,
        "Gross Profit": 6,
        "Operating Income": 1,
        "EBIT": 2,
        "Net Income": 0
    },
    "2014-07-31": {
        "Diluted EPS": 0.0,
        "Total Revenue": 55,
        "Gross Profit": 5,
        "Operating Income": 0,
        "EBIT": 2,
        "Net Income": 0
    },
    "2014-04-30": {
        "Diluted EPS": 0.11,
        "Total Revenue": 56,
        "Gross Profit": 6,
        "Operating Income": 1,
        "EBIT": 2,
        "Net Income": 0
    },
    "2014-01-31": {
        "Diluted EPS": 0.18,
        "Total Revenue": 54,
        "Gross Profit": 5,
        "Operating Income": 0,
        "EBIT": 1,
        "Net Income": 1
    },
    "2013-10-31": {
        "Diluted EPS": 0.19,
        "Total Revenue": 57,
        "Gross Profit": 6,
        "Operating Income": 1,
        "EBIT": 2,
        "Net Income": 1
    },
    "2013-07-31": {
        "Diluted EPS": 0.24,
        "Total Revenue": 56,
        "Gross Profit": 6,
        "Operating Income": 1,
        "EBIT": 3,
        "Net Income": 1
    },
    "2013-04-30": {
        "Diluted EPS": 0.08,
        "Total Revenue": 51,
        "Gross Profit": 6,
        "Operating Income": 1,
        "EBIT": 2,
        "Net Income": 0
    },
    "2013-01-31": {
        "Diluted EPS": -0.06,
        "Total Revenue": 47,
        "Gross Profit": 4,
        "Operating Income": 0,
        "EBIT": 1,
        "Net Income": 0
    },
    "2012-10-31": {
        "Diluted EPS": 0.12,
        "Total Revenue": 53,
        "Gross Profit": 5,
        "Operating Income": 1,
        "EBIT": 2,
        "Net Income": 0
    },
    "2012-07-31": {
        "Diluted EPS": -0.02,
        "Total Revenue": 48,
        "Gross Profit": 5,
        "Operating Income": 0,
        "EBIT": 1,
        "Net Income": 0
    },
    "2012-04-30": {
        "Diluted EPS": 0.17,
        "Total Revenue": 40,
        "Gross Profit": 5,
        "Operating Income": 1,
        "EBIT": 2,
        "Net Income": 1
    },
    "2012-01-31": {
        "Diluted EPS": 0.02,
        "Total Revenue": 38,
        "Gross Profit": 4,
        "Operating Income": 0,
        "EBIT": 1,
        "Net Income": 0
    },
    "2011-10-31": {
        "Diluted EPS": 0.04,
        "Total Revenue": 40,
        "Gross Profit": 4,
        "Operating Income": 1,
        "EBIT": 2,
        "Net Income": 0
    },
    "2011-07-31": {
        "Diluted EPS": 0.06,
        "Total Revenue": 39,
        "Gross Profit": 4,
        "Operating Income": 1,
        "EBIT": 2,
        "Net Income": 0
    },
    "2011-04-30": {
        "Diluted EPS": 0.07,
        "Total Revenue": 39,
        "Gross Profit": 3,
        "Operating Income": 1,
        "EBIT": 2,
        "Net Income": 0
    },
    "2011-01-31": {
        "Diluted EPS": 0.07,
        "Total Revenue": 37,
        "Gross Profit": 3,
        "Operating Income": 1,
        "EBIT": 2,
        "Net Income": 0
    },
    "2010-10-31": {
        "Diluted EPS": 0.15,
        "Total Revenue": 38,
        "Gross Profit": 4,
        "Operating Income": 1,
        "EBIT": 3,
        "Net Income": 1
    },
    "2010-07-31": {
        "Diluted EPS": 0.22,
        "Total Revenue": 38,
        "Gross Profit": 5,
        "Operating Income": 2,
        "EBIT": 3,
        "Net Income": 1
    },
    "2010-04-30": {
        "Diluted EPS": 0.45,
        "Total Revenue": 35,
        "Gross Profit": 5,
        "Operating Income": 1,
        "EBIT": 3,
        "Net Income": 2
    },
    "2010-01-31": {
        "Diluted EPS": 0.11,
        "Total Revenue": 31,
        "Gross Profit": 3,
        "Operating Income": 1,
        "EBIT": 2,
        "Net Income": 0
    },
    "2009-10-31": {
        "Diluted EPS": 0.13,
        "Total Revenue": 31,
        "Gross Profit": 3,
        "Operating Income": 1,
        "EBIT": 2,
        "Net Income": 1
    },
    "2009-07-31": {
        "Diluted EPS": -0.11,
        "Total Revenue": 26,
        "Gross Profit": 2,
        "Operating Income": 0,
        "EBIT": 1,
        "Net Income": 0
    },
    "2009-04-30": {
        "Diluted EPS": 0.04,
        "Total Revenue": 27,
        "Gross Profit": 3,
        "Operating Income": 0,
        "EBIT": 1,
        "Net Income": 0
    },
    "2009-01-31": {
        "Diluted EPS": -0.07,
        "Total Revenue": 27,
        "Gross Profit": 3,
        "Operating Income": 0,
        "EBIT": 1,
        "Net Income": 0
    },
    "2023-07-31": {
        "Tax Effect Of Unusual Items": NaN,
        "Tax Rate For Calcs": NaN,
        "Normalized EBITDA": NaN,
        "Total Unusual Items": NaN,
        "Total Unusual Items Excluding Goodwill": NaN,
        "Net Income From Continuing Operation Net Minority Interest": NaN,
        "Reconciled Depreciation": NaN,
        "Reconciled Cost Of Revenue": NaN,
        "EBITDA": NaN,
        "EBIT": NaN,
        "Net Interest Income": NaN,
        "Interest Expense": NaN,
        "Normalized Income": NaN,
        "Net Income From Continuing And Discontinued Operation": NaN,
        "Total Expenses": NaN,
        "Total Operating Income As Reported": NaN,
        "Diluted Average Shares": NaN,
        "Basic Average Shares": NaN,
        "Diluted EPS": NaN,
        "Basic EPS": NaN,
        "Diluted NI Availto Com Stockholders": NaN,
        "Net Income Common Stockholders": NaN,
        "Net Income": NaN,
        "Net Income Including Noncontrolling Interests": NaN,
        "Net Income Discontinuous Operations": 0.0,
        "Net Income Continuous Operations": NaN,
        "Tax Provision": NaN,
        "Pretax Income": NaN,
        "Other Income Expense": NaN,
        "Other Non Operating Income Expenses": 18627.0,
        "Gain On Sale Of Security": NaN,
        "Net Non Operating Interest Income Expense": NaN,
        "Interest Expense Non Operating": NaN,
        "Operating Income": NaN,
        "Operating Expense": NaN,
        "Selling General And Administration": NaN,
        "Gross Profit": NaN,
        "Cost Of Revenue": NaN,
        "Total Revenue": NaN,
        "Operating Revenue": NaN
    },
    "2023-10-31": {
        "Tax Effect Of Unusual Items": NaN,
        "Tax Rate For Calcs": NaN,
        "Normalized EBITDA": NaN,
        "Total Unusual Items": NaN,
        "Total Unusual Items Excluding Goodwill": NaN,
        "Net Income From Continuing Operation Net Minority Interest": NaN,
        "Reconciled Depreciation": NaN,
        "Reconciled Cost Of Revenue": NaN,
        "EBITDA": NaN,
        "EBIT": NaN,
        "Net Interest Income": NaN,
        "Interest Expense": NaN,
        "Normalized Income": NaN,
        "Net Income From Continuing And Discontinued Operation": NaN,
        "Total Expenses": NaN,
        "Total Operating Income As Reported": NaN,
        "Diluted Average Shares": NaN,
        "Basic Average Shares": NaN,
        "Diluted EPS": NaN,
        "Basic EPS": NaN,
        "Diluted NI Availto Com Stockholders": NaN,
        "Net Income Common Stockholders": NaN,
        "Net Income": NaN,
        "Net Income Including Noncontrolling Interests": NaN,
        "Net Income Discontinuous Operations": 0.0,
        "Net Income Continuous Operations": NaN,
        "Tax Provision": NaN,
        "Pretax Income": NaN,
        "Other Income Expense": 6503.0,
        "Other Non Operating Income Expenses": 6503.0,
        "Gain On Sale Of Security": NaN,
        "Net Non Operating Interest Income Expense": NaN,
        "Interest Expense Non Operating": NaN,
        "Operating Income": NaN,
        "Operating Expense": NaN,
        "Selling General And Administration": NaN,
        "Gross Profit": NaN,
        "Cost Of Revenue": NaN,
        "Total Revenue": NaN,
        "Operating Revenue": NaN
    },
    "2024-01-31": {
        "Tax Effect Of Unusual Items": 0.0,
        "Tax Rate For Calcs": 0.114868,
        "Normalized EBITDA": 4813136.0,
        "Total Unusual Items": NaN,
        "Total Unusual Items Excluding Goodwill": NaN,
        "Net Income From Continuing Operation Net Minority Interest": 599006.0,
        "Reconciled Depreciation": 1567570.0,
        "Reconciled Cost Of Revenue": 85992928.0,
        "EBITDA": 4813136.0,
        "EBIT": 3245566.0,
        "Net Interest Income": -2568824.0,
        "Interest Expense": 2568824.0,
        "Normalized Income": 599006.0,
        "Net Income From Continuing And Discontinued Operation": 599006.0,
        "Total Expenses": 92676416.0,
        "Total Operating Income As Reported": 3243472.0,
        "Diluted Average Shares": 6120317.0,
        "Basic Average Shares": 6094288.0,
        "Diluted EPS": 0.1,
        "Basic EPS": 0.1,
        "Diluted NI Availto Com Stockholders": 599006.0,
        "Net Income Common Stockholders": 599006.0,
        "Net Income": 599006.0,
        "Net Income Including Noncontrolling Interests": 599006.0,
        "Net Income Discontinuous Operations": 0.0,
        "Net Income Continuous Operations": 599006.0,
        "Tax Provision": 77736.0,
        "Pretax Income": 676742.0,
        "Other Income Expense": 2094.0,
        "Other Non Operating Income Expenses": 2094.0,
        "Gain On Sale Of Security": NaN,
        "Net Non Operating Interest Income Expense": -2568824.0,
        "Interest Expense Non Operating": 2568824.0,
        "Operating Income": 3243472.0,
        "Operating Expense": 6683488.0,
        "Selling General And Administration": 6683488.0,
        "Gross Profit": 9926960.0,
        "Cost Of Revenue": 85992928.0,
        "Total Revenue": 95919888.0,
        "Operating Revenue": 95919888.0
    },
    "2024-04-30": {
        "Tax Effect Of Unusual Items": 0.0,
        "Tax Rate For Calcs": 0.138469,
        "Normalized EBITDA": -16144.0,
        "Total Unusual Items": NaN,
        "Total Unusual Items Excluding Goodwill": NaN,
        "Net Income From Continuing Operation Net Minority Interest": -3375524.0,
        "Reconciled Depreciation": 1536469.0,
        "Reconciled Cost Of Revenue": 76881510.0,
        "EBITDA": -16144.0,
        "EBIT": -1552613.0,
        "Net Interest Income": -2365440.0,
        "Interest Expense": 2365440.0,
        "Normalized Income": -3375524.0,
        "Net Income From Continuing And Discontinued Operation": -3375524.0,
        "Total Expenses": 83133986.0,
        "Total Operating Income As Reported": -1992093.0,
        "Diluted Average Shares": 6137316.0,
        "Basic Average Shares": 6137316.0,
        "Diluted EPS": -0.55,
        "Basic EPS": -0.55,
        "Diluted NI Availto Com Stockholders": -3375524.0,
        "Net Income Common Stockholders": -3375524.0,
        "Net Income": -3375524.0,
        "Net Income Including Noncontrolling Interests": -3375524.0,
        "Net Income Discontinuous Operations": 0.0,
        "Net Income Continuous Operations": -3375524.0,
        "Tax Provision": -542529.0,
        "Pretax Income": -3918053.0,
        "Other Income Expense": 439480.0,
        "Other Non Operating Income Expenses": 439480.0,
        "Gain On Sale Of Security": NaN,
        "Net Non Operating Interest Income Expense": -2365440.0,
        "Interest Expense Non Operating": 2365440.0,
        "Operating Income": -1992093.0,
        "Operating Expense": 6252476.0,
        "Selling General And Administration": 6252476.0,
        "Gross Profit": 4260383.0,
        "Cost Of Revenue": 76881510.0,
        "Total Revenue": 81141893.0,
        "Operating Revenue": 81141893.0
    },
    "2024-07-31": {
        "Tax Effect Of Unusual Items": 0.0,
        "Tax Rate For Calcs": 0.21,
        "Normalized EBITDA": 1287041.0,
        "Total Unusual Items": NaN,
        "Total Unusual Items Excluding Goodwill": NaN,
        "Net Income From Continuing Operation Net Minority Interest": -3289160.0,
        "Reconciled Depreciation": 1505713.0,
        "Reconciled Cost Of Revenue": 78371784.0,
        "EBITDA": 1287041.0,
        "EBIT": -218672.0,
        "Net Interest Income": -2268275.0,
        "Interest Expense": 2268275.0,
        "Normalized Income": -3289160.0,
        "Net Income From Continuing And Discontinued Operation": -3289160.0,
        "Total Expenses": 84995650.0,
        "Total Operating Income As Reported": -218672.0,
        "Diluted Average Shares": 6119288.0,
        "Basic Average Shares": 6119288.0,
        "Diluted EPS": -0.54,
        "Basic EPS": -0.54,
        "Diluted NI Availto Com Stockholders": -3289160.0,
        "Net Income Common Stockholders": -3289160.0,
        "Net Income": -3289160.0,
        "Net Income Including Noncontrolling Interests": -3289160.0,
        "Net Income Discontinuous Operations": NaN,
        "Net Income Continuous Operations": -3289160.0,
        "Tax Provision": 802213.0,
        "Pretax Income": -2486947.0,
        "Other Income Expense": NaN,
        "Other Non Operating Income Expenses": NaN,
        "Gain On Sale Of Security": NaN,
        "Net Non Operating Interest Income Expense": -2268275.0,
        "Interest Expense Non Operating": 2268275.0,
        "Operating Income": -218672.0,
        "Operating Expense": 6623866.0,
        "Selling General And Administration": 6623866.0,
        "Gross Profit": 6405194.0,
        "Cost Of Revenue": 78371784.0,
        "Total Revenue": 84776978.0,
        "Operating Revenue": 84776978.0
    },
    "2024-10-31": {
        "Tax Effect Of Unusual Items": -131460.0,
        "Tax Rate For Calcs": 0.21,
        "Normalized EBITDA": 2020024.0,
        "Total Unusual Items": -626000.0,
        "Total Unusual Items Excluding Goodwill": -626000.0,
        "Net Income From Continuing Operation Net Minority Interest": -9466669.0,
        "Reconciled Depreciation": 1486331.0,
        "Reconciled Cost Of Revenue": 67815156.0,
        "EBITDA": 1394024.0,
        "EBIT": -92307.0,
        "Net Interest Income": -4701108.0,
        "Interest Expense": 4701108.0,
        "Normalized Income": -8972129.0,
        "Net Income From Continuing And Discontinued Operation": -9466669.0,
        "Total Expenses": 74185667.0,
        "Total Operating Income As Reported": 533693.0,
        "Diluted Average Shares": 6119288.0,
        "Basic Average Shares": 6119288.0,
        "Diluted EPS": -1.55,
        "Basic EPS": -1.55,
        "Diluted NI Availto Com Stockholders": -9466669.0,
        "Net Income Common Stockholders": -9466669.0,
        "Net Income": -9466669.0,
        "Net Income Including Noncontrolling Interests": -9466669.0,
        "Net Income Discontinuous Operations": NaN,
        "Net Income Continuous Operations": -9466669.0,
        "Tax Provision": 4673254.0,
        "Pretax Income": -4793415.0,
        "Other Income Expense": -626000.0,
        "Other Non Operating Income Expenses": NaN,
        "Gain On Sale Of Security": -626000.0,
        "Net Non Operating Interest Income Expense": -4701108.0,
        "Interest Expense Non Operating": 4701108.0,
        "Operating Income": 533693.0,
        "Operating Expense": 6370511.0,
        "Selling General And Administration": 6370511.0,
        "Gross Profit": 6904204.0,
        "Cost Of Revenue": 67815156.0,
        "Total Revenue": 74719360.0,
        "Operating Revenue": 74719360.0
    },
    "2025-01-31": {
        "Tax Effect Of Unusual Items": 222440.761862,
        "Tax Rate For Calcs": 0.145864,
        "Normalized EBITDA": 7892909.0,
        "Total Unusual Items": 1524985.0,
        "Total Unusual Items Excluding Goodwill": 1524985.0,
        "Net Income From Continuing Operation Net Minority Interest": 3883611.0,
        "Reconciled Depreciation": 1542796.0,
        "Reconciled Cost Of Revenue": 65514800.0,
        "EBITDA": 9417894.0,
        "EBIT": 7875098.0,
        "Net Interest Income": -3328267.0,
        "Interest Expense": 3328267.0,
        "Normalized Income": 2581066.761862,
        "Net Income From Continuing And Discontinued Operation": 3883611.0,
        "Total Expenses": 71892941.0,
        "Total Operating Income As Reported": -825078.0,
        "Diluted Average Shares": 6205704.0,
        "Basic Average Shares": 6205704.0,
        "Diluted EPS": 0.63,
        "Basic EPS": 0.63,
        "Diluted NI Availto Com Stockholders": 3883611.0,
        "Net Income Common Stockholders": 3883611.0,
        "Net Income": 3883611.0,
        "Net Income Including Noncontrolling Interests": 3883611.0,
        "Net Income Discontinuous Operations": NaN,
        "Net Income Continuous Operations": 3883611.0,
        "Tax Provision": 663220.0,
        "Pretax Income": 4546831.0,
        "Other Income Expense": 8700176.0,
        "Other Non Operating Income Expenses": 7175191.0,
        "Gain On Sale Of Security": 1524985.0,
        "Net Non Operating Interest Income Expense": -3328267.0,
        "Interest Expense Non Operating": 3328267.0,
        "Operating Income": -825078.0,
        "Operating Expense": 6378141.0,
        "Selling General And Administration": 6378141.0,
        "Gross Profit": 5553063.0,
        "Cost Of Revenue": 65514800.0,
        "Total Revenue": 71067863.0,
        "Operating Revenue": 71067863.0
    }
}