{
    "2023-03-31": {
        "Tax Effect Of Unusual Items": NaN,
        "Tax Rate For Calcs": NaN,
        "Normalized EBITDA": NaN,
        "Total Unusual Items": NaN,
        "Total Unusual Items Excluding Goodwill": NaN,
        "Net Income From Continuing Operation Net Minority Interest": NaN,
        "Reconciled Depreciation": NaN,
        "Reconciled Cost Of Revenue": NaN,
        "EBITDA": NaN,
        "EBIT": NaN,
        "Net Interest Income": NaN,
        "Interest Expense": NaN,
        "Normalized Income": NaN,
        "Net Income From Continuing And Discontinued Operation": NaN,
        "Total Expenses": NaN,
        "Total Operating Income As Reported": NaN,
        "Diluted Average Shares": 23279000.0,
        "Basic Average Shares": 23114000.0,
        "Diluted EPS": 0.04,
        "Basic EPS": 0.04,
        "Diluted NI Availto Com Stockholders": NaN,
        "Net Income Common Stockholders": NaN,
        "Net Income": NaN,
        "Minority Interests": NaN,
        "Net Income Including Noncontrolling Interests": NaN,
        "Net Income Continuous Operations": NaN,
        "Tax Provision": NaN,
        "Pretax Income": NaN,
        "Other Income Expense": NaN,
        "Other Non Operating Income Expenses": NaN,
        "Special Income Charges": NaN,
        "Gain On Sale Of Business": NaN,
        "Net Non Operating Interest Income Expense": NaN,
        "Interest Expense Non Operating": NaN,
        "Operating Income": NaN,
        "Operating Expense": NaN,
        "Depreciation Amortization Depletion Income Statement": NaN,
        "Depreciation And Amortization In Income Statement": NaN,
        "Selling General And Administration": NaN,
        "Gross Profit": NaN,
        "Cost Of Revenue": NaN,
        "Total Revenue": NaN,
        "Operating Revenue": NaN
    },
    "2022-12-31": {
        "Tax Effect Of Unusual Items": 0.0,
        "Tax Rate For Calcs": 0.21,
        "Normalized EBITDA": 517000.0,
        "Total Unusual Items": NaN,
        "Total Unusual Items Excluding Goodwill": NaN,
        "Net Income From Continuing Operation Net Minority Interest": -2521000.0,
        "Reconciled Depreciation": 1155000.0,
        "Reconciled Cost Of Revenue": 50603000.0,
        "EBITDA": 517000.0,
        "EBIT": -638000.0,
        "Net Interest Income": -370000.0,
        "Interest Expense": 370000.0,
        "Normalized Income": -2521000.0,
        "Net Income From Continuing And Discontinued Operation": -2521000.0,
        "Total Expenses": 62941000.0,
        "Total Operating Income As Reported": -757000.0,
        "Diluted Average Shares": 22957000.0,
        "Basic Average Shares": 22821000.0,
        "Diluted EPS": -0.02,
        "Basic EPS": -0.02,
        "Diluted NI Availto Com Stockholders": -2521000.0,
        "Net Income Common Stockholders": -2521000.0,
        "Net Income": -2521000.0,
        "Minority Interests": -678000.0,
        "Net Income Including Noncontrolling Interests": -1843000.0,
        "Net Income Continuous Operations": -1843000.0,
        "Tax Provision": 835000.0,
        "Pretax Income": -1008000.0,
        "Other Income Expense": -2339000.0,
        "Other Non Operating Income Expenses": 119000.0,
        "Special Income Charges": NaN,
        "Gain On Sale Of Business": NaN,
        "Net Non Operating Interest Income Expense": -370000.0,
        "Interest Expense Non Operating": 370000.0,
        "Operating Income": 1701000.0,
        "Operating Expense": 11692000.0,
        "Depreciation Amortization Depletion Income Statement": 509000.0,
        "Depreciation And Amortization In Income Statement": 509000.0,
        "Selling General And Administration": 11183000.0,
        "Gross Profit": 13393000.0,
        "Cost Of Revenue": 51249000.0,
        "Total Revenue": 64642000.0,
        "Operating Revenue": 64642000.0
    },
    "2022-09-30": {
        "Tax Effect Of Unusual Items": 0.0,
        "Tax Rate For Calcs": 0.4,
        "Normalized EBITDA": 2353000.0,
        "Total Unusual Items": NaN,
        "Total Unusual Items Excluding Goodwill": NaN,
        "Net Income From Continuing Operation Net Minority Interest": -32000.0,
        "Reconciled Depreciation": 507000.0,
        "Reconciled Cost Of Revenue": 56991000.0,
        "EBITDA": 2353000.0,
        "EBIT": 1846000.0,
        "Net Interest Income": -270000.0,
        "Interest Expense": 270000.0,
        "Interest Income": NaN,
        "Normalized Income": -32000.0,
        "Net Income From Continuing And Discontinued Operation": -32000.0,
        "Total Expenses": 68112000.0,
        "Total Operating Income As Reported": 1720000.0,
        "Diluted Average Shares": 22227000.0,
        "Basic Average Shares": 22227000.0,
        "Diluted EPS": -0.00144,
        "Basic EPS": -0.00144,
        "Diluted NI Availto Com Stockholders": -32000.0,
        "Net Income Common Stockholders": -32000.0,
        "Net Income": -32000.0,
        "Minority Interests": -932000.0,
        "Net Income Including Noncontrolling Interests": 900000.0,
        "Net Income Continuous Operations": 900000.0,
        "Tax Provision": 676000.0,
        "Pretax Income": 1576000.0,
        "Other Income Expense": 126000.0,
        "Other Non Operating Income Expenses": 126000.0,
        "Special Income Charges": NaN,
        "Impairment Of Capital Assets": NaN,
        "Restructuring And Mergern Acquisition": NaN,
        "Net Non Operating Interest Income Expense": -270000.0,
        "Interest Expense Non Operating": 270000.0,
        "Interest Income Non Operating": NaN,
        "Operating Income": 1720000.0,
        "Operating Expense": 11120000.0,
        "Depreciation Amortization Depletion Income Statement": 506000.0,
        "Depreciation And Amortization In Income Statement": 506000.0,
        "Selling General And Administration": 10614000.0,
        "Gross Profit": 12840000.0,
        "Cost Of Revenue": 56992000.0,
        "Total Revenue": 69832000.0,
        "Operating Revenue": 69832000.0
    },
    "2022-06-30": {
        "Tax Effect Of Unusual Items": 0.0,
        "Tax Rate For Calcs": 0.307131,
        "Normalized EBITDA": 3013000.0,
        "Total Unusual Items": NaN,
        "Total Unusual Items Excluding Goodwill": NaN,
        "Net Income From Continuing Operation Net Minority Interest": 1149000.0,
        "Reconciled Depreciation": 507000.0,
        "Reconciled Cost Of Revenue": 54851000.0,
        "EBITDA": 3013000.0,
        "EBIT": 2506000.0,
        "Net Interest Income": -178000.0,
        "Interest Expense": 178000.0,
        "Interest Income": NaN,
        "Normalized Income": 1149000.0,
        "Net Income From Continuing And Discontinued Operation": 1149000.0,
        "Total Expenses": 65442000.0,
        "Total Operating Income As Reported": 2357000.0,
        "Diluted Average Shares": 21935000.0,
        "Basic Average Shares": 21808000.0,
        "Diluted EPS": 0.05,
        "Basic EPS": 0.05,
        "Diluted NI Availto Com Stockholders": 1149000.0,
        "Net Income Common Stockholders": 1149000.0,
        "Net Income": 1149000.0,
        "Minority Interests": -464000.0,
        "Net Income Including Noncontrolling Interests": 1613000.0,
        "Net Income Continuous Operations": 1613000.0,
        "Tax Provision": 715000.0,
        "Pretax Income": 2328000.0,
        "Other Income Expense": 149000.0,
        "Other Non Operating Income Expenses": 149000.0,
        "Special Income Charges": NaN,
        "Impairment Of Capital Assets": NaN,
        "Restructuring And Mergern Acquisition": NaN,
        "Net Non Operating Interest Income Expense": -178000.0,
        "Interest Expense Non Operating": 178000.0,
        "Interest Income Non Operating": NaN,
        "Operating Income": 2357000.0,
        "Operating Expense": 10591000.0,
        "Depreciation Amortization Depletion Income Statement": 507000.0,
        "Depreciation And Amortization In Income Statement": 507000.0,
        "Selling General And Administration": 10084000.0,
        "Gross Profit": 12948000.0,
        "Cost Of Revenue": 54851000.0,
        "Total Revenue": 67799000.0,
        "Operating Revenue": 67799000.0
    },
    "2022-03-31": {
        "Diluted EPS": 0.03,
        "Total Revenue": 59,
        "Gross Profit": 12,
        "Operating Income": 2,
        "EBIT": 3,
        "Net Income": 1
    },
    "2021-12-31": {
        "Diluted EPS": -0.2,
        "Total Revenue": 60,
        "Gross Profit": 11,
        "Operating Income": -3,
        "EBIT": -1,
        "Net Income": -4
    },
    "2021-09-30": {
        "Diluted EPS": 0.06,
        "Total Revenue": 67,
        "Gross Profit": 13,
        "Operating Income": 3,
        "EBIT": 3,
        "Net Income": 1
    },
    "2021-06-30": {
        "Diluted EPS": 0.02,
        "Total Revenue": 67,
        "Gross Profit": 12,
        "Operating Income": 2,
        "EBIT": 2,
        "Net Income": 1
    },
    "2021-03-31": {
        "Diluted EPS": 0.04,
        "Total Revenue": 61,
        "Gross Profit": 12,
        "Operating Income": 3,
        "EBIT": 3,
        "Net Income": 1
    },
    "2020-12-31": {
        "Diluted EPS": 0.1,
        "Total Revenue": 59,
        "Gross Profit": 12,
        "Operating Income": 3,
        "EBIT": 6,
        "Net Income": 2
    },
    "2020-09-30": {
        "Diluted EPS": 0.05,
        "Total Revenue": 59,
        "Gross Profit": 12,
        "Operating Income": 3,
        "EBIT": 4,
        "Net Income": 1
    },
    "2020-06-30": {
        "Diluted EPS": 0.0,
        "Total Revenue": 51,
        "Gross Profit": 10,
        "Operating Income": 2,
        "EBIT": 3,
        "Net Income": 0
    },
    "2020-03-31": {
        "Diluted EPS": 0.01,
        "Total Revenue": 61,
        "Gross Profit": 12,
        "Operating Income": 1,
        "EBIT": 2,
        "Net Income": 0
    },
    "2019-12-31": {
        "Diluted EPS": -0.03,
        "Total Revenue": 61,
        "Gross Profit": 12,
        "Operating Income": 1,
        "EBIT": 3,
        "Net Income": -1
    },
    "2019-09-30": {
        "Diluted EPS": 0.04,
        "Total Revenue": 66,
        "Gross Profit": 13,
        "Operating Income": 3,
        "EBIT": 3,
        "Net Income": 1
    },
    "2019-06-30": {
        "Diluted EPS": 0.07,
        "Total Revenue": 68,
        "Gross Profit": 14,
        "Operating Income": 4,
        "EBIT": 6,
        "Net Income": 2
    },
    "2019-03-31": {
        "Diluted EPS": 0.03,
        "Total Revenue": 57,
        "Gross Profit": 11,
        "Operating Income": 2,
        "EBIT": 2,
        "Net Income": 1
    },
    "2018-12-31": {
        "Diluted EPS": -0.02,
        "Total Revenue": 57,
        "Gross Profit": 12,
        "Operating Income": 2,
        "EBIT": 2,
        "Net Income": -1
    },
    "2018-09-30": {
        "Diluted EPS": 0.03,
        "Total Revenue": 58,
        "Gross Profit": 12,
        "Operating Income": 2,
        "EBIT": 3,
        "Net Income": 1
    },
    "2018-06-30": {
        "Diluted EPS": -0.09,
        "Total Revenue": 59,
        "Gross Profit": 10,
        "Operating Income": -1,
        "EBIT": -1,
        "Net Income": -2
    },
    "2018-03-31": {
        "Diluted EPS": 0.01,
        "Total Revenue": 55,
        "Gross Profit": 10,
        "Operating Income": 1,
        "EBIT": 1,
        "Net Income": 0
    },
    "2017-12-31": {
        "Diluted EPS": -0.06,
        "Total Revenue": 50,
        "Gross Profit": 11,
        "Operating Income": 2,
        "EBIT": 2,
        "Net Income": -1
    },
    "2017-09-30": {
        "Diluted EPS": 0.01,
        "Total Revenue": 49,
        "Gross Profit": 9,
        "Operating Income": 1,
        "EBIT": 1,
        "Net Income": 0
    },
    "2017-06-30": {
        "Diluted EPS": 0.02,
        "Total Revenue": 43,
        "Gross Profit": 9,
        "Operating Income": 1,
        "EBIT": 2,
        "Net Income": 0
    },
    "2017-03-31": {
        "Diluted EPS": -0.01,
        "Total Revenue": 40,
        "Gross Profit": 8,
        "Operating Income": 0,
        "EBIT": 1,
        "Net Income": 0
    },
    "2016-12-31": {
        "Diluted EPS": 0.01,
        "Total Revenue": 45,
        "Gross Profit": 9,
        "Operating Income": 1,
        "EBIT": 1,
        "Net Income": 0
    },
    "2016-09-30": {
        "Diluted EPS": -0.0,
        "Total Revenue": 33,
        "Gross Profit": 7,
        "Operating Income": 0,
        "EBIT": 1,
        "Net Income": 0
    },
    "2016-06-30": {
        "Diluted EPS": 0.01,
        "Total Revenue": 30,
        "Gross Profit": 7,
        "Operating Income": 1,
        "EBIT": 1,
        "Net Income": 0
    },
    "2016-03-31": {
        "Diluted EPS": -0.01,
        "Total Revenue": 27,
        "Gross Profit": 6,
        "Operating Income": 0,
        "EBIT": 1,
        "Net Income": 0
    },
    "2015-12-31": {
        "Diluted EPS": 0.05,
        "Total Revenue": 32,
        "Gross Profit": 8,
        "Operating Income": 2,
        "EBIT": 3,
        "Net Income": 1
    },
    "2015-09-30": {
        "Diluted EPS": -0.01,
        "Total Revenue": 28,
        "Gross Profit": 7,
        "Operating Income": 0,
        "EBIT": 1,
        "Net Income": 0
    },
    "2015-06-30": {
        "Diluted EPS": 0.0,
        "Total Revenue": 29,
        "Gross Profit": 7,
        "Operating Income": 1,
        "EBIT": 1,
        "Net Income": 0
    },
    "2015-03-31": {
        "Diluted EPS": -0.0,
        "Total Revenue": 29,
        "Gross Profit": 7,
        "Operating Income": 0,
        "EBIT": 1,
        "Net Income": 0
    },
    "2014-12-31": {
        "Diluted EPS": 0.12,
        "Total Revenue": 32,
        "Gross Profit": 9,
        "Operating Income": 2,
        "EBIT": 2,
        "Net Income": 3
    },
    "2014-09-30": {
        "Diluted EPS": 0.02,
        "Total Revenue": 31,
        "Gross Profit": 7,
        "Operating Income": 1,
        "EBIT": 1,
        "Net Income": 0
    },
    "2014-06-30": {
        "Diluted EPS": 0.03,
        "Total Revenue": 31,
        "Gross Profit": 8,
        "Operating Income": 1,
        "EBIT": 1,
        "Net Income": 1
    },
    "2014-03-31": {
        "Diluted EPS": -0.02,
        "Total Revenue": 28,
        "Gross Profit": 6,
        "Operating Income": 0,
        "EBIT": 0,
        "Net Income": 0
    },
    "2013-12-31": {
        "Diluted EPS": 0.14,
        "Total Revenue": 32,
        "Gross Profit": 9,
        "Operating Income": 2,
        "EBIT": 2,
        "Net Income": 3
    },
    "2013-09-30": {
        "Diluted EPS": 0.02,
        "Total Revenue": 28,
        "Gross Profit": 7,
        "Operating Income": 0,
        "EBIT": 1,
        "Net Income": 0
    },
    "2013-06-30": {
        "Diluted EPS": -0.01,
        "Total Revenue": 27,
        "Gross Profit": 7,
        "Operating Income": 0,
        "EBIT": 1,
        "Net Income": 0
    },
    "2013-03-31": {
        "Diluted EPS": 0.0,
        "Total Revenue": 25,
        "Gross Profit": 6,
        "Operating Income": 0,
        "EBIT": 1,
        "Net Income": 0
    },
    "2012-12-31": {
        "Diluted EPS": 0.07,
        "Total Revenue": 28,
        "Gross Profit": 8,
        "Operating Income": 2,
        "EBIT": 2,
        "Net Income": 1
    },
    "2012-09-30": {
        "Diluted EPS": 0.03,
        "Total Revenue": 25,
        "Gross Profit": 6,
        "Operating Income": 1,
        "EBIT": 1,
        "Net Income": 1
    },
    "2012-06-30": {
        "Diluted EPS": 0.03,
        "Total Revenue": 24,
        "Gross Profit": 7,
        "Operating Income": 1,
        "EBIT": 1,
        "Net Income": 1
    },
    "2012-03-31": {
        "Diluted EPS": 0.01,
        "Total Revenue": 21,
        "Gross Profit": 6,
        "Operating Income": 0,
        "EBIT": 1,
        "Net Income": 0
    },
    "2011-12-31": {
        "Diluted EPS": 0.06,
        "Total Revenue": 24,
        "Gross Profit": 7,
        "Operating Income": 2,
        "EBIT": 2,
        "Net Income": 1
    },
    "2011-09-30": {
        "Diluted EPS": 0.01,
        "Total Revenue": 18,
        "Gross Profit": 5,
        "Operating Income": 0,
        "EBIT": 1,
        "Net Income": 0
    },
    "2011-06-30": {
        "Diluted EPS": 0.02,
        "Total Revenue": 16,
        "Gross Profit": 5,
        "Operating Income": 1,
        "EBIT": 1,
        "Net Income": 1
    },
    "2011-03-31": {
        "Diluted EPS": 0.01,
        "Total Revenue": 16,
        "Gross Profit": 5,
        "Operating Income": 0,
        "EBIT": 1,
        "Net Income": 0
    },
    "2010-12-31": {
        "Diluted EPS": 0.06,
        "Total Revenue": 19,
        "Gross Profit": 7,
        "Operating Income": 2,
        "EBIT": 3,
        "Net Income": 1
    },
    "2010-09-30": {
        "Diluted EPS": 0.02,
        "Total Revenue": 16,
        "Gross Profit": 5,
        "Operating Income": 0,
        "EBIT": 0,
        "Net Income": 0
    },
    "2010-06-30": {
        "Diluted EPS": 0.03,
        "Total Revenue": 16,
        "Gross Profit": 5,
        "Operating Income": 1,
        "EBIT": 1,
        "Net Income": 1
    },
    "2010-03-31": {
        "Diluted EPS": 0.0,
        "Total Revenue": 13,
        "Gross Profit": 4,
        "Operating Income": 0,
        "EBIT": 0,
        "Net Income": 0
    },
    "2009-12-31": {
        "Diluted EPS": 0.02,
        "Total Revenue": 14,
        "Gross Profit": 5,
        "Operating Income": 0,
        "EBIT": 1,
        "Net Income": 0
    },
    "2009-09-30": {
        "Diluted EPS": 0.01,
        "Total Revenue": 15,
        "Gross Profit": 4,
        "Operating Income": 0,
        "EBIT": 0,
        "Net Income": 0
    },
    "2009-06-30": {
        "Diluted EPS": 0.01,
        "Total Revenue": 13,
        "Gross Profit": 4,
        "Operating Income": 0,
        "EBIT": 0,
        "Net Income": 0
    },
    "2009-03-31": {
        "Diluted EPS": -0.01,
        "Total Revenue": 15,
        "Gross Profit": 4,
        "Operating Income": 0,
        "EBIT": 0,
        "Net Income": 0
    },
    "2023-06-30": {
        "Tax Effect Of Unusual Items": 0.0,
        "Tax Rate For Calcs": 0.327,
        "Normalized EBITDA": 2739000.0,
        "Total Unusual Items": 0.0,
        "Total Unusual Items Excluding Goodwill": 0.0,
        "Net Income From Continuing Operation Net Minority Interest": 639000.0,
        "Reconciled Depreciation": 617000.0,
        "Reconciled Cost Of Revenue": 52717000.0,
        "EBITDA": 2739000.0,
        "EBIT": 2122000.0,
        "Net Interest Income": -478000.0,
        "Interest Expense": 478000.0,
        "Normalized Income": 639000.0,
        "Net Income From Continuing And Discontinued Operation": 639000.0,
        "Total Expenses": 63939000.0,
        "Total Operating Income As Reported": 1997000.0,
        "Diluted Average Shares": 23392000.0,
        "Basic Average Shares": 23250000.0,
        "Diluted EPS": 0.03,
        "Basic EPS": 0.03,
        "Diluted NI Availto Com Stockholders": 639000.0,
        "Net Income Common Stockholders": 639000.0,
        "Net Income": 639000.0,
        "Minority Interests": -467000.0,
        "Net Income Including Noncontrolling Interests": 1106000.0,
        "Net Income Continuous Operations": 1106000.0,
        "Tax Provision": 538000.0,
        "Pretax Income": 1644000.0,
        "Other Income Expense": 125000.0,
        "Other Non Operating Income Expenses": 125000.0,
        "Special Income Charges": 0.0,
        "Gain On Sale Of Business": 0.0,
        "Net Non Operating Interest Income Expense": -478000.0,
        "Interest Expense Non Operating": 478000.0,
        "Operating Income": 1997000.0,
        "Operating Expense": 11099000.0,
        "Depreciation Amortization Depletion Income Statement": 494000.0,
        "Depreciation And Amortization In Income Statement": 494000.0,
        "Selling General And Administration": 10605000.0,
        "Gross Profit": 13096000.0,
        "Cost Of Revenue": 52840000.0,
        "Total Revenue": 65936000.0,
        "Operating Revenue": 65936000.0
    },
    "2023-09-30": {
        "Tax Effect Of Unusual Items": 0.0,
        "Tax Rate For Calcs": 0.171,
        "Normalized EBITDA": 2430000.0,
        "Total Unusual Items": 0.0,
        "Total Unusual Items Excluding Goodwill": 0.0,
        "Net Income From Continuing Operation Net Minority Interest": 259000.0,
        "Reconciled Depreciation": 725000.0,
        "Reconciled Cost Of Revenue": 53783000.0,
        "EBITDA": 2430000.0,
        "EBIT": 1705000.0,
        "Net Interest Income": -380000.0,
        "Interest Expense": 380000.0,
        "Normalized Income": 259000.0,
        "Net Income From Continuing And Discontinued Operation": 259000.0,
        "Total Expenses": 65792000.0,
        "Total Operating Income As Reported": 1541000.0,
        "Diluted Average Shares": 23376000.0,
        "Basic Average Shares": 23237000.0,
        "Diluted EPS": 0.01,
        "Basic EPS": 0.01,
        "Diluted NI Availto Com Stockholders": 259000.0,
        "Net Income Common Stockholders": 259000.0,
        "Net Income": 259000.0,
        "Minority Interests": -839000.0,
        "Net Income Including Noncontrolling Interests": 1098000.0,
        "Net Income Continuous Operations": 1098000.0,
        "Tax Provision": 227000.0,
        "Pretax Income": 1325000.0,
        "Other Income Expense": 164000.0,
        "Other Non Operating Income Expenses": 164000.0,
        "Special Income Charges": 0.0,
        "Gain On Sale Of Business": 0.0,
        "Net Non Operating Interest Income Expense": -380000.0,
        "Interest Expense Non Operating": 380000.0,
        "Operating Income": 1541000.0,
        "Operating Expense": 11832000.0,
        "Depreciation Amortization Depletion Income Statement": 548000.0,
        "Depreciation And Amortization In Income Statement": 548000.0,
        "Selling General And Administration": 11284000.0,
        "Gross Profit": 13373000.0,
        "Cost Of Revenue": 53960000.0,
        "Total Revenue": 67333000.0,
        "Operating Revenue": 67333000.0
    },
    "2024-03-31": {
        "Tax Effect Of Unusual Items": 1467185.0,
        "Tax Rate For Calcs": 0.205,
        "Normalized EBITDA": 3095000.0,
        "Total Unusual Items": 7157000.0,
        "Total Unusual Items Excluding Goodwill": 7157000.0,
        "Net Income From Continuing Operation Net Minority Interest": 6627000.0,
        "Reconciled Depreciation": 687000.0,
        "Reconciled Cost Of Revenue": 55975000.0,
        "EBITDA": 10252000.0,
        "EBIT": 9565000.0,
        "Net Interest Income": -530000.0,
        "Interest Expense": 530000.0,
        "Normalized Income": 937185.0,
        "Net Income From Continuing And Discontinued Operation": 6627000.0,
        "Total Expenses": 66278000.0,
        "Total Operating Income As Reported": 9572000.0,
        "Diluted Average Shares": 24013000.0,
        "Basic Average Shares": 23817000.0,
        "Diluted EPS": 0.28,
        "Basic EPS": 0.28,
        "Diluted NI Availto Com Stockholders": 6627000.0,
        "Net Income Common Stockholders": 6627000.0,
        "Net Income": 6627000.0,
        "Minority Interests": -554000.0,
        "Net Income Including Noncontrolling Interests": 7181000.0,
        "Net Income Continuous Operations": 7181000.0,
        "Tax Provision": 1854000.0,
        "Pretax Income": 9035000.0,
        "Other Income Expense": 7150000.0,
        "Other Non Operating Income Expenses": -7000.0,
        "Special Income Charges": 7157000.0,
        "Gain On Sale Of Business": 7157000.0,
        "Net Non Operating Interest Income Expense": -530000.0,
        "Interest Expense Non Operating": 530000.0,
        "Operating Income": 2415000.0,
        "Operating Expense": 10127000.0,
        "Depreciation Amortization Depletion Income Statement": 511000.0,
        "Depreciation And Amortization In Income Statement": 511000.0,
        "Selling General And Administration": 9616000.0,
        "Gross Profit": 12542000.0,
        "Cost Of Revenue": 56151000.0,
        "Total Revenue": 68693000.0,
        "Operating Revenue": 68693000.0
    },
    "2024-06-30": {
        "Tax Effect Of Unusual Items": 1352725.0,
        "Tax Rate For Calcs": 0.275,
        "Normalized EBITDA": 1882000.0,
        "Total Unusual Items": 4919000.0,
        "Total Unusual Items Excluding Goodwill": 4919000.0,
        "Net Income From Continuing Operation Net Minority Interest": 3627000.0,
        "Reconciled Depreciation": 612000.0,
        "Reconciled Cost Of Revenue": 46163000.0,
        "EBITDA": 6801000.0,
        "EBIT": 6189000.0,
        "Net Interest Income": -567000.0,
        "Interest Expense": 567000.0,
        "Normalized Income": 60725.0,
        "Net Income From Continuing And Discontinued Operation": 3627000.0,
        "Total Expenses": 56316000.0,
        "Total Operating Income As Reported": 5893000.0,
        "Diluted Average Shares": 24010000.0,
        "Basic Average Shares": 23786000.0,
        "Diluted EPS": 0.15,
        "Basic EPS": 0.15,
        "Diluted NI Availto Com Stockholders": 3627000.0,
        "Net Income Common Stockholders": 3627000.0,
        "Net Income": 3627000.0,
        "Minority Interests": -448000.0,
        "Net Income Including Noncontrolling Interests": 4075000.0,
        "Net Income Continuous Operations": 4075000.0,
        "Tax Provision": 1547000.0,
        "Pretax Income": 5622000.0,
        "Other Income Expense": 5215000.0,
        "Other Non Operating Income Expenses": 296000.0,
        "Special Income Charges": 4919000.0,
        "Gain On Sale Of Business": 4919000.0,
        "Net Non Operating Interest Income Expense": -567000.0,
        "Interest Expense Non Operating": 567000.0,
        "Operating Income": 974000.0,
        "Operating Expense": 10019000.0,
        "Depreciation Amortization Depletion Income Statement": 478000.0,
        "Depreciation And Amortization In Income Statement": 478000.0,
        "Selling General And Administration": 9541000.0,
        "Gross Profit": 10993000.0,
        "Cost Of Revenue": 46297000.0,
        "Total Revenue": 57290000.0,
        "Operating Revenue": 57290000.0
    },
    "2024-09-30": {
        "Tax Effect Of Unusual Items": -193620.0,
        "Tax Rate For Calcs": 0.21,
        "Normalized EBITDA": -483000.0,
        "Total Unusual Items": -922000.0,
        "Total Unusual Items Excluding Goodwill": -922000.0,
        "Net Income From Continuing Operation Net Minority Interest": -144000.0,
        "Reconciled Depreciation": 559000.0,
        "Reconciled Cost Of Revenue": 29241000.0,
        "EBITDA": -1405000.0,
        "EBIT": -1964000.0,
        "Net Interest Income": -582000.0,
        "Interest Expense": 582000.0,
        "Normalized Income": 584380.0,
        "Net Income From Continuing And Discontinued Operation": -144000.0,
        "Total Expenses": 38358000.0,
        "Total Operating Income As Reported": -1492000.0,
        "Diluted Average Shares": NaN,
        "Basic Average Shares": NaN,
        "Diluted EPS": NaN,
        "Basic EPS": NaN,
        "Diluted NI Availto Com Stockholders": -144000.0,
        "Net Income Common Stockholders": -144000.0,
        "Net Income": -144000.0,
        "Minority Interests": 88000.0,
        "Net Income Including Noncontrolling Interests": -232000.0,
        "Net Income Continuous Operations": -232000.0,
        "Tax Provision": -2314000.0,
        "Pretax Income": -2546000.0,
        "Other Income Expense": -1394000.0,
        "Other Non Operating Income Expenses": -472000.0,
        "Special Income Charges": -922000.0,
        "Gain On Sale Of Business": -922000.0,
        "Net Non Operating Interest Income Expense": -582000.0,
        "Interest Expense Non Operating": 582000.0,
        "Operating Income": -570000.0,
        "Operating Expense": 9012000.0,
        "Depreciation Amortization Depletion Income Statement": 454000.0,
        "Depreciation And Amortization In Income Statement": 454000.0,
        "Selling General And Administration": 8558000.0,
        "Gross Profit": 8442000.0,
        "Cost Of Revenue": 29346000.0,
        "Total Revenue": 37788000.0,
        "Operating Revenue": 37788000.0
    },
    "2023-12-31": {
        "Tax Effect Of Unusual Items": 0.0,
        "Tax Rate For Calcs": 0.21,
        "Normalized EBITDA": 2886000.0,
        "Total Unusual Items": NaN,
        "Total Unusual Items Excluding Goodwill": NaN,
        "Net Income From Continuing Operation Net Minority Interest": 2138000.0,
        "Reconciled Depreciation": 869000.0,
        "Reconciled Cost Of Revenue": 49783000.0,
        "EBITDA": 2886000.0,
        "EBIT": 2017000.0,
        "Net Interest Income": -671000.0,
        "Interest Expense": 671000.0,
        "Normalized Income": 2138000.0,
        "Net Income From Continuing And Discontinued Operation": 2138000.0,
        "Total Expenses": 61980000.0,
        "Total Operating Income As Reported": 2710000.0,
        "Diluted Average Shares": NaN,
        "Basic Average Shares": NaN,
        "Diluted EPS": NaN,
        "Basic EPS": NaN,
        "Diluted NI Availto Com Stockholders": 2138000.0,
        "Net Income Common Stockholders": 2138000.0,
        "Net Income": 2138000.0,
        "Minority Interests": 1343000.0,
        "Net Income Including Noncontrolling Interests": 795000.0,
        "Net Income Continuous Operations": 795000.0,
        "Tax Provision": 551000.0,
        "Pretax Income": 1346000.0,
        "Other Income Expense": -1101000.0,
        "Other Non Operating Income Expenses": -693000.0,
        "Special Income Charges": NaN,
        "Gain On Sale Of Business": NaN,
        "Net Non Operating Interest Income Expense": -671000.0,
        "Interest Expense Non Operating": 671000.0,
        "Operating Income": 3118000.0,
        "Operating Expense": 11755000.0,
        "Depreciation Amortization Depletion Income Statement": 427000.0,
        "Depreciation And Amortization In Income Statement": 427000.0,
        "Selling General And Administration": 11328000.0,
        "Gross Profit": 14873000.0,
        "Cost Of Revenue": 50225000.0,
        "Total Revenue": 65098000.0,
        "Operating Revenue": 65098000.0
    }
}