{
    "2023-03-31": {
        "Tax Effect Of Unusual Items": NaN,
        "Tax Rate For Calcs": NaN,
        "Normalized EBITDA": NaN,
        "Total Unusual Items": NaN,
        "Total Unusual Items Excluding Goodwill": NaN,
        "Net Income From Continuing Operation Net Minority Interest": NaN,
        "Reconciled Depreciation": NaN,
        "Reconciled Cost Of Revenue": NaN,
        "EBITDA": NaN,
        "EBIT": NaN,
        "Net Interest Income": NaN,
        "Interest Expense": NaN,
        "Normalized Income": NaN,
        "Net Income From Continuing And Discontinued Operation": NaN,
        "Total Expenses": NaN,
        "Total Operating Income As Reported": NaN,
        "Diluted Average Shares": 35653000.0,
        "Basic Average Shares": 35653000.0,
        "Diluted EPS": 1.42,
        "Basic EPS": 1.42,
        "Diluted NI Availto Com Stockholders": NaN,
        "Net Income Common Stockholders": NaN,
        "Preferred Stock Dividends": NaN,
        "Net Income": NaN,
        "Net Income Including Noncontrolling Interests": NaN,
        "Net Income Continuous Operations": NaN,
        "Tax Provision": NaN,
        "Pretax Income": NaN,
        "Other Income Expense": NaN,
        "Gain On Sale Of Security": NaN,
        "Net Non Operating Interest Income Expense": NaN,
        "Total Other Finance Cost": NaN,
        "Interest Expense Non Operating": NaN,
        "Operating Income": NaN,
        "Operating Expense": NaN,
        "Other Operating Expenses": NaN,
        "Selling General And Administration": NaN,
        "General And Administrative Expense": NaN,
        "Other Gand A": NaN,
        "Gross Profit": NaN,
        "Cost Of Revenue": NaN,
        "Total Revenue": NaN,
        "Operating Revenue": NaN
    },
    "2022-12-31": {
        "Tax Effect Of Unusual Items": NaN,
        "Tax Rate For Calcs": NaN,
        "Normalized EBITDA": NaN,
        "Total Unusual Items": NaN,
        "Total Unusual Items Excluding Goodwill": NaN,
        "Net Income From Continuing Operation Net Minority Interest": NaN,
        "Reconciled Depreciation": NaN,
        "Reconciled Cost Of Revenue": NaN,
        "EBITDA": NaN,
        "EBIT": NaN,
        "Net Interest Income": NaN,
        "Interest Expense": NaN,
        "Normalized Income": NaN,
        "Net Income From Continuing And Discontinued Operation": NaN,
        "Total Expenses": NaN,
        "Total Operating Income As Reported": NaN,
        "Diluted Average Shares": 35916000.0,
        "Basic Average Shares": 35916000.0,
        "Diluted EPS": 0.33,
        "Basic EPS": 0.33,
        "Diluted NI Availto Com Stockholders": NaN,
        "Net Income Common Stockholders": NaN,
        "Preferred Stock Dividends": NaN,
        "Net Income": NaN,
        "Net Income Including Noncontrolling Interests": NaN,
        "Net Income Continuous Operations": NaN,
        "Tax Provision": NaN,
        "Pretax Income": NaN,
        "Other Income Expense": NaN,
        "Gain On Sale Of Security": NaN,
        "Net Non Operating Interest Income Expense": NaN,
        "Total Other Finance Cost": NaN,
        "Interest Expense Non Operating": NaN,
        "Operating Income": NaN,
        "Operating Expense": NaN,
        "Other Operating Expenses": NaN,
        "Selling General And Administration": NaN,
        "General And Administrative Expense": NaN,
        "Other Gand A": NaN,
        "Gross Profit": NaN,
        "Cost Of Revenue": NaN,
        "Total Revenue": NaN,
        "Operating Revenue": NaN
    },
    "2022-09-30": {
        "Tax Effect Of Unusual Items": -8695186.909458,
        "Tax Rate For Calcs": 0.298117,
        "Normalized EBITDA": -39010000.0,
        "Total Unusual Items": -29167000.0,
        "Total Unusual Items Excluding Goodwill": -29167000.0,
        "Net Income From Continuing Operation Net Minority Interest": -49993000.0,
        "Reconciled Depreciation": 8259000.0,
        "Reconciled Cost Of Revenue": 257422000.0,
        "EBITDA": -68177000.0,
        "EBIT": -68177000.0,
        "Net Interest Income": -2101000.0,
        "Interest Expense": 3050000.0,
        "Normalized Income": -29521186.909458,
        "Net Income From Continuing And Discontinued Operation": -49993000.0,
        "Total Expenses": 336603000.0,
        "Total Operating Income As Reported": -67920000.0,
        "Diluted Average Shares": 36332000.0,
        "Basic Average Shares": 36332000.0,
        "Diluted EPS": -1.36,
        "Basic EPS": -1.36,
        "Diluted NI Availto Com Stockholders": -49548000.0,
        "Net Income Common Stockholders": -49548000.0,
        "Preferred Stock Dividends": -445000.0,
        "Net Income": -49993000.0,
        "Net Income Including Noncontrolling Interests": -49993000.0,
        "Net Income Continuous Operations": -49993000.0,
        "Tax Provision": -21234000.0,
        "Pretax Income": -71227000.0,
        "Other Income Expense": -29167000.0,
        "Gain On Sale Of Security": -29167000.0,
        "Net Non Operating Interest Income Expense": -2101000.0,
        "Total Other Finance Cost": -949000.0,
        "Interest Expense Non Operating": 3050000.0,
        "Operating Income": -39959000.0,
        "Operating Expense": 79181000.0,
        "Other Operating Expenses": 73128000.0,
        "Selling General And Administration": 6053000.0,
        "General And Administrative Expense": 6053000.0,
        "Other Gand A": 6053000.0,
        "Gross Profit": 39222000.0,
        "Cost Of Revenue": 257422000.0,
        "Total Revenue": 296644000.0,
        "Operating Revenue": 296644000.0
    },
    "2022-06-30": {
        "Tax Effect Of Unusual Items": 2009278.0,
        "Tax Rate For Calcs": 0.262,
        "Normalized EBITDA": -11098000.0,
        "Total Unusual Items": 7669000.0,
        "Total Unusual Items Excluding Goodwill": 7669000.0,
        "Net Income From Continuing Operation Net Minority Interest": -10587000.0,
        "Reconciled Depreciation": 8289000.0,
        "Reconciled Cost Of Revenue": 369863000.0,
        "EBITDA": -3429000.0,
        "EBIT": -11718000.0,
        "Net Interest Income": -1095000.0,
        "Interest Expense": 2635000.0,
        "Normalized Income": -16246722.0,
        "Net Income From Continuing And Discontinued Operation": -10587000.0,
        "Total Expenses": 460028000.0,
        "Total Operating Income As Reported": -11496000.0,
        "Diluted Average Shares": 36781000.0,
        "Basic Average Shares": 36781000.0,
        "Diluted EPS": -0.29,
        "Basic EPS": -0.29,
        "Diluted NI Availto Com Stockholders": -10494000.0,
        "Net Income Common Stockholders": -10494000.0,
        "Preferred Stock Dividends": -93000.0,
        "Net Income": -10587000.0,
        "Net Income Including Noncontrolling Interests": -10587000.0,
        "Net Income Continuous Operations": -10587000.0,
        "Tax Provision": -3766000.0,
        "Pretax Income": -14353000.0,
        "Other Income Expense": 7669000.0,
        "Gain On Sale Of Security": 7669000.0,
        "Net Non Operating Interest Income Expense": -1095000.0,
        "Total Other Finance Cost": -1540000.0,
        "Interest Expense Non Operating": 2635000.0,
        "Operating Income": -20927000.0,
        "Operating Expense": 90165000.0,
        "Other Operating Expenses": 83914000.0,
        "Selling General And Administration": 6251000.0,
        "General And Administrative Expense": 6251000.0,
        "Other Gand A": 6251000.0,
        "Gross Profit": 69238000.0,
        "Cost Of Revenue": 369863000.0,
        "Total Revenue": 439101000.0,
        "Operating Revenue": 439101000.0
    },
    "2022-03-31": {
        "Diluted EPS": 1.75,
        "Total Revenue": 783,
        "Gross Profit": 220,
        "Operating Income": 117,
        "EBIT": 126,
        "Net Income": 66
    },
    "2021-12-31": {
        "Diluted EPS": 0.32,
        "Total Revenue": 488,
        "Gross Profit": 140,
        "Operating Income": 23,
        "EBIT": 31,
        "Net Income": 12
    },
    "2021-09-30": {
        "Diluted EPS": -0.33,
        "Total Revenue": 237,
        "Gross Profit": 49,
        "Operating Income": -31,
        "EBIT": -22,
        "Net Income": -14
    },
    "2021-06-30": {
        "Diluted EPS": -0.3,
        "Total Revenue": 283,
        "Gross Profit": 70,
        "Operating Income": -14,
        "EBIT": -5,
        "Net Income": -12
    },
    "2021-03-31": {
        "Diluted EPS": 1.71,
        "Total Revenue": 604,
        "Gross Profit": 226,
        "Operating Income": 120,
        "EBIT": 128,
        "Net Income": 69
    },
    "2020-12-31": {
        "Diluted EPS": 0.74,
        "Total Revenue": 373,
        "Gross Profit": 132,
        "Operating Income": 55,
        "EBIT": 63,
        "Net Income": 31
    },
    "2020-09-30": {
        "Diluted EPS": -0.45,
        "Total Revenue": 183,
        "Gross Profit": 47,
        "Operating Income": -36,
        "EBIT": -28,
        "Net Income": -27
    },
    "2020-06-30": {
        "Diluted EPS": -0.0,
        "Total Revenue": 232,
        "Gross Profit": 84,
        "Operating Income": 0,
        "EBIT": 9,
        "Net Income": 0
    },
    "2020-03-31": {
        "Diluted EPS": 1.03,
        "Total Revenue": 543,
        "Gross Profit": 196,
        "Operating Income": 86,
        "EBIT": 95,
        "Net Income": 48
    },
    "2019-12-31": {
        "Diluted EPS": 0.49,
        "Total Revenue": 509,
        "Gross Profit": 148,
        "Operating Income": 42,
        "EBIT": 52,
        "Net Income": 28
    },
    "2019-09-30": {
        "Diluted EPS": -0.38,
        "Total Revenue": 236,
        "Gross Profit": 48,
        "Operating Income": -44,
        "EBIT": -34,
        "Net Income": -21
    },
    "2019-06-30": {
        "Diluted EPS": -0.46,
        "Total Revenue": 283,
        "Gross Profit": 66,
        "Operating Income": -30,
        "EBIT": -21,
        "Net Income": -23
    },
    "2019-03-31": {
        "Diluted EPS": 1.15,
        "Total Revenue": 700,
        "Gross Profit": 219,
        "Operating Income": 105,
        "EBIT": 113,
        "Net Income": 59
    },
    "2018-12-31": {
        "Diluted EPS": 0.04,
        "Total Revenue": 535,
        "Gross Profit": 154,
        "Operating Income": 6,
        "EBIT": 14,
        "Net Income": 2
    },
    "2018-09-30": {
        "Diluted EPS": -0.22,
        "Total Revenue": 230,
        "Gross Profit": 43,
        "Operating Income": -42,
        "EBIT": -33,
        "Net Income": -13
    },
    "2018-06-30": {
        "Diluted EPS": -0.15,
        "Total Revenue": 327,
        "Gross Profit": 79,
        "Operating Income": -9,
        "EBIT": 0,
        "Net Income": -8
    },
    "2018-03-31": {
        "Diluted EPS": 0.81,
        "Total Revenue": 684,
        "Gross Profit": 216,
        "Operating Income": 85,
        "EBIT": 93,
        "Net Income": 45
    },
    "2017-12-31": {
        "Diluted EPS": 0.45,
        "Total Revenue": 437,
        "Gross Profit": 124,
        "Operating Income": 31,
        "EBIT": 39,
        "Net Income": 25
    },
    "2017-09-30": {
        "Diluted EPS": -0.17,
        "Total Revenue": 182,
        "Gross Profit": 42,
        "Operating Income": -27,
        "EBIT": -20,
        "Net Income": -12
    },
    "2017-06-30": {
        "Diluted EPS": -0.24,
        "Total Revenue": 226,
        "Gross Profit": 63,
        "Operating Income": -20,
        "EBIT": -12,
        "Net Income": -13
    },
    "2017-03-31": {
        "Diluted EPS": 0.59,
        "Total Revenue": 532,
        "Gross Profit": 185,
        "Operating Income": 69,
        "EBIT": 76,
        "Net Income": 33
    },
    "2016-12-31": {
        "Diluted EPS": 0.28,
        "Total Revenue": 384,
        "Gross Profit": 118,
        "Operating Income": 33,
        "EBIT": 40,
        "Net Income": 18
    },
    "2016-09-30": {
        "Diluted EPS": -0.22,
        "Total Revenue": 162,
        "Gross Profit": 42,
        "Operating Income": -30,
        "EBIT": -23,
        "Net Income": -13
    },
    "2016-06-30": {
        "Diluted EPS": -0.06,
        "Total Revenue": 218,
        "Gross Profit": 61,
        "Operating Income": -3,
        "EBIT": 4,
        "Net Income": -3
    },
    "2016-03-31": {
        "Diluted EPS": 0.79,
        "Total Revenue": 462,
        "Gross Profit": 183,
        "Operating Income": 96,
        "EBIT": 103,
        "Net Income": 45
    },
    "2015-12-31": {
        "Diluted EPS": 0.19,
        "Total Revenue": 319,
        "Gross Profit": 106,
        "Operating Income": 24,
        "EBIT": 31,
        "Net Income": 11
    },
    "2015-09-30": {
        "Diluted EPS": -0.58,
        "Total Revenue": 167,
        "Gross Profit": 43,
        "Operating Income": -61,
        "EBIT": -54,
        "Net Income": -33
    },
    "2015-06-30": {
        "Diluted EPS": -0.15,
        "Total Revenue": 246,
        "Gross Profit": 60,
        "Operating Income": -10,
        "EBIT": -3,
        "Net Income": -8
    },
    "2015-03-31": {
        "Diluted EPS": 1.08,
        "Total Revenue": 762,
        "Gross Profit": 239,
        "Operating Income": 134,
        "EBIT": 141,
        "Net Income": 62
    },
    "2014-12-31": {
        "Diluted EPS": 0.24,
        "Total Revenue": 499,
        "Gross Profit": 129,
        "Operating Income": 31,
        "EBIT": 37,
        "Net Income": 14
    },
    "2014-09-30": {
        "Diluted EPS": -0.3,
        "Total Revenue": 222,
        "Gross Profit": 38,
        "Operating Income": -40,
        "EBIT": -33,
        "Net Income": -17
    },
    "2014-06-30": {
        "Diluted EPS": -0.17,
        "Total Revenue": 327,
        "Gross Profit": 61,
        "Operating Income": -11,
        "EBIT": -5,
        "Net Income": -10
    },
    "2014-03-31": {
        "Diluted EPS": 0.75,
        "Total Revenue": 892,
        "Gross Profit": 200,
        "Operating Income": 94,
        "EBIT": 99,
        "Net Income": 43
    },
    "2013-12-31": {
        "Diluted EPS": 0.29,
        "Total Revenue": 521,
        "Gross Profit": 109,
        "Operating Income": 37,
        "EBIT": 42,
        "Net Income": 17
    },
    "2013-09-30": {
        "Diluted EPS": -0.13,
        "Total Revenue": 178,
        "Gross Profit": 34,
        "Operating Income": -20,
        "EBIT": -15,
        "Net Income": -8
    },
    "2013-06-30": {
        "Diluted EPS": -0.13,
        "Total Revenue": 263,
        "Gross Profit": 55,
        "Operating Income": -8,
        "EBIT": -3,
        "Net Income": -8
    },
    "2013-03-31": {
        "Diluted EPS": 0.58,
        "Total Revenue": 785,
        "Gross Profit": 162,
        "Operating Income": 75,
        "EBIT": 80,
        "Net Income": 34
    },
    "2012-12-31": {
        "Diluted EPS": 0.15,
        "Total Revenue": 517,
        "Gross Profit": 103,
        "Operating Income": 19,
        "EBIT": 23,
        "Net Income": 9
    },
    "2012-09-30": {
        "Diluted EPS": -0.01,
        "Total Revenue": 174,
        "Gross Profit": 33,
        "Operating Income": -3,
        "EBIT": 2,
        "Net Income": 0
    },
    "2012-06-30": {
        "Diluted EPS": -0.19,
        "Total Revenue": 232,
        "Gross Profit": 47,
        "Operating Income": -20,
        "EBIT": -15,
        "Net Income": -12
    },
    "2012-03-31": {
        "Diluted EPS": 0.55,
        "Total Revenue": 630,
        "Gross Profit": 126,
        "Operating Income": 73,
        "EBIT": 77,
        "Net Income": 34
    },
    "2011-12-31": {
        "Diluted EPS": 0.05,
        "Total Revenue": 461,
        "Gross Profit": 92,
        "Operating Income": 9,
        "EBIT": 12,
        "Net Income": 3
    },
    "2011-09-30": {
        "Diluted EPS": -0.25,
        "Total Revenue": 153,
        "Gross Profit": 30,
        "Operating Income": -36,
        "EBIT": -32,
        "Net Income": -17
    },
    "2011-06-30": {
        "Diluted EPS": -0.27,
        "Total Revenue": 247,
        "Gross Profit": 52,
        "Operating Income": -28,
        "EBIT": -23,
        "Net Income": -18
    },
    "2011-03-31": {
        "Diluted EPS": 0.61,
        "Total Revenue": 732,
        "Gross Profit": 167,
        "Operating Income": 88,
        "EBIT": 93,
        "Net Income": 41
    },
    "2010-12-31": {
        "Diluted EPS": 0.26,
        "Total Revenue": 460,
        "Gross Profit": 105,
        "Operating Income": 44,
        "EBIT": 49,
        "Net Income": 18
    },
    "2010-09-30": {
        "Diluted EPS": -0.11,
        "Total Revenue": 135,
        "Gross Profit": 29,
        "Operating Income": -29,
        "EBIT": -24,
        "Net Income": -8
    },
    "2010-06-30": {
        "Diluted EPS": -0.14,
        "Total Revenue": 177,
        "Gross Profit": 43,
        "Operating Income": -14,
        "EBIT": -9,
        "Net Income": -10
    },
    "2010-03-31": {
        "Diluted EPS": 0.48,
        "Total Revenue": 552,
        "Gross Profit": 148,
        "Operating Income": 75,
        "EBIT": 79,
        "Net Income": 34
    },
    "2009-12-31": {
        "Diluted EPS": 0.15,
        "Total Revenue": 349,
        "Gross Profit": 89,
        "Operating Income": 27,
        "EBIT": 31,
        "Net Income": 11
    },
    "2009-09-30": {
        "Diluted EPS": 0.4,
        "Total Revenue": 116,
        "Gross Profit": 29,
        "Operating Income": -24,
        "EBIT": -20,
        "Net Income": 30
    },
    "2009-06-30": {
        "Diluted EPS": -0.03,
        "Total Revenue": 168,
        "Gross Profit": 45,
        "Operating Income": 1,
        "EBIT": 5,
        "Net Income": -2
    },
    "2009-03-31": {
        "Diluted EPS": 1.17,
        "Total Revenue": 521,
        "Gross Profit": 152,
        "Operating Income": 111,
        "EBIT": 118,
        "Net Income": 88
    },
    "2023-06-30": {
        "Tax Effect Of Unusual Items": NaN,
        "Tax Rate For Calcs": NaN,
        "Normalized EBITDA": NaN,
        "Total Unusual Items": NaN,
        "Total Unusual Items Excluding Goodwill": NaN,
        "Net Income From Continuing Operation Net Minority Interest": NaN,
        "Reconciled Depreciation": NaN,
        "Reconciled Cost Of Revenue": NaN,
        "EBITDA": NaN,
        "EBIT": NaN,
        "Net Interest Income": NaN,
        "Interest Expense": NaN,
        "Normalized Income": NaN,
        "Net Income From Continuing And Discontinued Operation": NaN,
        "Total Expenses": NaN,
        "Total Operating Income As Reported": NaN,
        "Diluted Average Shares": 35603000.0,
        "Basic Average Shares": 35603000.0,
        "Diluted EPS": -0.67,
        "Basic EPS": -0.67,
        "Diluted NI Availto Com Stockholders": NaN,
        "Net Income Common Stockholders": NaN,
        "Preferred Stock Dividends": NaN,
        "Net Income": NaN,
        "Net Income Including Noncontrolling Interests": NaN,
        "Net Income Continuous Operations": NaN,
        "Tax Provision": NaN,
        "Pretax Income": NaN,
        "Other Income Expense": NaN,
        "Gain On Sale Of Security": NaN,
        "Net Non Operating Interest Income Expense": NaN,
        "Total Other Finance Cost": NaN,
        "Interest Expense Non Operating": NaN,
        "Operating Income": NaN,
        "Operating Expense": NaN,
        "Other Operating Expenses": NaN,
        "Selling General And Administration": NaN,
        "General And Administrative Expense": NaN,
        "Other Gand A": NaN,
        "Gross Profit": NaN,
        "Cost Of Revenue": NaN,
        "Total Revenue": NaN,
        "Operating Revenue": NaN
    },
    "2023-09-30": {
        "Tax Effect Of Unusual Items": 4343322.379733,
        "Tax Rate For Calcs": 0.24615,
        "Normalized EBITDA": -31431000.0,
        "Total Unusual Items": 17645000.0,
        "Total Unusual Items Excluding Goodwill": 17645000.0,
        "Net Income From Continuing Operation Net Minority Interest": -19729000.0,
        "Reconciled Depreciation": 9455000.0,
        "Reconciled Cost Of Revenue": 225407000.0,
        "EBITDA": -13786000.0,
        "EBIT": -23241000.0,
        "Net Interest Income": -2524000.0,
        "Interest Expense": 2930000.0,
        "Normalized Income": -33030677.620267,
        "Net Income From Continuing And Discontinued Operation": -19729000.0,
        "Total Expenses": 308229000.0,
        "Total Operating Income As Reported": -22989000.0,
        "Diluted Average Shares": NaN,
        "Basic Average Shares": NaN,
        "Diluted EPS": NaN,
        "Basic EPS": NaN,
        "Diluted NI Availto Com Stockholders": -19729000.0,
        "Net Income Common Stockholders": -19729000.0,
        "Preferred Stock Dividends": -180000.0,
        "Net Income": -19729000.0,
        "Net Income Including Noncontrolling Interests": -19729000.0,
        "Net Income Continuous Operations": -19729000.0,
        "Tax Provision": -6442000.0,
        "Pretax Income": -26171000.0,
        "Other Income Expense": 17645000.0,
        "Gain On Sale Of Security": 17645000.0,
        "Net Non Operating Interest Income Expense": -2524000.0,
        "Total Other Finance Cost": -406000.0,
        "Interest Expense Non Operating": 2930000.0,
        "Operating Income": -41292000.0,
        "Operating Expense": 82822000.0,
        "Other Operating Expenses": 76661000.0,
        "Selling General And Administration": 6161000.0,
        "General And Administrative Expense": 6161000.0,
        "Other Gand A": 6161000.0,
        "Gross Profit": 41530000.0,
        "Cost Of Revenue": 225407000.0,
        "Total Revenue": 266937000.0,
        "Operating Revenue": 266937000.0
    },
    "2023-12-31": {
        "Tax Effect Of Unusual Items": -5423964.083072,
        "Tax Rate For Calcs": 0.285022,
        "Normalized EBITDA": 49037000.0,
        "Total Unusual Items": -19030000.0,
        "Total Unusual Items Excluding Goodwill": -19030000.0,
        "Net Income From Continuing Operation Net Minority Interest": 11391000.0,
        "Reconciled Depreciation": 8636000.0,
        "Reconciled Cost Of Revenue": 386831000.0,
        "EBITDA": 30007000.0,
        "EBIT": 21371000.0,
        "Net Interest Income": -2697000.0,
        "Interest Expense": 3218000.0,
        "Normalized Income": 24997035.916928,
        "Net Income From Continuing And Discontinued Operation": 11391000.0,
        "Total Expenses": 488216000.0,
        "Total Operating Income As Reported": 21621000.0,
        "Diluted Average Shares": 35593000.0,
        "Basic Average Shares": 35593000.0,
        "Diluted EPS": 0.32,
        "Basic EPS": 0.32,
        "Diluted NI Availto Com Stockholders": 11273000.0,
        "Net Income Common Stockholders": 11273000.0,
        "Preferred Stock Dividends": 118000.0,
        "Net Income": 11391000.0,
        "Net Income Including Noncontrolling Interests": 12979000.0,
        "Net Income Continuous Operations": 12979000.0,
        "Tax Provision": 5174000.0,
        "Pretax Income": 18153000.0,
        "Other Income Expense": -19030000.0,
        "Gain On Sale Of Security": -19030000.0,
        "Net Non Operating Interest Income Expense": -2697000.0,
        "Total Other Finance Cost": -521000.0,
        "Interest Expense Non Operating": 3218000.0,
        "Operating Income": 39880000.0,
        "Operating Expense": 101385000.0,
        "Other Operating Expenses": 94364000.0,
        "Selling General And Administration": 7021000.0,
        "General And Administrative Expense": 7021000.0,
        "Other Gand A": 7021000.0,
        "Gross Profit": 141265000.0,
        "Cost Of Revenue": 386831000.0,
        "Total Revenue": 528096000.0,
        "Operating Revenue": 528096000.0
    },
    "2024-03-31": {
        "Tax Effect Of Unusual Items": 3408080.0,
        "Tax Rate For Calcs": 0.29,
        "Normalized EBITDA": 96327000.0,
        "Total Unusual Items": 11752000.0,
        "Total Unusual Items Excluding Goodwill": 11752000.0,
        "Net Income From Continuing Operation Net Minority Interest": 56210000.0,
        "Reconciled Depreciation": 7997000.0,
        "Reconciled Cost Of Revenue": 467734000.0,
        "EBITDA": 108079000.0,
        "EBIT": 100082000.0,
        "Net Interest Income": -2834000.0,
        "Interest Expense": 3838000.0,
        "Normalized Income": 47866080.0,
        "Net Income From Continuing And Discontinued Operation": 56210000.0,
        "Total Expenses": 578706000.0,
        "Total Operating Income As Reported": 100331000.0,
        "Diluted Average Shares": 35549000.0,
        "Basic Average Shares": 35549000.0,
        "Diluted EPS": 1.56,
        "Basic EPS": 1.56,
        "Diluted NI Availto Com Stockholders": 55590000.0,
        "Net Income Common Stockholders": 55590000.0,
        "Preferred Stock Dividends": 620000.0,
        "Net Income": 56210000.0,
        "Net Income Including Noncontrolling Interests": 68374000.0,
        "Net Income Continuous Operations": 68374000.0,
        "Tax Provision": 27870000.0,
        "Pretax Income": 96244000.0,
        "Other Income Expense": 11752000.0,
        "Gain On Sale Of Security": 11752000.0,
        "Net Non Operating Interest Income Expense": -2834000.0,
        "Total Other Finance Cost": -1004000.0,
        "Interest Expense Non Operating": 3838000.0,
        "Operating Income": 87326000.0,
        "Operating Expense": 110972000.0,
        "Other Operating Expenses": 104085000.0,
        "Selling General And Administration": 6887000.0,
        "General And Administrative Expense": 6887000.0,
        "Other Gand A": 6887000.0,
        "Gross Profit": 198298000.0,
        "Cost Of Revenue": 467734000.0,
        "Total Revenue": 666032000.0,
        "Operating Revenue": 666032000.0
    },
    "2024-06-30": {
        "Tax Effect Of Unusual Items": -269093.349122,
        "Tax Rate For Calcs": 0.273469,
        "Normalized EBITDA": -4064000.0,
        "Total Unusual Items": -984000.0,
        "Total Unusual Items Excluding Goodwill": -984000.0,
        "Net Income From Continuing Operation Net Minority Interest": -11044000.0,
        "Reconciled Depreciation": 7490000.0,
        "Reconciled Cost Of Revenue": 250636000.0,
        "EBITDA": -5048000.0,
        "EBIT": -12538000.0,
        "Net Interest Income": -1258000.0,
        "Interest Expense": 2663000.0,
        "Normalized Income": -10329093.349122,
        "Net Income From Continuing And Discontinued Operation": -11044000.0,
        "Total Expenses": 344599000.0,
        "Total Operating Income As Reported": -12291000.0,
        "Diluted Average Shares": 35274000.0,
        "Basic Average Shares": 35274000.0,
        "Diluted EPS": -0.31,
        "Basic EPS": -0.31,
        "Diluted NI Availto Com Stockholders": -10943000.0,
        "Net Income Common Stockholders": -10943000.0,
        "Preferred Stock Dividends": -101000.0,
        "Net Income": -11044000.0,
        "Net Income Including Noncontrolling Interests": -11044000.0,
        "Net Income Continuous Operations": -11044000.0,
        "Tax Provision": -4157000.0,
        "Pretax Income": -15201000.0,
        "Other Income Expense": -984000.0,
        "Gain On Sale Of Security": -984000.0,
        "Net Non Operating Interest Income Expense": -1258000.0,
        "Total Other Finance Cost": -1405000.0,
        "Interest Expense Non Operating": 2663000.0,
        "Operating Income": -12959000.0,
        "Operating Expense": 93963000.0,
        "Other Operating Expenses": 86540000.0,
        "Selling General And Administration": 7423000.0,
        "General And Administrative Expense": 7423000.0,
        "Other Gand A": 7423000.0,
        "Gross Profit": 81004000.0,
        "Cost Of Revenue": 250636000.0,
        "Total Revenue": 331640000.0,
        "Operating Revenue": 331640000.0
    },
    "2024-09-30": {
        "Tax Effect Of Unusual Items": -3303983.570949,
        "Tax Rate For Calcs": 0.307176,
        "Normalized EBITDA": -29686000.0,
        "Total Unusual Items": -10756000.0,
        "Total Unusual Items Excluding Goodwill": -10756000.0,
        "Net Income From Continuing Operation Net Minority Interest": -27485000.0,
        "Reconciled Depreciation": 8359000.0,
        "Reconciled Cost Of Revenue": 190568000.0,
        "EBITDA": -40442000.0,
        "EBIT": -48801000.0,
        "Net Interest Income": -1183000.0,
        "Interest Expense": 1841000.0,
        "Normalized Income": -20032983.570949,
        "Net Income From Continuing And Discontinued Operation": -27485000.0,
        "Total Expenses": 279034000.0,
        "Total Operating Income As Reported": -48559000.0,
        "Diluted Average Shares": NaN,
        "Basic Average Shares": NaN,
        "Diluted EPS": NaN,
        "Basic EPS": NaN,
        "Diluted NI Availto Com Stockholders": -27159000.0,
        "Net Income Common Stockholders": -27159000.0,
        "Preferred Stock Dividends": -326000.0,
        "Net Income": -27485000.0,
        "Net Income Including Noncontrolling Interests": -35086000.0,
        "Net Income Continuous Operations": -35086000.0,
        "Tax Provision": -15556000.0,
        "Pretax Income": -50642000.0,
        "Other Income Expense": -10756000.0,
        "Gain On Sale Of Security": -10756000.0,
        "Net Non Operating Interest Income Expense": -1183000.0,
        "Total Other Finance Cost": -658000.0,
        "Interest Expense Non Operating": 1841000.0,
        "Operating Income": -38703000.0,
        "Operating Expense": 88466000.0,
        "Other Operating Expenses": 81392000.0,
        "Selling General And Administration": 7074000.0,
        "General And Administrative Expense": 7074000.0,
        "Other Gand A": 7074000.0,
        "Gross Profit": 49763000.0,
        "Cost Of Revenue": 190568000.0,
        "Total Revenue": 240331000.0,
        "Operating Revenue": 240331000.0
    }
}