{
    "2023-03-31": {
        "Tax Effect Of Unusual Items": -151620.0,
        "Tax Rate For Calcs": 0.21,
        "Normalized EBITDA": 22131000.0,
        "Total Unusual Items": -722000.0,
        "Total Unusual Items Excluding Goodwill": -722000.0,
        "Net Income From Continuing Operation Net Minority Interest": -1534000.0,
        "Reconciled Depreciation": 21761000.0,
        "Reconciled Cost Of Revenue": 145597000.0,
        "EBITDA": 21409000.0,
        "EBIT": -352000.0,
        "Net Interest Income": -403000.0,
        "Interest Expense": 403000.0,
        "Normalized Income": -963620.0,
        "Net Income From Continuing And Discontinued Operation": -1534000.0,
        "Total Expenses": 255745000.0,
        "Rent Expense Supplemental": 18583000.0,
        "Total Operating Income As Reported": -3189000.0,
        "Diluted Average Shares": 39332000.0,
        "Basic Average Shares": 39332000.0,
        "Diluted EPS": -0.04,
        "Basic EPS": -0.04,
        "Diluted NI Availto Com Stockholders": -1534000.0,
        "Average Dilution Earnings": NaN,
        "Net Income Common Stockholders": -1534000.0,
        "Net Income": -1534000.0,
        "Minority Interests": 88000.0,
        "Net Income Including Noncontrolling Interests": -1622000.0,
        "Net Income Continuous Operations": -1622000.0,
        "Tax Provision": 867000.0,
        "Pretax Income": -755000.0,
        "Other Income Expense": 2115000.0,
        "Other Non Operating Income Expenses": 2837000.0,
        "Special Income Charges": -722000.0,
        "Other Special Charges": 3557000.0,
        "Impairment Of Capital Assets": 722000.0,
        "Net Non Operating Interest Income Expense": -403000.0,
        "Interest Expense Non Operating": 403000.0,
        "Operating Income": -2467000.0,
        "Operating Expense": 109709000.0,
        "Other Operating Expenses": 38493000.0,
        "Depreciation Amortization Depletion Income Statement": 21322000.0,
        "Depreciation And Amortization In Income Statement": 21322000.0,
        "Selling General And Administration": 49894000.0,
        "General And Administrative Expense": 49894000.0,
        "Other Gand A": 31311000.0,
        "Rent And Landing Fees": 18583000.0,
        "Gross Profit": 107242000.0,
        "Cost Of Revenue": 146036000.0,
        "Total Revenue": 253278000.0,
        "Operating Revenue": 253278000.0
    },
    "2022-12-31": {
        "Tax Effect Of Unusual Items": NaN,
        "Tax Rate For Calcs": NaN,
        "Normalized EBITDA": NaN,
        "Total Unusual Items": NaN,
        "Total Unusual Items Excluding Goodwill": NaN,
        "Net Income From Continuing Operation Net Minority Interest": NaN,
        "Reconciled Depreciation": NaN,
        "Reconciled Cost Of Revenue": NaN,
        "EBITDA": NaN,
        "EBIT": NaN,
        "Net Interest Income": NaN,
        "Interest Expense": NaN,
        "Normalized Income": NaN,
        "Net Income From Continuing And Discontinued Operation": NaN,
        "Total Expenses": NaN,
        "Rent Expense Supplemental": NaN,
        "Total Operating Income As Reported": NaN,
        "Diluted Average Shares": NaN,
        "Basic Average Shares": NaN,
        "Diluted EPS": NaN,
        "Basic EPS": NaN,
        "Diluted NI Availto Com Stockholders": NaN,
        "Average Dilution Earnings": NaN,
        "Net Income Common Stockholders": NaN,
        "Net Income": NaN,
        "Minority Interests": NaN,
        "Net Income Including Noncontrolling Interests": NaN,
        "Net Income Continuous Operations": NaN,
        "Tax Provision": NaN,
        "Pretax Income": NaN,
        "Other Income Expense": NaN,
        "Other Non Operating Income Expenses": NaN,
        "Special Income Charges": NaN,
        "Other Special Charges": 6474000.0,
        "Impairment Of Capital Assets": NaN,
        "Net Non Operating Interest Income Expense": NaN,
        "Interest Expense Non Operating": NaN,
        "Operating Income": NaN,
        "Operating Expense": NaN,
        "Other Operating Expenses": NaN,
        "Depreciation Amortization Depletion Income Statement": NaN,
        "Depreciation And Amortization In Income Statement": NaN,
        "Selling General And Administration": NaN,
        "General And Administrative Expense": NaN,
        "Other Gand A": NaN,
        "Rent And Landing Fees": NaN,
        "Gross Profit": NaN,
        "Cost Of Revenue": NaN,
        "Total Revenue": NaN,
        "Operating Revenue": NaN
    },
    "2022-09-30": {
        "Tax Effect Of Unusual Items": NaN,
        "Tax Rate For Calcs": NaN,
        "Normalized EBITDA": NaN,
        "Total Unusual Items": NaN,
        "Total Unusual Items Excluding Goodwill": NaN,
        "Net Income From Continuing Operation Net Minority Interest": NaN,
        "Reconciled Depreciation": NaN,
        "Reconciled Cost Of Revenue": NaN,
        "EBITDA": NaN,
        "EBIT": NaN,
        "Net Interest Income": NaN,
        "Interest Expense": NaN,
        "Normalized Income": NaN,
        "Net Income From Continuing And Discontinued Operation": NaN,
        "Total Expenses": NaN,
        "Rent Expense Supplemental": NaN,
        "Total Operating Income As Reported": NaN,
        "Diluted Average Shares": NaN,
        "Basic Average Shares": NaN,
        "Diluted EPS": NaN,
        "Basic EPS": NaN,
        "Diluted NI Availto Com Stockholders": NaN,
        "Average Dilution Earnings": 0.0,
        "Net Income Common Stockholders": NaN,
        "Net Income": NaN,
        "Minority Interests": NaN,
        "Net Income Including Noncontrolling Interests": NaN,
        "Net Income Continuous Operations": NaN,
        "Tax Provision": NaN,
        "Pretax Income": NaN,
        "Other Income Expense": NaN,
        "Other Non Operating Income Expenses": NaN,
        "Special Income Charges": NaN,
        "Other Special Charges": NaN,
        "Impairment Of Capital Assets": NaN,
        "Net Non Operating Interest Income Expense": NaN,
        "Interest Expense Non Operating": NaN,
        "Operating Income": NaN,
        "Operating Expense": NaN,
        "Other Operating Expenses": NaN,
        "Depreciation Amortization Depletion Income Statement": NaN,
        "Depreciation And Amortization In Income Statement": NaN,
        "Selling General And Administration": NaN,
        "General And Administrative Expense": NaN,
        "Other Gand A": NaN,
        "Rent And Landing Fees": NaN,
        "Gross Profit": NaN,
        "Cost Of Revenue": NaN,
        "Total Revenue": NaN,
        "Operating Revenue": NaN
    },
    "2022-06-30": {
        "Tax Effect Of Unusual Items": -211200.0,
        "Tax Rate For Calcs": 0.4,
        "Normalized EBITDA": 18334000.0,
        "Total Unusual Items": -528000.0,
        "Total Unusual Items Excluding Goodwill": -528000.0,
        "Net Income From Continuing Operation Net Minority Interest": -1188000.0,
        "Reconciled Depreciation": 18087000.0,
        "Reconciled Cost Of Revenue": 131838000.0,
        "EBITDA": 17806000.0,
        "EBIT": -281000.0,
        "Net Interest Income": -315000.0,
        "Interest Expense": 315000.0,
        "Normalized Income": -871200.0,
        "Net Income From Continuing And Discontinued Operation": -1188000.0,
        "Total Expenses": 231043000.0,
        "Rent Expense Supplemental": 16657000.0,
        "Total Operating Income As Reported": -819000.0,
        "Diluted Average Shares": 39227000.0,
        "Basic Average Shares": 39227000.0,
        "Diluted EPS": -0.03,
        "Basic EPS": -0.03,
        "Diluted NI Availto Com Stockholders": -1188000.0,
        "Average Dilution Earnings": 0.0,
        "Net Income Common Stockholders": -1188000.0,
        "Net Income": -1188000.0,
        "Minority Interests": 115000.0,
        "Net Income Including Noncontrolling Interests": -1303000.0,
        "Net Income Continuous Operations": -1303000.0,
        "Tax Provision": 707000.0,
        "Pretax Income": -596000.0,
        "Other Income Expense": 10000.0,
        "Other Non Operating Income Expenses": 538000.0,
        "Special Income Charges": -528000.0,
        "Impairment Of Capital Assets": 528000.0,
        "Net Non Operating Interest Income Expense": -315000.0,
        "Interest Expense Non Operating": 315000.0,
        "Operating Income": -291000.0,
        "Operating Expense": 99205000.0,
        "Other Operating Expenses": 35386000.0,
        "Depreciation Amortization Depletion Income Statement": 18087000.0,
        "Depreciation And Amortization In Income Statement": 18087000.0,
        "Selling General And Administration": 45732000.0,
        "General And Administrative Expense": 45732000.0,
        "Other Gand A": 29075000.0,
        "Rent And Landing Fees": 16657000.0,
        "Gross Profit": 98914000.0,
        "Cost Of Revenue": 131838000.0,
        "Total Revenue": 230752000.0,
        "Operating Revenue": 230752000.0
    },
    "2023-06-30": {
        "Tax Effect Of Unusual Items": -296164.729194,
        "Tax Rate For Calcs": 0.045839,
        "Normalized EBITDA": 37129000.0,
        "Total Unusual Items": -6461000.0,
        "Total Unusual Items Excluding Goodwill": -6461000.0,
        "Net Income From Continuing Operation Net Minority Interest": 6948000.0,
        "Reconciled Depreciation": 22693000.0,
        "Reconciled Cost Of Revenue": 150517000.0,
        "EBITDA": 30668000.0,
        "EBIT": 7975000.0,
        "Net Interest Income": -405000.0,
        "Interest Expense": 405000.0,
        "Normalized Income": 13112835.270806,
        "Net Income From Continuing And Discontinued Operation": 6948000.0,
        "Total Expenses": 260596000.0,
        "Rent Expense Supplemental": 19801000.0,
        "Total Operating Income As Reported": 4748000.0,
        "Diluted Average Shares": 43886000.0,
        "Basic Average Shares": 39416000.0,
        "Diluted EPS": 0.16,
        "Basic EPS": 0.18,
        "Diluted NI Availto Com Stockholders": 6948000.0,
        "Average Dilution Earnings": NaN,
        "Net Income Common Stockholders": 6948000.0,
        "Net Income": 6948000.0,
        "Minority Interests": -275000.0,
        "Net Income Including Noncontrolling Interests": 7223000.0,
        "Net Income Continuous Operations": 7223000.0,
        "Tax Provision": 347000.0,
        "Pretax Income": 7570000.0,
        "Other Income Expense": -3234000.0,
        "Other Non Operating Income Expenses": 3227000.0,
        "Special Income Charges": -6461000.0,
        "Other Special Charges": 5577000.0,
        "Impairment Of Capital Assets": 884000.0,
        "Net Non Operating Interest Income Expense": -405000.0,
        "Interest Expense Non Operating": 405000.0,
        "Operating Income": 11209000.0,
        "Operating Expense": 109638000.0,
        "Other Operating Expenses": 36109000.0,
        "Depreciation Amortization Depletion Income Statement": 22252000.0,
        "Depreciation And Amortization In Income Statement": 22252000.0,
        "Selling General And Administration": 51277000.0,
        "General And Administrative Expense": 51277000.0,
        "Other Gand A": 31476000.0,
        "Rent And Landing Fees": 19801000.0,
        "Gross Profit": 120847000.0,
        "Cost Of Revenue": 150958000.0,
        "Total Revenue": 271805000.0,
        "Operating Revenue": 271805000.0
    },
    "2022-03-31": {
        "Diluted EPS": -0.26,
        "Total Revenue": 203,
        "Gross Profit": 37,
        "Operating Income": -15,
        "EBIT": 3,
        "Net Income": -10
    },
    "2021-12-31": {
        "Diluted EPS": -0.22,
        "Total Revenue": 203,
        "Gross Profit": 40,
        "Operating Income": -6,
        "EBIT": 10,
        "Net Income": -10
    },
    "2021-09-30": {
        "Diluted EPS": -0.06,
        "Total Revenue": 194,
        "Gross Profit": 37,
        "Operating Income": -3,
        "EBIT": 13,
        "Net Income": -2
    },
    "2021-06-30": {
        "Diluted EPS": 0.05,
        "Total Revenue": 187,
        "Gross Profit": 41,
        "Operating Income": 3,
        "EBIT": 18,
        "Net Income": 2
    },
    "2021-03-31": {
        "Diluted EPS": 0.01,
        "Total Revenue": 155,
        "Gross Profit": 27,
        "Operating Income": -10,
        "EBIT": 4,
        "Net Income": 1
    },
    "2020-12-31": {
        "Diluted EPS": -0.53,
        "Total Revenue": 158,
        "Gross Profit": 29,
        "Operating Income": -12,
        "EBIT": 1,
        "Net Income": -19
    },
    "2020-09-30": {
        "Diluted EPS": -0.15,
        "Total Revenue": 130,
        "Gross Profit": 23,
        "Operating Income": -7,
        "EBIT": 6,
        "Net Income": -6
    },
    "2020-06-30": {
        "Diluted EPS": -0.43,
        "Total Revenue": 92,
        "Gross Profit": 4,
        "Operating Income": -24,
        "EBIT": -12,
        "Net Income": -16
    },
    "2020-03-31": {
        "Diluted EPS": -0.03,
        "Total Revenue": 143,
        "Gross Profit": 32,
        "Operating Income": -1,
        "EBIT": 11,
        "Net Income": -1
    },
    "2019-12-31": {
        "Diluted EPS": -0.07,
        "Total Revenue": 151,
        "Gross Profit": 35,
        "Operating Income": 0,
        "EBIT": 12,
        "Net Income": -2
    },
    "2019-09-30": {
        "Diluted EPS": 0.31,
        "Total Revenue": 158,
        "Gross Profit": 41,
        "Operating Income": 8,
        "EBIT": 19,
        "Net Income": 10
    },
    "2019-06-30": {
        "Diluted EPS": 0.29,
        "Total Revenue": 153,
        "Gross Profit": 41,
        "Operating Income": 12,
        "EBIT": 22,
        "Net Income": 9
    },
    "2019-03-31": {
        "Diluted EPS": 0.08,
        "Total Revenue": 133,
        "Gross Profit": 31,
        "Operating Income": 5,
        "EBIT": 14,
        "Net Income": 3
    },
    "2018-12-31": {
        "Diluted EPS": -0.04,
        "Total Revenue": 124,
        "Gross Profit": 31,
        "Operating Income": 3,
        "EBIT": 11,
        "Net Income": -1
    },
    "2018-09-30": {
        "Diluted EPS": 0.17,
        "Total Revenue": 120,
        "Gross Profit": 34,
        "Operating Income": 9,
        "EBIT": 17,
        "Net Income": 5
    },
    "2018-06-30": {
        "Diluted EPS": 0.26,
        "Total Revenue": 116,
        "Gross Profit": 35,
        "Operating Income": 13,
        "EBIT": 20,
        "Net Income": 8
    },
    "2018-03-31": {
        "Diluted EPS": 0.13,
        "Total Revenue": 99,
        "Gross Profit": 27,
        "Operating Income": 7,
        "EBIT": 13,
        "Net Income": 4
    },
    "2017-12-31": {
        "Diluted EPS": -0.48,
        "Total Revenue": 96,
        "Gross Profit": 27,
        "Operating Income": 6,
        "EBIT": 12,
        "Net Income": -12
    },
    "2017-09-30": {
        "Diluted EPS": 0.19,
        "Total Revenue": 95,
        "Gross Profit": 28,
        "Operating Income": 11,
        "EBIT": 16,
        "Net Income": 5
    },
    "2017-06-30": {
        "Diluted EPS": 0.19,
        "Total Revenue": 91,
        "Gross Profit": 29,
        "Operating Income": 12,
        "EBIT": 17,
        "Net Income": 5
    },
    "2017-03-31": {
        "Diluted EPS": 0.09,
        "Total Revenue": 77,
        "Gross Profit": 21,
        "Operating Income": 6,
        "EBIT": 10,
        "Net Income": 2
    },
    "2016-12-31": {
        "Diluted EPS": 0.17,
        "Total Revenue": 73,
        "Gross Profit": 20,
        "Operating Income": 5,
        "EBIT": 9,
        "Net Income": 4
    },
    "2016-09-30": {
        "Diluted EPS": 0.15,
        "Total Revenue": 75,
        "Gross Profit": 23,
        "Operating Income": 9,
        "EBIT": 13,
        "Net Income": 4
    },
    "2016-06-30": {
        "Diluted EPS": 0.14,
        "Total Revenue": 66,
        "Gross Profit": 22,
        "Operating Income": 9,
        "EBIT": 12,
        "Net Income": 3
    },
    "2016-03-31": {
        "Diluted EPS": 0.07,
        "Total Revenue": 54,
        "Gross Profit": 17,
        "Operating Income": 5,
        "EBIT": 8,
        "Net Income": 1
    },
    "2015-12-31": {
        "Diluted EPS": 0.23,
        "Total Revenue": 51,
        "Gross Profit": 16,
        "Operating Income": 4,
        "EBIT": 7,
        "Net Income": 1
    },
    "2015-09-30": {
        "Diluted EPS": 0.1,
        "Total Revenue": 53,
        "Gross Profit": 18,
        "Operating Income": 8,
        "EBIT": 10,
        "Net Income": 2
    },
    "2015-06-30": {
        "Diluted EPS": 0.08,
        "Total Revenue": 48,
        "Gross Profit": 16,
        "Operating Income": 6,
        "EBIT": 9,
        "Net Income": 1
    },
    "2015-03-31": {
        "Diluted EPS": -1.06,
        "Total Revenue": 38,
        "Gross Profit": 11,
        "Operating Income": -11,
        "EBIT": -9,
        "Net Income": -13
    },
    "2014-12-31": {
        "Diluted EPS": -0.05,
        "Total Revenue": 35,
        "Gross Profit": 9,
        "Operating Income": -1,
        "EBIT": 1,
        "Net Income": -1
    },
    "2014-09-30": {
        "Diluted EPS": 0.02,
        "Total Revenue": 32,
        "Gross Profit": 9,
        "Operating Income": 1,
        "EBIT": 2,
        "Net Income": 1
    },
    "2014-06-30": {
        "Diluted EPS": 0.06,
        "Total Revenue": 28,
        "Gross Profit": 8,
        "Operating Income": 2,
        "EBIT": 3,
        "Net Income": 2
    },
    "2014-03-31": {
        "Diluted EPS": 0.04,
        "Total Revenue": 24,
        "Gross Profit": 7,
        "Operating Income": 1,
        "EBIT": 2,
        "Net Income": 1
    },
    "2013-12-31": {
        "Diluted EPS": 0.0,
        "Total Revenue": NaN,
        "Gross Profit": NaN,
        "Operating Income": NaN,
        "EBIT": NaN,
        "Net Income": NaN
    },
    "2012-12-31": {
        "Diluted EPS": 0.0,
        "Total Revenue": NaN,
        "Gross Profit": NaN,
        "Operating Income": NaN,
        "EBIT": NaN,
        "Net Income": NaN
    },
    "2023-09-30": {
        "Tax Effect Of Unusual Items": NaN,
        "Tax Rate For Calcs": NaN,
        "Normalized EBITDA": NaN,
        "Total Unusual Items": NaN,
        "Total Unusual Items Excluding Goodwill": NaN,
        "Net Income From Continuing Operation Net Minority Interest": NaN,
        "Reconciled Depreciation": NaN,
        "Reconciled Cost Of Revenue": NaN,
        "EBITDA": NaN,
        "EBIT": NaN,
        "Net Interest Income": NaN,
        "Interest Expense": NaN,
        "Normalized Income": NaN,
        "Net Income From Continuing And Discontinued Operation": NaN,
        "Total Expenses": NaN,
        "Rent Expense Supplemental": NaN,
        "Total Operating Income As Reported": NaN,
        "Diluted Average Shares": NaN,
        "Basic Average Shares": NaN,
        "Diluted EPS": NaN,
        "Basic EPS": NaN,
        "Diluted NI Availto Com Stockholders": NaN,
        "Average Dilution Earnings": 509000.0,
        "Net Income Common Stockholders": NaN,
        "Net Income": NaN,
        "Minority Interests": NaN,
        "Net Income Including Noncontrolling Interests": NaN,
        "Net Income Continuous Operations": NaN,
        "Tax Provision": NaN,
        "Pretax Income": NaN,
        "Other Income Expense": NaN,
        "Other Non Operating Income Expenses": NaN,
        "Special Income Charges": NaN,
        "Other Special Charges": NaN,
        "Impairment Of Capital Assets": NaN,
        "Net Non Operating Interest Income Expense": NaN,
        "Interest Expense Non Operating": NaN,
        "Operating Income": NaN,
        "Operating Expense": NaN,
        "Other Operating Expenses": NaN,
        "Depreciation Amortization Depletion Income Statement": NaN,
        "Depreciation And Amortization In Income Statement": NaN,
        "Selling General And Administration": NaN,
        "General And Administrative Expense": NaN,
        "Other Gand A": NaN,
        "Rent And Landing Fees": NaN,
        "Gross Profit": NaN,
        "Cost Of Revenue": NaN,
        "Total Revenue": NaN,
        "Operating Revenue": NaN
    },
    "2023-12-31": {
        "Tax Effect Of Unusual Items": -1267770.0,
        "Tax Rate For Calcs": 0.21,
        "Normalized EBITDA": 33029000.0,
        "Total Unusual Items": -6037000.0,
        "Total Unusual Items Excluding Goodwill": -6037000.0,
        "Net Income From Continuing Operation Net Minority Interest": 7223000.0,
        "Reconciled Depreciation": 25016000.0,
        "Reconciled Cost Of Revenue": 158410000.0,
        "EBITDA": 26992000.0,
        "EBIT": 1976000.0,
        "Net Interest Income": -476000.0,
        "Interest Expense": 476000.0,
        "Normalized Income": 11992230.0,
        "Net Income From Continuing And Discontinued Operation": 7223000.0,
        "Total Expenses": 281501000.0,
        "Rent Expense Supplemental": 21162000.0,
        "Total Operating Income As Reported": -1295000.0,
        "Diluted Average Shares": 43944000.0,
        "Basic Average Shares": 39470000.0,
        "Diluted EPS": 0.15,
        "Basic EPS": 0.17,
        "Diluted NI Availto Com Stockholders": 6527000.0,
        "Average Dilution Earnings": NaN,
        "Net Income Common Stockholders": 7223000.0,
        "Net Income": 7223000.0,
        "Minority Interests": -30000.0,
        "Net Income Including Noncontrolling Interests": 7253000.0,
        "Net Income Continuous Operations": 7253000.0,
        "Tax Provision": -5753000.0,
        "Pretax Income": 1500000.0,
        "Other Income Expense": -2766000.0,
        "Other Non Operating Income Expenses": 3271000.0,
        "Special Income Charges": -6037000.0,
        "Other Special Charges": 5128000.0,
        "Impairment Of Capital Assets": 909000.0,
        "Net Non Operating Interest Income Expense": -476000.0,
        "Interest Expense Non Operating": 476000.0,
        "Operating Income": 4742000.0,
        "Operating Expense": 122613000.0,
        "Other Operating Expenses": 41097000.0,
        "Depreciation Amortization Depletion Income Statement": 24538000.0,
        "Depreciation And Amortization In Income Statement": 24538000.0,
        "Selling General And Administration": 56978000.0,
        "General And Administrative Expense": 56978000.0,
        "Other Gand A": 35816000.0,
        "Rent And Landing Fees": 21162000.0,
        "Gross Profit": 127355000.0,
        "Cost Of Revenue": 158888000.0,
        "Total Revenue": 286243000.0,
        "Operating Revenue": 286243000.0
    },
    "2024-03-31": {
        "Tax Effect Of Unusual Items": NaN,
        "Tax Rate For Calcs": NaN,
        "Normalized EBITDA": NaN,
        "Total Unusual Items": NaN,
        "Total Unusual Items Excluding Goodwill": NaN,
        "Net Income From Continuing Operation Net Minority Interest": NaN,
        "Reconciled Depreciation": NaN,
        "Reconciled Cost Of Revenue": NaN,
        "EBITDA": NaN,
        "EBIT": NaN,
        "Net Interest Income": NaN,
        "Interest Expense": NaN,
        "Normalized Income": NaN,
        "Net Income From Continuing And Discontinued Operation": NaN,
        "Total Expenses": NaN,
        "Rent Expense Supplemental": NaN,
        "Total Operating Income As Reported": NaN,
        "Diluted Average Shares": 41259000.0,
        "Basic Average Shares": 39515000.0,
        "Diluted EPS": 0.05,
        "Basic EPS": 0.05,
        "Diluted NI Availto Com Stockholders": NaN,
        "Average Dilution Earnings": NaN,
        "Net Income Common Stockholders": NaN,
        "Net Income": NaN,
        "Minority Interests": NaN,
        "Net Income Including Noncontrolling Interests": NaN,
        "Net Income Continuous Operations": NaN,
        "Tax Provision": NaN,
        "Pretax Income": NaN,
        "Other Income Expense": NaN,
        "Other Non Operating Income Expenses": NaN,
        "Special Income Charges": NaN,
        "Other Special Charges": NaN,
        "Impairment Of Capital Assets": NaN,
        "Net Non Operating Interest Income Expense": NaN,
        "Interest Expense Non Operating": NaN,
        "Operating Income": NaN,
        "Operating Expense": NaN,
        "Other Operating Expenses": NaN,
        "Depreciation Amortization Depletion Income Statement": NaN,
        "Depreciation And Amortization In Income Statement": NaN,
        "Selling General And Administration": NaN,
        "General And Administrative Expense": NaN,
        "Other Gand A": NaN,
        "Rent And Landing Fees": NaN,
        "Gross Profit": NaN,
        "Cost Of Revenue": NaN,
        "Total Revenue": NaN,
        "Operating Revenue": NaN
    },
    "2024-06-30": {
        "Tax Effect Of Unusual Items": -1183806.0,
        "Tax Rate For Calcs": 0.234,
        "Normalized EBITDA": 45167000.0,
        "Total Unusual Items": -5059000.0,
        "Total Unusual Items Excluding Goodwill": -5059000.0,
        "Net Income From Continuing Operation Net Minority Interest": 9668000.0,
        "Reconciled Depreciation": 26026000.0,
        "Reconciled Cost Of Revenue": 171137000.0,
        "EBITDA": 40108000.0,
        "EBIT": 14082000.0,
        "Net Interest Income": -527000.0,
        "Interest Expense": 527000.0,
        "Normalized Income": 13543194.0,
        "Net Income From Continuing And Discontinued Operation": 9668000.0,
        "Total Expenses": 300655000.0,
        "Rent Expense Supplemental": 23226000.0,
        "Total Operating Income As Reported": 10782000.0,
        "Diluted Average Shares": 41480000.0,
        "Basic Average Shares": 39750000.0,
        "Diluted EPS": 0.23,
        "Basic EPS": 0.24,
        "Diluted NI Availto Com Stockholders": 9668000.0,
        "Average Dilution Earnings": NaN,
        "Net Income Common Stockholders": 9668000.0,
        "Net Income": 9668000.0,
        "Minority Interests": -714000.0,
        "Net Income Including Noncontrolling Interests": 10382000.0,
        "Net Income Continuous Operations": 10382000.0,
        "Tax Provision": 3173000.0,
        "Pretax Income": 13555000.0,
        "Other Income Expense": -1759000.0,
        "Other Non Operating Income Expenses": 3300000.0,
        "Special Income Charges": -5059000.0,
        "Other Special Charges": 4014000.0,
        "Impairment Of Capital Assets": 1045000.0,
        "Net Non Operating Interest Income Expense": -527000.0,
        "Interest Expense Non Operating": 527000.0,
        "Operating Income": 15841000.0,
        "Operating Expense": 128988000.0,
        "Other Operating Expenses": 43953000.0,
        "Depreciation Amortization Depletion Income Statement": 25496000.0,
        "Depreciation And Amortization In Income Statement": 25496000.0,
        "Selling General And Administration": 59539000.0,
        "General And Administrative Expense": 59539000.0,
        "Other Gand A": 36313000.0,
        "Rent And Landing Fees": 23226000.0,
        "Gross Profit": 144829000.0,
        "Cost Of Revenue": 171667000.0,
        "Total Revenue": 316496000.0,
        "Operating Revenue": 316496000.0
    },
    "2024-09-30": {
        "Tax Effect Of Unusual Items": -8481732.0,
        "Tax Rate For Calcs": 0.259,
        "Normalized EBITDA": 44515000.0,
        "Total Unusual Items": -32748000.0,
        "Total Unusual Items Excluding Goodwill": -32748000.0,
        "Net Income From Continuing Operation Net Minority Interest": -10211000.0,
        "Reconciled Depreciation": 26251000.0,
        "Reconciled Cost Of Revenue": 171050000.0,
        "EBITDA": 11767000.0,
        "EBIT": -14484000.0,
        "Net Interest Income": -498000.0,
        "Interest Expense": 498000.0,
        "Normalized Income": 14055268.0,
        "Net Income From Continuing And Discontinued Operation": -10211000.0,
        "Total Expenses": 302164000.0,
        "Rent Expense Supplemental": 23608000.0,
        "Total Operating Income As Reported": -17988000.0,
        "Diluted Average Shares": 40010000.0,
        "Basic Average Shares": 40010000.0,
        "Diluted EPS": -0.26,
        "Basic EPS": -0.26,
        "Diluted NI Availto Com Stockholders": -10211000.0,
        "Average Dilution Earnings": 0.0,
        "Net Income Common Stockholders": -10211000.0,
        "Net Income": -10211000.0,
        "Minority Interests": 898000.0,
        "Net Income Including Noncontrolling Interests": -11109000.0,
        "Net Income Continuous Operations": -11109000.0,
        "Tax Provision": -3873000.0,
        "Pretax Income": -14982000.0,
        "Other Income Expense": -29244000.0,
        "Other Non Operating Income Expenses": 3504000.0,
        "Special Income Charges": -32748000.0,
        "Other Special Charges": 3662000.0,
        "Impairment Of Capital Assets": 29086000.0,
        "Net Non Operating Interest Income Expense": -498000.0,
        "Interest Expense Non Operating": 498000.0,
        "Operating Income": 14760000.0,
        "Operating Expense": 130585000.0,
        "Other Operating Expenses": 45564000.0,
        "Depreciation Amortization Depletion Income Statement": 25722000.0,
        "Depreciation And Amortization In Income Statement": 25722000.0,
        "Selling General And Administration": 59299000.0,
        "General And Administrative Expense": 59299000.0,
        "Other Gand A": 35691000.0,
        "Rent And Landing Fees": 23608000.0,
        "Gross Profit": 145345000.0,
        "Cost Of Revenue": 171579000.0,
        "Total Revenue": 316924000.0,
        "Operating Revenue": 316924000.0
    },
    "2024-12-31": {
        "Tax Effect Of Unusual Items": -1903189.891027,
        "Tax Rate For Calcs": 0.278692,
        "Normalized EBITDA": 46650000.0,
        "Total Unusual Items": -6829000.0,
        "Total Unusual Items Excluding Goodwill": -6829000.0,
        "Net Income From Continuing Operation Net Minority Interest": 8710000.0,
        "Reconciled Depreciation": 26370000.0,
        "Reconciled Cost Of Revenue": 173121000.0,
        "EBITDA": 39821000.0,
        "EBIT": 13451000.0,
        "Net Interest Income": -512000.0,
        "Interest Expense": 512000.0,
        "Normalized Income": 13635810.108973,
        "Net Income From Continuing And Discontinued Operation": 8710000.0,
        "Total Expenses": 311645000.0,
        "Rent Expense Supplemental": 24047000.0,
        "Total Operating Income As Reported": 10210000.0,
        "Diluted Average Shares": 41872000.0,
        "Basic Average Shares": 40047000.0,
        "Diluted EPS": 0.21,
        "Basic EPS": 0.22,
        "Diluted NI Availto Com Stockholders": 9333000.0,
        "Average Dilution Earnings": 623000.0,
        "Net Income Common Stockholders": 8710000.0,
        "Net Income": 8710000.0,
        "Minority Interests": -623000.0,
        "Net Income Including Noncontrolling Interests": 9333000.0,
        "Net Income Continuous Operations": 9333000.0,
        "Tax Provision": 3606000.0,
        "Pretax Income": 12939000.0,
        "Other Income Expense": -3588000.0,
        "Other Non Operating Income Expenses": 3241000.0,
        "Special Income Charges": -6829000.0,
        "Other Special Charges": 5118000.0,
        "Impairment Of Capital Assets": 1711000.0,
        "Net Non Operating Interest Income Expense": -512000.0,
        "Interest Expense Non Operating": 512000.0,
        "Operating Income": 17039000.0,
        "Operating Expense": 137963000.0,
        "Other Operating Expenses": 47008000.0,
        "Depreciation Amortization Depletion Income Statement": 25809000.0,
        "Depreciation And Amortization In Income Statement": 25809000.0,
        "Selling General And Administration": 65146000.0,
        "General And Administrative Expense": 65146000.0,
        "Other Gand A": 41099000.0,
        "Rent And Landing Fees": 24047000.0,
        "Gross Profit": 155002000.0,
        "Cost Of Revenue": 173682000.0,
        "Total Revenue": 328684000.0,
        "Operating Revenue": 328684000.0
    },
    "2025-03-31": {
        "Tax Effect Of Unusual Items": -738500.0,
        "Tax Rate For Calcs": 0.14,
        "Normalized EBITDA": 38237000.0,
        "Total Unusual Items": -5275000.0,
        "Total Unusual Items Excluding Goodwill": -5275000.0,
        "Net Income From Continuing Operation Net Minority Interest": 4245000.0,
        "Reconciled Depreciation": 27149000.0,
        "Reconciled Cost Of Revenue": 172099000.0,
        "EBITDA": 32962000.0,
        "EBIT": 5813000.0,
        "Net Interest Income": -563000.0,
        "Interest Expense": 563000.0,
        "Normalized Income": 8781500.0,
        "Net Income From Continuing And Discontinued Operation": 4245000.0,
        "Total Expenses": 312781000.0,
        "Rent Expense Supplemental": 24631000.0,
        "Total Operating Income As Reported": 2842000.0,
        "Diluted Average Shares": 41864000.0,
        "Basic Average Shares": 40120000.0,
        "Diluted EPS": 0.1,
        "Basic EPS": 0.11,
        "Diluted NI Availto Com Stockholders": 4245000.0,
        "Average Dilution Earnings": NaN,
        "Net Income Common Stockholders": 4245000.0,
        "Net Income": 4245000.0,
        "Minority Interests": -268000.0,
        "Net Income Including Noncontrolling Interests": 4513000.0,
        "Net Income Continuous Operations": 4513000.0,
        "Tax Provision": 737000.0,
        "Pretax Income": 5250000.0,
        "Other Income Expense": -2304000.0,
        "Other Non Operating Income Expenses": 2971000.0,
        "Special Income Charges": -5275000.0,
        "Other Special Charges": 3218000.0,
        "Impairment Of Capital Assets": 2057000.0,
        "Net Non Operating Interest Income Expense": -563000.0,
        "Interest Expense Non Operating": 563000.0,
        "Operating Income": 8117000.0,
        "Operating Expense": 140076000.0,
        "Other Operating Expenses": 48262000.0,
        "Depreciation Amortization Depletion Income Statement": 26543000.0,
        "Depreciation And Amortization In Income Statement": 26543000.0,
        "Selling General And Administration": 65271000.0,
        "General And Administrative Expense": 65271000.0,
        "Other Gand A": 40640000.0,
        "Rent And Landing Fees": 24631000.0,
        "Gross Profit": 148193000.0,
        "Cost Of Revenue": 172705000.0,
        "Total Revenue": 320898000.0,
        "Operating Revenue": 320898000.0
    },
    "2025-06-30": {
        "Tax Effect Of Unusual Items": -1464836.0,
        "Tax Rate For Calcs": 0.251,
        "Normalized EBITDA": 58165000.0,
        "Total Unusual Items": -5836000.0,
        "Total Unusual Items Excluding Goodwill": -5836000.0,
        "Net Income From Continuing Operation Net Minority Interest": 17148000.0,
        "Reconciled Depreciation": 27105000.0,
        "Reconciled Cost Of Revenue": 184119000.0,
        "EBITDA": 52329000.0,
        "EBIT": 25224000.0,
        "Net Interest Income": -548000.0,
        "Interest Expense": 548000.0,
        "Normalized Income": 21519164.0,
        "Net Income From Continuing And Discontinued Operation": 17148000.0,
        "Total Expenses": 328256000.0,
        "Rent Expense Supplemental": 25593000.0,
        "Total Operating Income As Reported": 22374000.0,
        "Diluted Average Shares": 41819000.0,
        "Basic Average Shares": 40226000.0,
        "Diluted EPS": 0.41,
        "Basic EPS": 0.43,
        "Diluted NI Availto Com Stockholders": 17148000.0,
        "Average Dilution Earnings": NaN,
        "Net Income Common Stockholders": 17148000.0,
        "Net Income": 17148000.0,
        "Minority Interests": -1335000.0,
        "Net Income Including Noncontrolling Interests": 18483000.0,
        "Net Income Continuous Operations": 18483000.0,
        "Tax Provision": 6193000.0,
        "Pretax Income": 24676000.0,
        "Other Income Expense": -2986000.0,
        "Other Non Operating Income Expenses": 2850000.0,
        "Special Income Charges": -5836000.0,
        "Other Special Charges": 4955000.0,
        "Impairment Of Capital Assets": 881000.0,
        "Net Non Operating Interest Income Expense": -548000.0,
        "Interest Expense Non Operating": 548000.0,
        "Operating Income": 28210000.0,
        "Operating Expense": 143577000.0,
        "Other Operating Expenses": 50768000.0,
        "Depreciation Amortization Depletion Income Statement": 26545000.0,
        "Depreciation And Amortization In Income Statement": 26545000.0,
        "Selling General And Administration": 66264000.0,
        "General And Administrative Expense": 66264000.0,
        "Other Gand A": 40671000.0,
        "Rent And Landing Fees": 25593000.0,
        "Gross Profit": 171787000.0,
        "Cost Of Revenue": 184679000.0,
        "Total Revenue": 356466000.0,
        "Operating Revenue": 356466000.0
    }
}