{
    "2023-06-30": {
        "Tax Effect Of Unusual Items": -324599.129331,
        "Tax Rate For Calcs": 0.271177,
        "Total Unusual Items": -1197000.0,
        "Total Unusual Items Excluding Goodwill": -1197000.0,
        "Net Income From Continuing Operation Net Minority Interest": 4018000.0,
        "Reconciled Depreciation": 1361000.0,
        "Net Interest Income": 22494000.0,
        "Interest Expense": 14139000.0,
        "Interest Income": 36633000.0,
        "Normalized Income": 4890400.870669,
        "Net Income From Continuing And Discontinued Operation": 4018000.0,
        "Diluted Average Shares": 19903000.0,
        "Basic Average Shares": 19903000.0,
        "Diluted EPS": 0.2,
        "Basic EPS": 0.2,
        "Diluted NI Availto Com Stockholders": 4018000.0,
        "Net Income Common Stockholders": 4018000.0,
        "Net Income": 4018000.0,
        "Net Income Including Noncontrolling Interests": 4018000.0,
        "Net Income Continuous Operations": 4018000.0,
        "Tax Provision": 1495000.0,
        "Pretax Income": 5513000.0,
        "Special Income Charges": -1197000.0,
        "Other Special Charges": NaN,
        "Restructuring And Mergern Acquisition": 1197000.0,
        "Gain On Sale Of Security": NaN,
        "Depreciation Amortization Depletion Income Statement": 435000.0,
        "Depreciation And Amortization In Income Statement": 435000.0,
        "Amortization": 435000.0,
        "Amortization Of Intangibles Income Statement": 435000.0,
        "Selling General And Administration": 12338000.0,
        "General And Administrative Expense": 12338000.0,
        "Insurance And Claims": 758000.0,
        "Salaries And Wages": 11580000.0,
        "Total Revenue": 27788000.0,
        "Operating Revenue": 27788000.0,
        "Occupancy And Equipment": 2076000.0,
        "Professional Expense And Contract Services Expense": 959000.0,
        "Other Non Interest Expense": 4603000.0
    },
    "2023-03-31": {
        "Tax Effect Of Unusual Items": NaN,
        "Tax Rate For Calcs": NaN,
        "Total Unusual Items": NaN,
        "Total Unusual Items Excluding Goodwill": NaN,
        "Net Income From Continuing Operation Net Minority Interest": NaN,
        "Reconciled Depreciation": NaN,
        "Net Interest Income": NaN,
        "Interest Expense": NaN,
        "Interest Income": NaN,
        "Normalized Income": NaN,
        "Net Income From Continuing And Discontinued Operation": NaN,
        "Diluted Average Shares": NaN,
        "Basic Average Shares": NaN,
        "Diluted EPS": NaN,
        "Basic EPS": NaN,
        "Diluted NI Availto Com Stockholders": NaN,
        "Net Income Common Stockholders": NaN,
        "Net Income": NaN,
        "Net Income Including Noncontrolling Interests": NaN,
        "Net Income Continuous Operations": NaN,
        "Tax Provision": NaN,
        "Pretax Income": NaN,
        "Special Income Charges": NaN,
        "Other Special Charges": 67000.0,
        "Restructuring And Mergern Acquisition": NaN,
        "Gain On Sale Of Security": 0.0,
        "Depreciation Amortization Depletion Income Statement": NaN,
        "Depreciation And Amortization In Income Statement": NaN,
        "Amortization": NaN,
        "Amortization Of Intangibles Income Statement": NaN,
        "Selling General And Administration": NaN,
        "General And Administrative Expense": NaN,
        "Insurance And Claims": NaN,
        "Salaries And Wages": NaN,
        "Total Revenue": NaN,
        "Operating Revenue": NaN,
        "Occupancy And Equipment": NaN,
        "Professional Expense And Contract Services Expense": NaN,
        "Other Non Interest Expense": NaN
    },
    "2022-12-31": {
        "Tax Effect Of Unusual Items": NaN,
        "Tax Rate For Calcs": NaN,
        "Total Unusual Items": NaN,
        "Total Unusual Items Excluding Goodwill": NaN,
        "Net Income From Continuing Operation Net Minority Interest": NaN,
        "Reconciled Depreciation": NaN,
        "Net Interest Income": NaN,
        "Interest Expense": NaN,
        "Interest Income": NaN,
        "Normalized Income": NaN,
        "Net Income From Continuing And Discontinued Operation": NaN,
        "Diluted Average Shares": NaN,
        "Basic Average Shares": NaN,
        "Diluted EPS": NaN,
        "Basic EPS": NaN,
        "Diluted NI Availto Com Stockholders": NaN,
        "Net Income Common Stockholders": NaN,
        "Net Income": NaN,
        "Net Income Including Noncontrolling Interests": NaN,
        "Net Income Continuous Operations": NaN,
        "Tax Provision": NaN,
        "Pretax Income": NaN,
        "Special Income Charges": NaN,
        "Other Special Charges": NaN,
        "Restructuring And Mergern Acquisition": NaN,
        "Gain On Sale Of Security": 0.0,
        "Depreciation Amortization Depletion Income Statement": NaN,
        "Depreciation And Amortization In Income Statement": NaN,
        "Amortization": NaN,
        "Amortization Of Intangibles Income Statement": NaN,
        "Selling General And Administration": NaN,
        "General And Administrative Expense": NaN,
        "Insurance And Claims": NaN,
        "Salaries And Wages": NaN,
        "Total Revenue": NaN,
        "Operating Revenue": NaN,
        "Occupancy And Equipment": NaN,
        "Professional Expense And Contract Services Expense": NaN,
        "Other Non Interest Expense": NaN
    },
    "2022-09-30": {
        "Tax Effect Of Unusual Items": NaN,
        "Tax Rate For Calcs": NaN,
        "Total Unusual Items": NaN,
        "Total Unusual Items Excluding Goodwill": NaN,
        "Net Income From Continuing Operation Net Minority Interest": NaN,
        "Reconciled Depreciation": NaN,
        "Net Interest Income": NaN,
        "Interest Expense": NaN,
        "Interest Income": NaN,
        "Normalized Income": NaN,
        "Net Income From Continuing And Discontinued Operation": NaN,
        "Diluted Average Shares": NaN,
        "Basic Average Shares": NaN,
        "Diluted EPS": NaN,
        "Basic EPS": NaN,
        "Diluted NI Availto Com Stockholders": NaN,
        "Net Income Common Stockholders": NaN,
        "Net Income": NaN,
        "Net Income Including Noncontrolling Interests": NaN,
        "Net Income Continuous Operations": NaN,
        "Tax Provision": NaN,
        "Pretax Income": NaN,
        "Special Income Charges": NaN,
        "Other Special Charges": NaN,
        "Restructuring And Mergern Acquisition": NaN,
        "Gain On Sale Of Security": 0.0,
        "Depreciation Amortization Depletion Income Statement": NaN,
        "Depreciation And Amortization In Income Statement": NaN,
        "Amortization": NaN,
        "Amortization Of Intangibles Income Statement": NaN,
        "Selling General And Administration": NaN,
        "General And Administrative Expense": NaN,
        "Insurance And Claims": NaN,
        "Salaries And Wages": NaN,
        "Total Revenue": NaN,
        "Operating Revenue": NaN
    },
    "2022-06-30": {
        "Tax Effect Of Unusual Items": -63067.638082,
        "Tax Rate For Calcs": 0.261691,
        "Total Unusual Items": -241000.0,
        "Total Unusual Items Excluding Goodwill": -241000.0,
        "Net Income From Continuing Operation Net Minority Interest": 7499000.0,
        "Reconciled Depreciation": 511000.0,
        "Net Interest Income": 24618000.0,
        "Interest Expense": 2052000.0,
        "Interest Income": 26670000.0,
        "Normalized Income": 7676932.361918,
        "Net Income From Continuing And Discontinued Operation": 7499000.0,
        "Diluted Average Shares": 19847000.0,
        "Basic Average Shares": 19847000.0,
        "Diluted EPS": 0.38,
        "Basic EPS": 0.38,
        "Diluted NI Availto Com Stockholders": 7499000.0,
        "Net Income Common Stockholders": 7499000.0,
        "Net Income": 7499000.0,
        "Net Income Including Noncontrolling Interests": 7499000.0,
        "Net Income Continuous Operations": 7499000.0,
        "Tax Provision": 2658000.0,
        "Pretax Income": 10157000.0,
        "Special Income Charges": -241000.0,
        "Restructuring And Mergern Acquisition": 241000.0,
        "Gain On Sale Of Security": NaN,
        "Depreciation Amortization Depletion Income Statement": 511000.0,
        "Depreciation And Amortization In Income Statement": 511000.0,
        "Amortization": 511000.0,
        "Amortization Of Intangibles Income Statement": 511000.0,
        "Selling General And Administration": 11806000.0,
        "General And Administrative Expense": 11806000.0,
        "Other Gand A": 1668000.0,
        "Insurance And Claims": 429000.0,
        "Salaries And Wages": 11377000.0,
        "Total Revenue": 30451000.0,
        "Operating Revenue": 30451000.0
    },
    "2022-03-31": {
        "Diluted EPS": 0.28,
        "Total Revenue": 30,
        "Gross Profit": 28,
        "Operating Income": 8,
        "EBIT": NaN,
        "Net Income": 6
    },
    "2021-12-31": {
        "Diluted EPS": 0.1,
        "Total Revenue": 28,
        "Gross Profit": 26,
        "Operating Income": 4,
        "EBIT": NaN,
        "Net Income": 3
    },
    "2021-09-30": {
        "Diluted EPS": 0.39,
        "Total Revenue": 20,
        "Gross Profit": 18,
        "Operating Income": 6,
        "EBIT": NaN,
        "Net Income": 5
    },
    "2021-06-30": {
        "Diluted EPS": 0.34,
        "Total Revenue": 18,
        "Gross Profit": 17,
        "Operating Income": 5,
        "EBIT": NaN,
        "Net Income": 4
    },
    "2021-03-31": {
        "Diluted EPS": 0.34,
        "Total Revenue": 18,
        "Gross Profit": 16,
        "Operating Income": 5,
        "EBIT": NaN,
        "Net Income": 4
    },
    "2020-12-31": {
        "Diluted EPS": 0.32,
        "Total Revenue": 19,
        "Gross Profit": 17,
        "Operating Income": 5,
        "EBIT": NaN,
        "Net Income": 4
    },
    "2020-09-30": {
        "Diluted EPS": 0.27,
        "Total Revenue": 17,
        "Gross Profit": 16,
        "Operating Income": 5,
        "EBIT": NaN,
        "Net Income": 3
    },
    "2020-06-30": {
        "Diluted EPS": 0.43,
        "Total Revenue": 17,
        "Gross Profit": 16,
        "Operating Income": 7,
        "EBIT": NaN,
        "Net Income": 5
    },
    "2020-03-31": {
        "Diluted EPS": 0.25,
        "Total Revenue": 17,
        "Gross Profit": 15,
        "Operating Income": 4,
        "EBIT": NaN,
        "Net Income": 3
    },
    "2019-12-31": {
        "Diluted EPS": 0.32,
        "Total Revenue": 18,
        "Gross Profit": 15,
        "Operating Income": 5,
        "EBIT": NaN,
        "Net Income": 4
    },
    "2019-09-30": {
        "Diluted EPS": 0.33,
        "Total Revenue": 18,
        "Gross Profit": 15,
        "Operating Income": 6,
        "EBIT": NaN,
        "Net Income": 4
    },
    "2019-06-30": {
        "Diluted EPS": 0.33,
        "Total Revenue": 17,
        "Gross Profit": 15,
        "Operating Income": 6,
        "EBIT": NaN,
        "Net Income": 4
    },
    "2019-03-31": {
        "Diluted EPS": 0.29,
        "Total Revenue": 17,
        "Gross Profit": 15,
        "Operating Income": 5,
        "EBIT": NaN,
        "Net Income": 4
    },
    "2018-12-31": {
        "Diluted EPS": 0.95,
        "Total Revenue": 17,
        "Gross Profit": 15,
        "Operating Income": 5,
        "EBIT": NaN,
        "Net Income": 12
    },
    "2018-09-30": {
        "Diluted EPS": 0.35,
        "Total Revenue": 17,
        "Gross Profit": 15,
        "Operating Income": 6,
        "EBIT": NaN,
        "Net Income": 4
    },
    "2018-06-30": {
        "Diluted EPS": 0.34,
        "Total Revenue": 16,
        "Gross Profit": 15,
        "Operating Income": 6,
        "EBIT": NaN,
        "Net Income": 4
    },
    "2018-03-31": {
        "Diluted EPS": 0.32,
        "Total Revenue": 15,
        "Gross Profit": 14,
        "Operating Income": 4,
        "EBIT": NaN,
        "Net Income": 4
    },
    "2017-12-31": {
        "Diluted EPS": 0.21,
        "Total Revenue": 8,
        "Gross Profit": 7,
        "Operating Income": 4,
        "EBIT": NaN,
        "Net Income": 3
    },
    "2017-09-30": {
        "Diluted EPS": 0.27,
        "Total Revenue": 17,
        "Gross Profit": 17,
        "Operating Income": 6,
        "EBIT": NaN,
        "Net Income": 3
    },
    "2017-06-30": {
        "Diluted EPS": 0.19,
        "Total Revenue": 16,
        "Gross Profit": 15,
        "Operating Income": 4,
        "EBIT": NaN,
        "Net Income": 2
    },
    "2017-03-31": {
        "Diluted EPS": 0.22,
        "Total Revenue": 15,
        "Gross Profit": 15,
        "Operating Income": 5,
        "EBIT": NaN,
        "Net Income": 3
    },
    "2016-12-31": {
        "Diluted EPS": 0.2,
        "Total Revenue": 15,
        "Gross Profit": 14,
        "Operating Income": 5,
        "EBIT": NaN,
        "Net Income": 2
    },
    "2016-09-30": {
        "Diluted EPS": 0.19,
        "Total Revenue": 14,
        "Gross Profit": 14,
        "Operating Income": 4,
        "EBIT": NaN,
        "Net Income": 2
    },
    "2016-06-30": {
        "Diluted EPS": 0.18,
        "Total Revenue": 14,
        "Gross Profit": 13,
        "Operating Income": 4,
        "EBIT": NaN,
        "Net Income": 2
    },
    "2016-03-31": {
        "Diluted EPS": 0.19,
        "Total Revenue": 14,
        "Gross Profit": 14,
        "Operating Income": 4,
        "EBIT": NaN,
        "Net Income": 2
    },
    "2015-12-31": {
        "Diluted EPS": 0.17,
        "Total Revenue": 14,
        "Gross Profit": 13,
        "Operating Income": 4,
        "EBIT": NaN,
        "Net Income": 2
    },
    "2015-09-30": {
        "Diluted EPS": 0.15,
        "Total Revenue": 14,
        "Gross Profit": 13,
        "Operating Income": 3,
        "EBIT": NaN,
        "Net Income": 2
    },
    "2015-06-30": {
        "Diluted EPS": 0.13,
        "Total Revenue": 13,
        "Gross Profit": 12,
        "Operating Income": 3,
        "EBIT": NaN,
        "Net Income": 2
    },
    "2015-03-31": {
        "Diluted EPS": 0.11,
        "Total Revenue": 14,
        "Gross Profit": 13,
        "Operating Income": 2,
        "EBIT": NaN,
        "Net Income": 1
    },
    "2014-12-31": {
        "Diluted EPS": 0.08,
        "Total Revenue": 13,
        "Gross Profit": 12,
        "Operating Income": 2,
        "EBIT": NaN,
        "Net Income": 1
    },
    "2014-09-30": {
        "Diluted EPS": 0.1,
        "Total Revenue": 14,
        "Gross Profit": 13,
        "Operating Income": 2,
        "EBIT": NaN,
        "Net Income": 1
    },
    "2014-06-30": {
        "Diluted EPS": 0.13,
        "Total Revenue": 14,
        "Gross Profit": 13,
        "Operating Income": 2,
        "EBIT": NaN,
        "Net Income": 1
    },
    "2014-03-31": {
        "Diluted EPS": 0.15,
        "Total Revenue": 14,
        "Gross Profit": 13,
        "Operating Income": 2,
        "EBIT": NaN,
        "Net Income": 1
    },
    "2013-12-31": {
        "Diluted EPS": 0.14,
        "Total Revenue": 14,
        "Gross Profit": 13,
        "Operating Income": 2,
        "EBIT": NaN,
        "Net Income": 1
    },
    "2013-09-30": {
        "Diluted EPS": -1.35,
        "Total Revenue": 15,
        "Gross Profit": 14,
        "Operating Income": -19,
        "EBIT": NaN,
        "Net Income": -11
    },
    "2013-06-30": {
        "Diluted EPS": 0.04,
        "Total Revenue": 15,
        "Gross Profit": 13,
        "Operating Income": 1,
        "EBIT": NaN,
        "Net Income": 0
    },
    "2013-03-31": {
        "Diluted EPS": 0.03,
        "Total Revenue": 15,
        "Gross Profit": 13,
        "Operating Income": 1,
        "EBIT": NaN,
        "Net Income": 0
    },
    "2012-12-31": {
        "Diluted EPS": -0.59,
        "Total Revenue": 14,
        "Gross Profit": 11,
        "Operating Income": -8,
        "EBIT": NaN,
        "Net Income": -5
    },
    "2012-09-30": {
        "Diluted EPS": -0.22,
        "Total Revenue": 15,
        "Gross Profit": 13,
        "Operating Income": -3,
        "EBIT": NaN,
        "Net Income": -2
    },
    "2012-06-30": {
        "Diluted EPS": 0.03,
        "Total Revenue": 16,
        "Gross Profit": 14,
        "Operating Income": 1,
        "EBIT": NaN,
        "Net Income": 0
    },
    "2012-03-31": {
        "Diluted EPS": -0.36,
        "Total Revenue": 16,
        "Gross Profit": 14,
        "Operating Income": -5,
        "EBIT": NaN,
        "Net Income": -3
    },
    "2011-12-31": {
        "Diluted EPS": 0.04,
        "Total Revenue": 17,
        "Gross Profit": 14,
        "Operating Income": 1,
        "EBIT": NaN,
        "Net Income": 0
    },
    "2011-09-30": {
        "Diluted EPS": 0.01,
        "Total Revenue": 17,
        "Gross Profit": 15,
        "Operating Income": 2,
        "EBIT": NaN,
        "Net Income": 0
    },
    "2011-06-30": {
        "Diluted EPS": -0.03,
        "Total Revenue": 17,
        "Gross Profit": 14,
        "Operating Income": 0,
        "EBIT": NaN,
        "Net Income": 0
    },
    "2011-03-31": {
        "Diluted EPS": -0.13,
        "Total Revenue": 17,
        "Gross Profit": 14,
        "Operating Income": -2,
        "EBIT": NaN,
        "Net Income": -1
    },
    "2010-12-31": {
        "Diluted EPS": 0.11,
        "Total Revenue": 18,
        "Gross Profit": 15,
        "Operating Income": 2,
        "EBIT": NaN,
        "Net Income": 1
    },
    "2010-09-30": {
        "Diluted EPS": -0.17,
        "Total Revenue": 18,
        "Gross Profit": 15,
        "Operating Income": 2,
        "EBIT": NaN,
        "Net Income": -1
    },
    "2010-06-30": {
        "Diluted EPS": 0.05,
        "Total Revenue": 19,
        "Gross Profit": 15,
        "Operating Income": 1,
        "EBIT": NaN,
        "Net Income": 0
    },
    "2010-03-31": {
        "Diluted EPS": -0.19,
        "Total Revenue": 19,
        "Gross Profit": 15,
        "Operating Income": -3,
        "EBIT": NaN,
        "Net Income": -2
    },
    "2009-12-31": {
        "Diluted EPS": 0.15,
        "Total Revenue": 19,
        "Gross Profit": 15,
        "Operating Income": 2,
        "EBIT": NaN,
        "Net Income": 1
    },
    "2009-09-30": {
        "Diluted EPS": 0.23,
        "Total Revenue": 20,
        "Gross Profit": 15,
        "Operating Income": 3,
        "EBIT": NaN,
        "Net Income": 2
    },
    "2009-06-30": {
        "Diluted EPS": 0.04,
        "Total Revenue": 20,
        "Gross Profit": 15,
        "Operating Income": 3,
        "EBIT": NaN,
        "Net Income": 0
    },
    "2009-03-31": {
        "Diluted EPS": 0.22,
        "Total Revenue": 20,
        "Gross Profit": 15,
        "Operating Income": 4,
        "EBIT": NaN,
        "Net Income": 2
    },
    "2023-09-30": {
        "Tax Effect Of Unusual Items": NaN,
        "Tax Rate For Calcs": NaN,
        "Total Unusual Items": NaN,
        "Total Unusual Items Excluding Goodwill": NaN,
        "Net Income From Continuing Operation Net Minority Interest": NaN,
        "Reconciled Depreciation": NaN,
        "Net Interest Income": NaN,
        "Interest Expense": NaN,
        "Interest Income": NaN,
        "Normalized Income": NaN,
        "Net Income From Continuing And Discontinued Operation": NaN,
        "Diluted Average Shares": NaN,
        "Basic Average Shares": NaN,
        "Diluted EPS": NaN,
        "Basic EPS": NaN,
        "Diluted NI Availto Com Stockholders": NaN,
        "Net Income Common Stockholders": NaN,
        "Net Income": NaN,
        "Net Income Including Noncontrolling Interests": NaN,
        "Net Income Continuous Operations": NaN,
        "Tax Provision": NaN,
        "Pretax Income": NaN,
        "Special Income Charges": NaN,
        "Other Special Charges": NaN,
        "Restructuring And Mergern Acquisition": NaN,
        "Gain On Sale Of Security": -2166000.0,
        "Depreciation Amortization Depletion Income Statement": NaN,
        "Depreciation And Amortization In Income Statement": NaN,
        "Amortization": NaN,
        "Amortization Of Intangibles Income Statement": NaN,
        "Selling General And Administration": NaN,
        "General And Administrative Expense": NaN,
        "Insurance And Claims": NaN,
        "Salaries And Wages": NaN,
        "Total Revenue": NaN,
        "Operating Revenue": NaN,
        "Occupancy And Equipment": NaN,
        "Professional Expense And Contract Services Expense": NaN,
        "Other Non Interest Expense": NaN
    },
    "2023-12-31": {
        "Tax Effect Of Unusual Items": NaN,
        "Tax Rate For Calcs": NaN,
        "Total Unusual Items": -3955000.0,
        "Total Unusual Items Excluding Goodwill": -3955000.0,
        "Net Income From Continuing Operation Net Minority Interest": NaN,
        "Reconciled Depreciation": NaN,
        "Net Interest Income": NaN,
        "Interest Expense": NaN,
        "Interest Income": NaN,
        "Normalized Income": NaN,
        "Net Income From Continuing And Discontinued Operation": NaN,
        "Diluted Average Shares": NaN,
        "Basic Average Shares": NaN,
        "Diluted EPS": NaN,
        "Basic EPS": NaN,
        "Diluted NI Availto Com Stockholders": NaN,
        "Net Income Common Stockholders": NaN,
        "Net Income": NaN,
        "Net Income Including Noncontrolling Interests": NaN,
        "Net Income Continuous Operations": NaN,
        "Tax Provision": NaN,
        "Pretax Income": NaN,
        "Special Income Charges": -3955000.0,
        "Other Special Charges": NaN,
        "Restructuring And Mergern Acquisition": 3955000.0,
        "Gain On Sale Of Security": 0.0,
        "Depreciation Amortization Depletion Income Statement": NaN,
        "Depreciation And Amortization In Income Statement": NaN,
        "Amortization": NaN,
        "Amortization Of Intangibles Income Statement": NaN,
        "Selling General And Administration": NaN,
        "General And Administrative Expense": NaN,
        "Insurance And Claims": NaN,
        "Salaries And Wages": NaN,
        "Total Revenue": NaN,
        "Operating Revenue": NaN,
        "Occupancy And Equipment": NaN,
        "Professional Expense And Contract Services Expense": NaN,
        "Other Non Interest Expense": NaN
    },
    "2024-03-31": {
        "Tax Effect Of Unusual Items": NaN,
        "Tax Rate For Calcs": NaN,
        "Total Unusual Items": 0.0,
        "Total Unusual Items Excluding Goodwill": 0.0,
        "Net Income From Continuing Operation Net Minority Interest": NaN,
        "Reconciled Depreciation": NaN,
        "Net Interest Income": NaN,
        "Interest Expense": NaN,
        "Interest Income": NaN,
        "Normalized Income": NaN,
        "Net Income From Continuing And Discontinued Operation": NaN,
        "Diluted Average Shares": NaN,
        "Basic Average Shares": NaN,
        "Diluted EPS": NaN,
        "Basic EPS": NaN,
        "Diluted NI Availto Com Stockholders": NaN,
        "Net Income Common Stockholders": NaN,
        "Net Income": NaN,
        "Net Income Including Noncontrolling Interests": NaN,
        "Net Income Continuous Operations": NaN,
        "Tax Provision": NaN,
        "Pretax Income": NaN,
        "Special Income Charges": 0.0,
        "Other Special Charges": 4502000.0,
        "Restructuring And Mergern Acquisition": 0.0,
        "Gain On Sale Of Security": NaN,
        "Depreciation Amortization Depletion Income Statement": NaN,
        "Depreciation And Amortization In Income Statement": NaN,
        "Amortization": NaN,
        "Amortization Of Intangibles Income Statement": NaN,
        "Selling General And Administration": NaN,
        "General And Administrative Expense": NaN,
        "Insurance And Claims": NaN,
        "Salaries And Wages": NaN,
        "Total Revenue": NaN,
        "Operating Revenue": NaN,
        "Occupancy And Equipment": NaN,
        "Professional Expense And Contract Services Expense": NaN,
        "Other Non Interest Expense": NaN
    },
    "2024-06-30": {
        "Tax Effect Of Unusual Items": NaN,
        "Tax Rate For Calcs": NaN,
        "Total Unusual Items": 0.0,
        "Total Unusual Items Excluding Goodwill": 0.0,
        "Net Income From Continuing Operation Net Minority Interest": NaN,
        "Reconciled Depreciation": NaN,
        "Net Interest Income": NaN,
        "Interest Expense": NaN,
        "Interest Income": NaN,
        "Normalized Income": NaN,
        "Net Income From Continuing And Discontinued Operation": NaN,
        "Diluted Average Shares": NaN,
        "Basic Average Shares": NaN,
        "Diluted EPS": NaN,
        "Basic EPS": NaN,
        "Diluted NI Availto Com Stockholders": NaN,
        "Net Income Common Stockholders": NaN,
        "Net Income": NaN,
        "Net Income Including Noncontrolling Interests": NaN,
        "Net Income Continuous Operations": NaN,
        "Tax Provision": NaN,
        "Pretax Income": NaN,
        "Special Income Charges": 0.0,
        "Other Special Charges": NaN,
        "Restructuring And Mergern Acquisition": 0.0,
        "Gain On Sale Of Security": NaN,
        "Depreciation Amortization Depletion Income Statement": NaN,
        "Depreciation And Amortization In Income Statement": NaN,
        "Amortization": NaN,
        "Amortization Of Intangibles Income Statement": NaN,
        "Selling General And Administration": NaN,
        "General And Administrative Expense": NaN,
        "Insurance And Claims": NaN,
        "Salaries And Wages": NaN,
        "Total Revenue": NaN,
        "Operating Revenue": NaN,
        "Occupancy And Equipment": NaN,
        "Professional Expense And Contract Services Expense": NaN,
        "Other Non Interest Expense": NaN
    },
    "2024-09-30": {
        "Tax Effect Of Unusual Items": 0.0,
        "Tax Rate For Calcs": 0.252372,
        "Total Unusual Items": 0.0,
        "Total Unusual Items Excluding Goodwill": 0.0,
        "Net Income From Continuing Operation Net Minority Interest": 11189000.0,
        "Reconciled Depreciation": 3823000.0,
        "Net Interest Income": 43263000.0,
        "Interest Expense": 31426000.0,
        "Interest Income": 74689000.0,
        "Normalized Income": 11189000.0,
        "Net Income From Continuing And Discontinued Operation": 11189000.0,
        "Diluted Average Shares": 33339005.0,
        "Basic Average Shares": 33317739.0,
        "Diluted EPS": 0.34,
        "Basic EPS": 0.34,
        "Diluted NI Availto Com Stockholders": 11189000.0,
        "Net Income Common Stockholders": 11189000.0,
        "Net Income": 11189000.0,
        "Net Income Including Noncontrolling Interests": 11189000.0,
        "Net Income Continuous Operations": 11189000.0,
        "Tax Provision": 3777000.0,
        "Pretax Income": 14966000.0,
        "Special Income Charges": 0.0,
        "Other Special Charges": NaN,
        "Restructuring And Mergern Acquisition": 0.0,
        "Gain On Sale Of Security": 0.0,
        "Depreciation Amortization Depletion Income Statement": 2336000.0,
        "Depreciation And Amortization In Income Statement": 2336000.0,
        "Amortization": 2336000.0,
        "Amortization Of Intangibles Income Statement": 2336000.0,
        "Selling General And Administration": 18126000.0,
        "General And Administrative Expense": 18126000.0,
        "Insurance And Claims": 1160000.0,
        "Salaries And Wages": 16966000.0,
        "Total Revenue": 50550000.0,
        "Operating Revenue": 50550000.0,
        "Occupancy And Equipment": 3260000.0,
        "Professional Expense And Contract Services Expense": 1362000.0,
        "Other Non Interest Expense": 9030000.0
    },
    "2024-12-31": {
        "Tax Effect Of Unusual Items": 0.0,
        "Tax Rate For Calcs": 0.267846,
        "Total Unusual Items": 0.0,
        "Total Unusual Items Excluding Goodwill": 0.0,
        "Net Income From Continuing Operation Net Minority Interest": 13282000.0,
        "Reconciled Depreciation": 4000000.0,
        "Net Interest Income": 44011000.0,
        "Interest Expense": 32393000.0,
        "Interest Income": 76404000.0,
        "Normalized Income": 13282000.0,
        "Net Income From Continuing And Discontinued Operation": 13282000.0,
        "Diluted Average Shares": 33364000.0,
        "Basic Average Shares": 33327000.0,
        "Diluted EPS": 0.4,
        "Basic EPS": 0.4,
        "Diluted NI Availto Com Stockholders": 13282000.0,
        "Net Income Common Stockholders": 13282000.0,
        "Net Income": 13282000.0,
        "Net Income Including Noncontrolling Interests": 13282000.0,
        "Net Income Continuous Operations": 13282000.0,
        "Tax Provision": 4859000.0,
        "Pretax Income": 18141000.0,
        "Special Income Charges": 0.0,
        "Other Special Charges": NaN,
        "Restructuring And Mergern Acquisition": 0.0,
        "Gain On Sale Of Security": 0.0,
        "Depreciation Amortization Depletion Income Statement": 2297000.0,
        "Depreciation And Amortization In Income Statement": 2297000.0,
        "Amortization": 2297000.0,
        "Amortization Of Intangibles Income Statement": 2297000.0,
        "Selling General And Administration": 18682000.0,
        "General And Administrative Expense": 18682000.0,
        "Insurance And Claims": 1013000.0,
        "Salaries And Wages": 17669000.0,
        "Total Revenue": 52864000.0,
        "Operating Revenue": 52864000.0,
        "Occupancy And Equipment": 3234000.0,
        "Professional Expense And Contract Services Expense": 1521000.0,
        "Other Non Interest Expense": 8209000.0
    },
    "2025-03-31": {
        "Tax Effect Of Unusual Items": 0.0,
        "Tax Rate For Calcs": 0.246,
        "Total Unusual Items": NaN,
        "Total Unusual Items Excluding Goodwill": NaN,
        "Net Income From Continuing Operation Net Minority Interest": 13764000.0,
        "Reconciled Depreciation": 4077000.0,
        "Net Interest Income": 46029000.0,
        "Interest Expense": 30034000.0,
        "Interest Income": 76063000.0,
        "Normalized Income": 13764000.0,
        "Net Income From Continuing And Discontinued Operation": 13764000.0,
        "Diluted Average Shares": 33375000.0,
        "Basic Average Shares": 33351000.0,
        "Diluted EPS": 0.41,
        "Basic EPS": 0.41,
        "Diluted NI Availto Com Stockholders": 13764000.0,
        "Net Income Common Stockholders": 13764000.0,
        "Net Income": 13764000.0,
        "Net Income Including Noncontrolling Interests": 13764000.0,
        "Net Income Continuous Operations": 13764000.0,
        "Tax Provision": 4493000.0,
        "Pretax Income": 18257000.0,
        "Special Income Charges": NaN,
        "Other Special Charges": NaN,
        "Restructuring And Mergern Acquisition": NaN,
        "Gain On Sale Of Security": NaN,
        "Depreciation Amortization Depletion Income Statement": 2278000.0,
        "Depreciation And Amortization In Income Statement": 2278000.0,
        "Amortization": 2278000.0,
        "Amortization Of Intangibles Income Statement": 2278000.0,
        "Selling General And Administration": 17879000.0,
        "General And Administrative Expense": 17879000.0,
        "Insurance And Claims": 1091000.0,
        "Salaries And Wages": 16788000.0,
        "Total Revenue": 53032000.0,
        "Operating Revenue": 53032000.0,
        "Occupancy And Equipment": 3391000.0,
        "Professional Expense And Contract Services Expense": 1613000.0,
        "Other Non Interest Expense": 8586000.0
    },
    "2025-06-30": {
        "Tax Effect Of Unusual Items": 0.0,
        "Tax Rate For Calcs": 0.248,
        "Total Unusual Items": NaN,
        "Total Unusual Items Excluding Goodwill": NaN,
        "Net Income From Continuing Operation Net Minority Interest": 15507000.0,
        "Reconciled Depreciation": 4049000.0,
        "Net Interest Income": 47252000.0,
        "Interest Expense": 29368000.0,
        "Interest Income": 76620000.0,
        "Normalized Income": 15507000.0,
        "Net Income From Continuing And Discontinued Operation": 15507000.0,
        "Diluted Average Shares": 33388013.0,
        "Basic Average Shares": 33374265.0,
        "Diluted EPS": 0.46,
        "Basic EPS": 0.46,
        "Diluted NI Availto Com Stockholders": 15507000.0,
        "Net Income Common Stockholders": 15507000.0,
        "Net Income": 15507000.0,
        "Net Income Including Noncontrolling Interests": 15507000.0,
        "Net Income Continuous Operations": 15507000.0,
        "Tax Provision": 5125000.0,
        "Pretax Income": 20632000.0,
        "Special Income Charges": NaN,
        "Other Special Charges": NaN,
        "Restructuring And Mergern Acquisition": NaN,
        "Gain On Sale Of Security": NaN,
        "Depreciation Amortization Depletion Income Statement": 2272000.0,
        "Depreciation And Amortization In Income Statement": 2272000.0,
        "Amortization": 2272000.0,
        "Amortization Of Intangibles Income Statement": 2272000.0,
        "Selling General And Administration": 18984000.0,
        "General And Administrative Expense": 18984000.0,
        "Insurance And Claims": 1023000.0,
        "Salaries And Wages": 17961000.0,
        "Total Revenue": 56570000.0,
        "Operating Revenue": 56570000.0,
        "Occupancy And Equipment": 3268000.0,
        "Professional Expense And Contract Services Expense": 1225000.0,
        "Other Non Interest Expense": 8661000.0
    },
    "2025-09-30": {
        "Tax Effect Of Unusual Items": 0.0,
        "Tax Rate For Calcs": 0.244245,
        "Total Unusual Items": NaN,
        "Total Unusual Items Excluding Goodwill": NaN,
        "Net Income From Continuing Operation Net Minority Interest": 14348000.0,
        "Reconciled Depreciation": 3615000.0,
        "Net Interest Income": 48655000.0,
        "Interest Expense": 28532000.0,
        "Interest Income": 77187000.0,
        "Normalized Income": 14348000.0,
        "Net Income From Continuing And Discontinued Operation": 14348000.0,
        "Diluted Average Shares": 33435862.0,
        "Basic Average Shares": 33419291.0,
        "Diluted EPS": 0.43,
        "Basic EPS": 0.43,
        "Diluted NI Availto Com Stockholders": 14348000.0,
        "Net Income Common Stockholders": 14348000.0,
        "Net Income": 14348000.0,
        "Net Income Including Noncontrolling Interests": 14348000.0,
        "Net Income Continuous Operations": 14348000.0,
        "Tax Provision": 4637000.0,
        "Pretax Income": 18985000.0,
        "Special Income Charges": NaN,
        "Other Special Charges": NaN,
        "Restructuring And Mergern Acquisition": NaN,
        "Gain On Sale Of Security": NaN,
        "Depreciation Amortization Depletion Income Statement": 2039000.0,
        "Depreciation And Amortization In Income Statement": 2039000.0,
        "Amortization": 2039000.0,
        "Amortization Of Intangibles Income Statement": 2039000.0,
        "Selling General And Administration": 19754000.0,
        "General And Administrative Expense": 19754000.0,
        "Insurance And Claims": 794000.0,
        "Salaries And Wages": 18960000.0,
        "Total Revenue": 56356000.0,
        "Operating Revenue": 56356000.0,
        "Occupancy And Equipment": 3298000.0,
        "Professional Expense And Contract Services Expense": 989000.0,
        "Other Non Interest Expense": 8299000.0
    }
}