{
    "2023-03-31": {
        "Tax Effect Of Unusual Items": 136940.0,
        "Tax Rate For Calcs": 0.01,
        "Normalized EBITDA": 13284000.0,
        "Total Unusual Items": 13694000.0,
        "Total Unusual Items Excluding Goodwill": 13694000.0,
        "Net Income From Continuing Operation Net Minority Interest": -15952000.0,
        "Reconciled Depreciation": 24464000.0,
        "Reconciled Cost Of Revenue": 143972000.0,
        "EBITDA": 26978000.0,
        "EBIT": 2514000.0,
        "Net Interest Income": -18701000.0,
        "Interest Expense": 18701000.0,
        "Normalized Income": -29509060.0,
        "Net Income From Continuing And Discontinued Operation": -15952000.0,
        "Total Expenses": 267260000.0,
        "Total Operating Income As Reported": 962000.0,
        "Diluted Average Shares": 195422000.0,
        "Basic Average Shares": 195422000.0,
        "Diluted EPS": -0.08,
        "Basic EPS": -0.08,
        "Diluted NI Availto Com Stockholders": -15952000.0,
        "Net Income Common Stockholders": -15952000.0,
        "Net Income": -15952000.0,
        "Minority Interests": 64000.0,
        "Net Income Including Noncontrolling Interests": -16016000.0,
        "Net Income Continuous Operations": -16016000.0,
        "Tax Provision": -171000.0,
        "Pretax Income": -16187000.0,
        "Other Income Expense": 14565000.0,
        "Special Income Charges": 681000.0,
        "Gain On Sale Of Ppe": 681000.0,
        "Other Special Charges": NaN,
        "Earnings From Equity Interest": 871000.0,
        "Gain On Sale Of Security": 13013000.0,
        "Net Non Operating Interest Income Expense": -18701000.0,
        "Interest Expense Non Operating": 18701000.0,
        "Operating Income": -12051000.0,
        "Operating Expense": 123288000.0,
        "Other Operating Expenses": 57410000.0,
        "Depreciation Amortization Depletion Income Statement": 24464000.0,
        "Depreciation And Amortization In Income Statement": 24464000.0,
        "Selling General And Administration": 41414000.0,
        "General And Administrative Expense": 41414000.0,
        "Other Gand A": 35568000.0,
        "Salaries And Wages": 5846000.0,
        "Gross Profit": 111237000.0,
        "Cost Of Revenue": 143972000.0,
        "Total Revenue": 255209000.0,
        "Operating Revenue": 199326000.0
    },
    "2022-12-31": {
        "Tax Effect Of Unusual Items": 5008339.781329,
        "Tax Rate For Calcs": 0.115559,
        "Normalized EBITDA": 20486000.0,
        "Total Unusual Items": 43340000.0,
        "Total Unusual Items Excluding Goodwill": 43340000.0,
        "Net Income From Continuing Operation Net Minority Interest": 13526000.0,
        "Reconciled Depreciation": 27440000.0,
        "Reconciled Cost Of Revenue": 144049000.0,
        "EBITDA": 63826000.0,
        "EBIT": 36386000.0,
        "Net Interest Income": -18551000.0,
        "Interest Expense": 18551000.0,
        "Normalized Income": -24805660.218671,
        "Net Income From Continuing And Discontinued Operation": 13526000.0,
        "Total Expenses": 278859000.0,
        "Total Operating Income As Reported": 36010000.0,
        "Diluted Average Shares": NaN,
        "Basic Average Shares": NaN,
        "Diluted EPS": NaN,
        "Basic EPS": NaN,
        "Diluted NI Availto Com Stockholders": 13526000.0,
        "Net Income Common Stockholders": 13526000.0,
        "Net Income": 13526000.0,
        "Minority Interests": -2248000.0,
        "Net Income Including Noncontrolling Interests": 15774000.0,
        "Net Income Continuous Operations": 15774000.0,
        "Tax Provision": 2061000.0,
        "Pretax Income": 17835000.0,
        "Other Income Expense": 44855000.0,
        "Special Income Charges": -15220000.0,
        "Gain On Sale Of Ppe": -1139000.0,
        "Other Special Charges": NaN,
        "Earnings From Equity Interest": 1515000.0,
        "Gain On Sale Of Security": 58560000.0,
        "Net Non Operating Interest Income Expense": -18551000.0,
        "Interest Expense Non Operating": 18551000.0,
        "Operating Income": -8469000.0,
        "Operating Expense": 134810000.0,
        "Other Operating Expenses": 73177000.0,
        "Depreciation Amortization Depletion Income Statement": 27440000.0,
        "Depreciation And Amortization In Income Statement": 27440000.0,
        "Selling General And Administration": 34193000.0,
        "General And Administrative Expense": 34193000.0,
        "Other Gand A": 26367000.0,
        "Salaries And Wages": 7826000.0,
        "Gross Profit": 126341000.0,
        "Cost Of Revenue": 144049000.0,
        "Total Revenue": 270390000.0,
        "Operating Revenue": 197798000.0
    },
    "2022-09-30": {
        "Tax Effect Of Unusual Items": -1838740.2,
        "Tax Rate For Calcs": 0.0341,
        "Normalized EBITDA": 10986000.0,
        "Total Unusual Items": -53922000.0,
        "Total Unusual Items Excluding Goodwill": -53922000.0,
        "Net Income From Continuing Operation Net Minority Interest": -91668000.0,
        "Reconciled Depreciation": 26971000.0,
        "Reconciled Cost Of Revenue": 213694000.0,
        "EBITDA": -42936000.0,
        "EBIT": -69907000.0,
        "Net Interest Income": -18453000.0,
        "Interest Expense": 18453000.0,
        "Normalized Income": -39584740.2,
        "Net Income From Continuing And Discontinued Operation": -91668000.0,
        "Total Expenses": 282717000.0,
        "Total Operating Income As Reported": -70581000.0,
        "Diluted Average Shares": 199391000.0,
        "Basic Average Shares": 199391000.0,
        "Diluted EPS": -0.46,
        "Basic EPS": -0.46,
        "Diluted NI Availto Com Stockholders": -91668000.0,
        "Net Income Common Stockholders": -91668000.0,
        "Net Income": -91668000.0,
        "Minority Interests": -295000.0,
        "Net Income Including Noncontrolling Interests": -91373000.0,
        "Net Income Continuous Operations": -91373000.0,
        "Tax Provision": 3013000.0,
        "Pretax Income": -88360000.0,
        "Other Income Expense": -53236000.0,
        "Special Income Charges": -12000.0,
        "Gain On Sale Of Ppe": -12000.0,
        "Earnings From Equity Interest": 686000.0,
        "Gain On Sale Of Security": -53910000.0,
        "Net Non Operating Interest Income Expense": -18453000.0,
        "Interest Expense Non Operating": 18453000.0,
        "Operating Income": -16671000.0,
        "Operating Expense": 69023000.0,
        "Other Operating Expenses": 912000.0,
        "Depreciation Amortization Depletion Income Statement": 26971000.0,
        "Depreciation And Amortization In Income Statement": 26971000.0,
        "Selling General And Administration": 41140000.0,
        "General And Administrative Expense": 41140000.0,
        "Other Gand A": 33362000.0,
        "Salaries And Wages": 7778000.0,
        "Gross Profit": 52352000.0,
        "Cost Of Revenue": 213694000.0,
        "Total Revenue": 266046000.0,
        "Operating Revenue": 179511000.0
    },
    "2022-06-30": {
        "Tax Effect Of Unusual Items": -22919200.0,
        "Tax Rate For Calcs": 0.4,
        "Normalized EBITDA": 15718000.0,
        "Total Unusual Items": -57298000.0,
        "Total Unusual Items Excluding Goodwill": -57298000.0,
        "Net Income From Continuing Operation Net Minority Interest": -81959000.0,
        "Reconciled Depreciation": 22688000.0,
        "Reconciled Cost Of Revenue": 194431000.0,
        "EBITDA": -41580000.0,
        "EBIT": -64268000.0,
        "Net Interest Income": -18778000.0,
        "Interest Expense": 18778000.0,
        "Normalized Income": -47580200.0,
        "Net Income From Continuing And Discontinued Operation": -81959000.0,
        "Total Expenses": 252082000.0,
        "Total Operating Income As Reported": -65488000.0,
        "Diluted Average Shares": 201204000.0,
        "Basic Average Shares": 201204000.0,
        "Diluted EPS": -0.41,
        "Basic EPS": -0.41,
        "Diluted NI Availto Com Stockholders": -81959000.0,
        "Net Income Common Stockholders": -81959000.0,
        "Net Income": -81959000.0,
        "Minority Interests": 1596000.0,
        "Net Income Including Noncontrolling Interests": -83555000.0,
        "Net Income Continuous Operations": -83555000.0,
        "Tax Provision": 509000.0,
        "Pretax Income": -83046000.0,
        "Other Income Expense": -55956000.0,
        "Special Income Charges": -122000.0,
        "Gain On Sale Of Ppe": -122000.0,
        "Earnings From Equity Interest": 1342000.0,
        "Gain On Sale Of Security": -57176000.0,
        "Net Non Operating Interest Income Expense": -18778000.0,
        "Interest Expense Non Operating": 18778000.0,
        "Operating Income": -8312000.0,
        "Operating Expense": 57651000.0,
        "Other Operating Expenses": 301000.0,
        "Depreciation Amortization Depletion Income Statement": 22688000.0,
        "Depreciation And Amortization In Income Statement": 22688000.0,
        "Selling General And Administration": 34662000.0,
        "General And Administrative Expense": 34662000.0,
        "Other Gand A": 30388000.0,
        "Salaries And Wages": 4274000.0,
        "Gross Profit": 49339000.0,
        "Cost Of Revenue": 194431000.0,
        "Total Revenue": 243770000.0,
        "Operating Revenue": 175574000.0
    },
    "2022-03-31": {
        "Diluted EPS": -0.3,
        "Total Revenue": 192,
        "Gross Profit": 82,
        "Operating Income": -47,
        "EBIT": -25,
        "Net Income": -60
    },
    "2021-12-31": {
        "Diluted EPS": -0.08,
        "Total Revenue": 185,
        "Gross Profit": 81,
        "Operating Income": -24,
        "EBIT": -2,
        "Net Income": -94
    },
    "2021-09-30": {
        "Diluted EPS": -0.72,
        "Total Revenue": 180,
        "Gross Profit": 90,
        "Operating Income": -53,
        "EBIT": -32,
        "Net Income": -77
    },
    "2021-06-30": {
        "Diluted EPS": -0.43,
        "Total Revenue": 124,
        "Gross Profit": 54,
        "Operating Income": -47,
        "EBIT": -25,
        "Net Income": -65
    },
    "2021-03-31": {
        "Diluted EPS": -0.65,
        "Total Revenue": 72,
        "Gross Profit": 27,
        "Operating Income": -64,
        "EBIT": -46,
        "Net Income": -90
    },
    "2020-12-31": {
        "Diluted EPS": 0.0,
        "Total Revenue": NaN,
        "Gross Profit": NaN,
        "Operating Income": NaN,
        "EBIT": NaN,
        "Net Income": NaN
    },
    "2020-09-30": {
        "Diluted EPS": -0.28,
        "Total Revenue": 114,
        "Gross Profit": 69,
        "Operating Income": -16,
        "EBIT": 0,
        "Net Income": -40
    },
    "2020-06-30": {
        "Diluted EPS": -0.43,
        "Total Revenue": 57,
        "Gross Profit": 28,
        "Operating Income": -58,
        "EBIT": -58,
        "Net Income": -76
    },
    "2023-06-30": {
        "Tax Effect Of Unusual Items": NaN,
        "Tax Rate For Calcs": NaN,
        "Normalized EBITDA": NaN,
        "Total Unusual Items": NaN,
        "Total Unusual Items Excluding Goodwill": NaN,
        "Net Income From Continuing Operation Net Minority Interest": NaN,
        "Reconciled Depreciation": NaN,
        "Reconciled Cost Of Revenue": NaN,
        "EBITDA": NaN,
        "EBIT": NaN,
        "Net Interest Income": NaN,
        "Interest Expense": NaN,
        "Normalized Income": NaN,
        "Net Income From Continuing And Discontinued Operation": NaN,
        "Total Expenses": NaN,
        "Total Operating Income As Reported": NaN,
        "Diluted Average Shares": NaN,
        "Basic Average Shares": NaN,
        "Diluted EPS": NaN,
        "Basic EPS": NaN,
        "Diluted NI Availto Com Stockholders": NaN,
        "Net Income Common Stockholders": NaN,
        "Net Income": NaN,
        "Minority Interests": NaN,
        "Net Income Including Noncontrolling Interests": NaN,
        "Net Income Continuous Operations": NaN,
        "Tax Provision": NaN,
        "Pretax Income": NaN,
        "Other Income Expense": NaN,
        "Special Income Charges": NaN,
        "Gain On Sale Of Ppe": NaN,
        "Other Special Charges": 4206000.0,
        "Impairment Of Capital Assets": NaN,
        "Earnings From Equity Interest": NaN,
        "Gain On Sale Of Security": NaN,
        "Net Non Operating Interest Income Expense": NaN,
        "Interest Expense Non Operating": NaN,
        "Operating Income": NaN,
        "Operating Expense": NaN,
        "Other Operating Expenses": NaN,
        "Depreciation Amortization Depletion Income Statement": NaN,
        "Depreciation And Amortization In Income Statement": NaN,
        "Selling General And Administration": NaN,
        "General And Administrative Expense": NaN,
        "Other Gand A": NaN,
        "Salaries And Wages": NaN,
        "Gross Profit": NaN,
        "Cost Of Revenue": NaN,
        "Total Revenue": NaN,
        "Operating Revenue": NaN
    },
    "2023-09-30": {
        "Tax Effect Of Unusual Items": NaN,
        "Tax Rate For Calcs": NaN,
        "Normalized EBITDA": NaN,
        "Total Unusual Items": NaN,
        "Total Unusual Items Excluding Goodwill": NaN,
        "Net Income From Continuing Operation Net Minority Interest": NaN,
        "Reconciled Depreciation": NaN,
        "Reconciled Cost Of Revenue": NaN,
        "EBITDA": NaN,
        "EBIT": NaN,
        "Net Interest Income": NaN,
        "Interest Expense": NaN,
        "Normalized Income": NaN,
        "Net Income From Continuing And Discontinued Operation": NaN,
        "Total Expenses": NaN,
        "Total Operating Income As Reported": NaN,
        "Diluted Average Shares": NaN,
        "Basic Average Shares": NaN,
        "Diluted EPS": NaN,
        "Basic EPS": NaN,
        "Diluted NI Availto Com Stockholders": NaN,
        "Net Income Common Stockholders": NaN,
        "Net Income": NaN,
        "Minority Interests": NaN,
        "Net Income Including Noncontrolling Interests": NaN,
        "Net Income Continuous Operations": NaN,
        "Tax Provision": NaN,
        "Pretax Income": NaN,
        "Other Income Expense": NaN,
        "Special Income Charges": NaN,
        "Gain On Sale Of Ppe": NaN,
        "Other Special Charges": NaN,
        "Impairment Of Capital Assets": 0.0,
        "Restructuring And Mergern Acquisition": NaN,
        "Earnings From Equity Interest": NaN,
        "Gain On Sale Of Security": NaN,
        "Net Non Operating Interest Income Expense": NaN,
        "Interest Expense Non Operating": NaN,
        "Operating Income": NaN,
        "Operating Expense": NaN,
        "Other Operating Expenses": NaN,
        "Depreciation Amortization Depletion Income Statement": NaN,
        "Depreciation And Amortization In Income Statement": NaN,
        "Selling General And Administration": NaN,
        "General And Administrative Expense": NaN,
        "Other Gand A": NaN,
        "Salaries And Wages": NaN,
        "Gross Profit": NaN,
        "Cost Of Revenue": NaN,
        "Total Revenue": NaN,
        "Operating Revenue": NaN
    },
    "2023-12-31": {
        "Tax Effect Of Unusual Items": -6725240.0,
        "Tax Rate For Calcs": 0.19,
        "Normalized EBITDA": 45269000.0,
        "Total Unusual Items": -35396000.0,
        "Total Unusual Items Excluding Goodwill": -35396000.0,
        "Net Income From Continuing Operation Net Minority Interest": -56995000.0,
        "Reconciled Depreciation": 37174000.0,
        "Reconciled Cost Of Revenue": 146552000.0,
        "EBITDA": 9873000.0,
        "EBIT": -27301000.0,
        "Net Interest Income": -24609000.0,
        "Interest Expense": 24609000.0,
        "Normalized Income": -28324240.0,
        "Net Income From Continuing And Discontinued Operation": -56995000.0,
        "Total Expenses": 280184000.0,
        "Total Operating Income As Reported": -23156000.0,
        "Diluted Average Shares": 195126343.0,
        "Basic Average Shares": 195126343.0,
        "Diluted EPS": -0.29,
        "Basic EPS": -0.29,
        "Diluted NI Availto Com Stockholders": -56995000.0,
        "Net Income Common Stockholders": -56995000.0,
        "Net Income": -56995000.0,
        "Minority Interests": 340000.0,
        "Net Income Including Noncontrolling Interests": -57335000.0,
        "Net Income Continuous Operations": -57335000.0,
        "Tax Provision": 5425000.0,
        "Pretax Income": -51910000.0,
        "Other Income Expense": -37907000.0,
        "Special Income Charges": -67693000.0,
        "Gain On Sale Of Ppe": -1634000.0,
        "Impairment Of Capital Assets": NaN,
        "Earnings From Equity Interest": -2511000.0,
        "Gain On Sale Of Security": 32297000.0,
        "Net Non Operating Interest Income Expense": -24609000.0,
        "Interest Expense Non Operating": 24609000.0,
        "Operating Income": 10606000.0,
        "Operating Expense": 133632000.0,
        "Other Operating Expenses": 52212000.0,
        "Depreciation Amortization Depletion Income Statement": 37174000.0,
        "Depreciation And Amortization In Income Statement": 37174000.0,
        "Selling General And Administration": 44246000.0,
        "General And Administrative Expense": 44246000.0,
        "Other Gand A": 40202000.0,
        "Salaries And Wages": 4044000.0,
        "Gross Profit": 144238000.0,
        "Cost Of Revenue": 146552000.0,
        "Total Revenue": 290790000.0,
        "Operating Revenue": 220987000.0
    },
    "2024-03-31": {
        "Tax Effect Of Unusual Items": NaN,
        "Tax Rate For Calcs": NaN,
        "Normalized EBITDA": NaN,
        "Total Unusual Items": NaN,
        "Total Unusual Items Excluding Goodwill": NaN,
        "Net Income From Continuing Operation Net Minority Interest": NaN,
        "Reconciled Depreciation": NaN,
        "Reconciled Cost Of Revenue": NaN,
        "EBITDA": NaN,
        "EBIT": NaN,
        "Net Interest Income": NaN,
        "Interest Expense": NaN,
        "Normalized Income": NaN,
        "Net Income From Continuing And Discontinued Operation": NaN,
        "Total Expenses": NaN,
        "Total Operating Income As Reported": NaN,
        "Diluted Average Shares": NaN,
        "Basic Average Shares": NaN,
        "Diluted EPS": NaN,
        "Basic EPS": NaN,
        "Diluted NI Availto Com Stockholders": NaN,
        "Net Income Common Stockholders": NaN,
        "Net Income": NaN,
        "Minority Interests": NaN,
        "Net Income Including Noncontrolling Interests": NaN,
        "Net Income Continuous Operations": NaN,
        "Tax Provision": NaN,
        "Pretax Income": NaN,
        "Other Income Expense": NaN,
        "Special Income Charges": NaN,
        "Gain On Sale Of Ppe": NaN,
        "Other Special Charges": 5746000.0,
        "Impairment Of Capital Assets": NaN,
        "Restructuring And Mergern Acquisition": 0.0,
        "Earnings From Equity Interest": NaN,
        "Gain On Sale Of Security": NaN,
        "Net Non Operating Interest Income Expense": NaN,
        "Interest Expense Non Operating": NaN,
        "Operating Income": NaN,
        "Operating Expense": NaN,
        "Other Operating Expenses": NaN,
        "Depreciation Amortization Depletion Income Statement": NaN,
        "Depreciation And Amortization In Income Statement": NaN,
        "Selling General And Administration": NaN,
        "General And Administrative Expense": NaN,
        "Other Gand A": NaN,
        "Salaries And Wages": NaN,
        "Gross Profit": NaN,
        "Cost Of Revenue": NaN,
        "Total Revenue": NaN,
        "Operating Revenue": NaN
    },
    "2024-06-30": {
        "Tax Effect Of Unusual Items": -342090.0,
        "Tax Rate For Calcs": 0.035,
        "Normalized EBITDA": 23586000.0,
        "Total Unusual Items": -9774000.0,
        "Total Unusual Items Excluding Goodwill": -9774000.0,
        "Net Income From Continuing Operation Net Minority Interest": -29899000.0,
        "Reconciled Depreciation": 25131000.0,
        "Reconciled Cost Of Revenue": 163979000.0,
        "EBITDA": 13812000.0,
        "EBIT": -11319000.0,
        "Net Interest Income": -19989000.0,
        "Interest Expense": 19989000.0,
        "Normalized Income": -20467090.0,
        "Net Income From Continuing And Discontinued Operation": -29899000.0,
        "Total Expenses": 306006000.0,
        "Total Operating Income As Reported": -12942000.0,
        "Diluted Average Shares": 196258000.0,
        "Basic Average Shares": 196258000.0,
        "Diluted EPS": -0.15,
        "Basic EPS": -0.15,
        "Diluted NI Availto Com Stockholders": -29899000.0,
        "Net Income Common Stockholders": -29899000.0,
        "Net Income": -29899000.0,
        "Minority Interests": 306000.0,
        "Net Income Including Noncontrolling Interests": -30205000.0,
        "Net Income Continuous Operations": -30205000.0,
        "Tax Provision": -1103000.0,
        "Pretax Income": -31308000.0,
        "Other Income Expense": -8260000.0,
        "Special Income Charges": -4601000.0,
        "Gain On Sale Of Ppe": 109000.0,
        "Other Special Charges": NaN,
        "Impairment Of Capital Assets": 4710000.0,
        "Restructuring And Mergern Acquisition": 0.0,
        "Earnings From Equity Interest": 1514000.0,
        "Gain On Sale Of Security": -5173000.0,
        "Net Non Operating Interest Income Expense": -19989000.0,
        "Interest Expense Non Operating": 19989000.0,
        "Operating Income": -3059000.0,
        "Operating Expense": 142027000.0,
        "Other Operating Expenses": 74572000.0,
        "Depreciation Amortization Depletion Income Statement": 25131000.0,
        "Depreciation And Amortization In Income Statement": 25131000.0,
        "Selling General And Administration": 42324000.0,
        "General And Administrative Expense": 42324000.0,
        "Other Gand A": 38726000.0,
        "Salaries And Wages": 3598000.0,
        "Gross Profit": 138968000.0,
        "Cost Of Revenue": 163979000.0,
        "Total Revenue": 302947000.0,
        "Operating Revenue": 229632000.0
    },
    "2024-09-30": {
        "Tax Effect Of Unusual Items": 6321750.0,
        "Tax Rate For Calcs": 0.25,
        "Normalized EBITDA": 40132000.0,
        "Total Unusual Items": 25287000.0,
        "Total Unusual Items Excluding Goodwill": 25287000.0,
        "Net Income From Continuing Operation Net Minority Interest": 175000.0,
        "Reconciled Depreciation": 26017000.0,
        "Reconciled Cost Of Revenue": 158790000.0,
        "EBITDA": 65419000.0,
        "EBIT": 39402000.0,
        "Net Interest Income": -20658000.0,
        "Interest Expense": 20658000.0,
        "Normalized Income": -18790250.0,
        "Net Income From Continuing And Discontinued Operation": 175000.0,
        "Total Expenses": 321007000.0,
        "Total Operating Income As Reported": 37884000.0,
        "Diluted Average Shares": 195485000.0,
        "Basic Average Shares": 194515000.0,
        "Diluted EPS": 0.0,
        "Basic EPS": 0.0,
        "Diluted NI Availto Com Stockholders": 175000.0,
        "Net Income Common Stockholders": 175000.0,
        "Net Income": 175000.0,
        "Minority Interests": -543000.0,
        "Net Income Including Noncontrolling Interests": 718000.0,
        "Net Income Continuous Operations": 718000.0,
        "Tax Provision": 18026000.0,
        "Pretax Income": 18744000.0,
        "Other Income Expense": 27041000.0,
        "Special Income Charges": -14304000.0,
        "Gain On Sale Of Ppe": -236000.0,
        "Other Special Charges": NaN,
        "Impairment Of Capital Assets": 14068000.0,
        "Restructuring And Mergern Acquisition": NaN,
        "Earnings From Equity Interest": 1754000.0,
        "Gain On Sale Of Security": 39591000.0,
        "Net Non Operating Interest Income Expense": -20658000.0,
        "Interest Expense Non Operating": 20658000.0,
        "Operating Income": 12361000.0,
        "Operating Expense": 162217000.0,
        "Other Operating Expenses": 93015000.0,
        "Depreciation Amortization Depletion Income Statement": 26017000.0,
        "Depreciation And Amortization In Income Statement": 26017000.0,
        "Selling General And Administration": 43185000.0,
        "General And Administrative Expense": 43185000.0,
        "Other Gand A": 39672000.0,
        "Salaries And Wages": 3513000.0,
        "Gross Profit": 174578000.0,
        "Cost Of Revenue": 158790000.0,
        "Total Revenue": 333368000.0,
        "Operating Revenue": 228052000.0
    },
    "2024-12-31": {
        "Tax Effect Of Unusual Items": -382503.423252,
        "Tax Rate For Calcs": 0.004093,
        "Normalized EBITDA": 47420000.0,
        "Total Unusual Items": -93458000.0,
        "Total Unusual Items Excluding Goodwill": -93458000.0,
        "Net Income From Continuing Operation Net Minority Interest": -91685000.0,
        "Reconciled Depreciation": 24879000.0,
        "Reconciled Cost Of Revenue": 164102000.0,
        "EBITDA": -46038000.0,
        "EBIT": -70917000.0,
        "Net Interest Income": -21685000.0,
        "Interest Expense": 21685000.0,
        "Normalized Income": 1390496.576748,
        "Net Income From Continuing And Discontinued Operation": -91685000.0,
        "Total Expenses": 284459000.0,
        "Total Operating Income As Reported": -70656000.0,
        "Diluted Average Shares": 194108544.0,
        "Basic Average Shares": 194108544.0,
        "Diluted EPS": -0.47,
        "Basic EPS": -0.47,
        "Diluted NI Availto Com Stockholders": -91685000.0,
        "Net Income Common Stockholders": -91685000.0,
        "Net Income": -91685000.0,
        "Minority Interests": 538000.0,
        "Net Income Including Noncontrolling Interests": -92223000.0,
        "Net Income Continuous Operations": -92223000.0,
        "Tax Provision": -379000.0,
        "Pretax Income": -92602000.0,
        "Other Income Expense": -92013000.0,
        "Special Income Charges": -41813000.0,
        "Gain On Sale Of Ppe": -1706000.0,
        "Other Special Charges": NaN,
        "Impairment Of Capital Assets": 24481000.0,
        "Restructuring And Mergern Acquisition": NaN,
        "Earnings From Equity Interest": 1445000.0,
        "Gain On Sale Of Security": -51645000.0,
        "Net Non Operating Interest Income Expense": -21685000.0,
        "Interest Expense Non Operating": 21685000.0,
        "Operating Income": 21096000.0,
        "Operating Expense": 120357000.0,
        "Other Operating Expenses": 54453000.0,
        "Depreciation Amortization Depletion Income Statement": 24879000.0,
        "Depreciation And Amortization In Income Statement": 24879000.0,
        "Selling General And Administration": 41025000.0,
        "General And Administrative Expense": 41025000.0,
        "Other Gand A": 40152000.0,
        "Salaries And Wages": 873000.0,
        "Gross Profit": 141453000.0,
        "Cost Of Revenue": 164102000.0,
        "Total Revenue": 305555000.0,
        "Operating Revenue": 232736000.0
    },
    "2025-03-31": {
        "Tax Effect Of Unusual Items": 10071250.0,
        "Tax Rate For Calcs": 0.25,
        "Normalized EBITDA": 19359000.0,
        "Total Unusual Items": 40285000.0,
        "Total Unusual Items Excluding Goodwill": 40285000.0,
        "Net Income From Continuing Operation Net Minority Interest": 8168000.0,
        "Reconciled Depreciation": 24014000.0,
        "Reconciled Cost Of Revenue": 164446000.0,
        "EBITDA": 59644000.0,
        "EBIT": 35630000.0,
        "Net Interest Income": -21375000.0,
        "Interest Expense": 21375000.0,
        "Normalized Income": -22045750.0,
        "Net Income From Continuing And Discontinued Operation": 8168000.0,
        "Total Expenses": 288253000.0,
        "Total Operating Income As Reported": 34894000.0,
        "Diluted Average Shares": 196670000.0,
        "Basic Average Shares": 194464000.0,
        "Diluted EPS": 0.04,
        "Basic EPS": 0.04,
        "Diluted NI Availto Com Stockholders": 8168000.0,
        "Net Income Common Stockholders": 8168000.0,
        "Net Income": 8168000.0,
        "Minority Interests": 655000.0,
        "Net Income Including Noncontrolling Interests": 7513000.0,
        "Net Income Continuous Operations": 7513000.0,
        "Tax Provision": 6742000.0,
        "Pretax Income": 14255000.0,
        "Other Income Expense": 41019000.0,
        "Special Income Charges": 18764000.0,
        "Gain On Sale Of Ppe": 2000.0,
        "Other Special Charges": 2035000.0,
        "Impairment Of Capital Assets": 2102000.0,
        "Restructuring And Mergern Acquisition": -22899000.0,
        "Earnings From Equity Interest": 734000.0,
        "Gain On Sale Of Security": 21521000.0,
        "Net Non Operating Interest Income Expense": -21375000.0,
        "Interest Expense Non Operating": 21375000.0,
        "Operating Income": -5389000.0,
        "Operating Expense": 123807000.0,
        "Other Operating Expenses": 60985000.0,
        "Depreciation Amortization Depletion Income Statement": 24014000.0,
        "Depreciation And Amortization In Income Statement": 24014000.0,
        "Selling General And Administration": 38808000.0,
        "General And Administrative Expense": 38808000.0,
        "Other Gand A": 36448000.0,
        "Salaries And Wages": 2360000.0,
        "Gross Profit": 118418000.0,
        "Cost Of Revenue": 164446000.0,
        "Total Revenue": 282864000.0,
        "Operating Revenue": 225330000.0
    },
    "2025-06-30": {
        "Tax Effect Of Unusual Items": 18841223.0,
        "Tax Rate For Calcs": 0.397,
        "Normalized EBITDA": 37587000.0,
        "Total Unusual Items": 47459000.0,
        "Total Unusual Items Excluding Goodwill": 47459000.0,
        "Net Income From Continuing Operation Net Minority Interest": 24885000.0,
        "Reconciled Depreciation": 23389000.0,
        "Reconciled Cost Of Revenue": 170044000.0,
        "EBITDA": 85046000.0,
        "EBIT": 61657000.0,
        "Net Interest Income": -21666000.0,
        "Interest Expense": 21666000.0,
        "Normalized Income": -3732777.0,
        "Net Income From Continuing And Discontinued Operation": 24885000.0,
        "Total Expenses": 317488000.0,
        "Total Operating Income As Reported": 59721000.0,
        "Diluted Average Shares": 196395000.0,
        "Basic Average Shares": 194596000.0,
        "Diluted EPS": 0.13,
        "Basic EPS": 0.13,
        "Diluted NI Availto Com Stockholders": 24885000.0,
        "Net Income Common Stockholders": 24885000.0,
        "Net Income": 24885000.0,
        "Minority Interests": 757000.0,
        "Net Income Including Noncontrolling Interests": 24128000.0,
        "Net Income Continuous Operations": 24128000.0,
        "Tax Provision": 15863000.0,
        "Pretax Income": 39991000.0,
        "Other Income Expense": 49341000.0,
        "Special Income Charges": 54000.0,
        "Gain On Sale Of Ppe": 54000.0,
        "Other Special Charges": NaN,
        "Impairment Of Capital Assets": 0.0,
        "Restructuring And Mergern Acquisition": 0.0,
        "Earnings From Equity Interest": 1882000.0,
        "Gain On Sale Of Security": 47405000.0,
        "Net Non Operating Interest Income Expense": -21666000.0,
        "Interest Expense Non Operating": 21666000.0,
        "Operating Income": 12316000.0,
        "Operating Expense": 147444000.0,
        "Other Operating Expenses": 81630000.0,
        "Depreciation Amortization Depletion Income Statement": 23389000.0,
        "Depreciation And Amortization In Income Statement": 23389000.0,
        "Selling General And Administration": 42425000.0,
        "General And Administrative Expense": 42425000.0,
        "Other Gand A": 40269000.0,
        "Salaries And Wages": 2156000.0,
        "Gross Profit": 159760000.0,
        "Cost Of Revenue": 170044000.0,
        "Total Revenue": 329804000.0,
        "Operating Revenue": 251130000.0
    }
}