{
    "2023-03-31": {
        "Tax Effect Of Unusual Items": NaN,
        "Tax Rate For Calcs": NaN,
        "Normalized EBITDA": NaN,
        "Total Unusual Items": NaN,
        "Total Unusual Items Excluding Goodwill": NaN,
        "Net Income From Continuing Operation Net Minority Interest": NaN,
        "Reconciled Cost Of Revenue": NaN,
        "EBITDA": NaN,
        "EBIT": NaN,
        "Net Interest Income": NaN,
        "Interest Expense": NaN,
        "Interest Income": NaN,
        "Normalized Income": NaN,
        "Net Income From Continuing And Discontinued Operation": NaN,
        "Total Expenses": NaN,
        "Total Operating Income As Reported": NaN,
        "Diluted Average Shares": NaN,
        "Basic Average Shares": NaN,
        "Diluted EPS": NaN,
        "Basic EPS": NaN,
        "Diluted NI Availto Com Stockholders": NaN,
        "Net Income Common Stockholders": NaN,
        "Otherunder Preferred Stock Dividend": NaN,
        "Net Income": NaN,
        "Net Income Including Noncontrolling Interests": NaN,
        "Net Income Continuous Operations": NaN,
        "Tax Provision": NaN,
        "Pretax Income": NaN,
        "Other Income Expense": NaN,
        "Other Non Operating Income Expenses": NaN,
        "Special Income Charges": NaN,
        "Gain On Sale Of Ppe": NaN,
        "Gain On Sale Of Business": NaN,
        "Other Special Charges": 110000.0,
        "Restructuring And Mergern Acquisition": NaN,
        "Gain On Sale Of Security": NaN,
        "Net Non Operating Interest Income Expense": NaN,
        "Total Other Finance Cost": NaN,
        "Interest Expense Non Operating": NaN,
        "Interest Income Non Operating": NaN,
        "Operating Income": NaN,
        "Operating Expense": NaN,
        "Other Operating Expenses": NaN,
        "Selling General And Administration": NaN,
        "General And Administrative Expense": NaN,
        "Other Gand A": NaN,
        "Gross Profit": NaN,
        "Cost Of Revenue": NaN,
        "Total Revenue": NaN,
        "Operating Revenue": NaN
    },
    "2022-12-31": {
        "Tax Effect Of Unusual Items": NaN,
        "Tax Rate For Calcs": NaN,
        "Normalized EBITDA": NaN,
        "Total Unusual Items": NaN,
        "Total Unusual Items Excluding Goodwill": NaN,
        "Net Income From Continuing Operation Net Minority Interest": NaN,
        "Reconciled Cost Of Revenue": NaN,
        "EBITDA": NaN,
        "EBIT": NaN,
        "Net Interest Income": NaN,
        "Interest Expense": NaN,
        "Interest Income": NaN,
        "Normalized Income": NaN,
        "Net Income From Continuing And Discontinued Operation": NaN,
        "Total Expenses": NaN,
        "Total Operating Income As Reported": NaN,
        "Diluted Average Shares": NaN,
        "Basic Average Shares": NaN,
        "Diluted EPS": NaN,
        "Basic EPS": NaN,
        "Diluted NI Availto Com Stockholders": NaN,
        "Net Income Common Stockholders": NaN,
        "Otherunder Preferred Stock Dividend": NaN,
        "Net Income": NaN,
        "Net Income Including Noncontrolling Interests": NaN,
        "Net Income Continuous Operations": NaN,
        "Tax Provision": NaN,
        "Pretax Income": NaN,
        "Other Income Expense": NaN,
        "Other Non Operating Income Expenses": NaN,
        "Special Income Charges": NaN,
        "Gain On Sale Of Ppe": NaN,
        "Gain On Sale Of Business": NaN,
        "Other Special Charges": NaN,
        "Restructuring And Mergern Acquisition": 2800000.0,
        "Gain On Sale Of Security": NaN,
        "Net Non Operating Interest Income Expense": NaN,
        "Total Other Finance Cost": 1113000.0,
        "Interest Expense Non Operating": NaN,
        "Interest Income Non Operating": NaN,
        "Operating Income": NaN,
        "Operating Expense": NaN,
        "Other Operating Expenses": NaN,
        "Selling General And Administration": NaN,
        "General And Administrative Expense": NaN,
        "Other Gand A": NaN,
        "Gross Profit": NaN,
        "Cost Of Revenue": NaN,
        "Total Revenue": NaN,
        "Operating Revenue": NaN
    },
    "2022-09-30": {
        "Tax Effect Of Unusual Items": NaN,
        "Tax Rate For Calcs": NaN,
        "Normalized EBITDA": NaN,
        "Total Unusual Items": NaN,
        "Total Unusual Items Excluding Goodwill": NaN,
        "Net Income From Continuing Operation Net Minority Interest": NaN,
        "Reconciled Cost Of Revenue": NaN,
        "EBITDA": NaN,
        "EBIT": NaN,
        "Net Interest Income": NaN,
        "Interest Expense": NaN,
        "Interest Income": NaN,
        "Normalized Income": NaN,
        "Net Income From Continuing And Discontinued Operation": NaN,
        "Total Expenses": NaN,
        "Total Operating Income As Reported": NaN,
        "Diluted Average Shares": 17908986.0,
        "Basic Average Shares": 17570670.0,
        "Diluted EPS": 0.4,
        "Basic EPS": 0.41,
        "Diluted NI Availto Com Stockholders": NaN,
        "Net Income Common Stockholders": NaN,
        "Otherunder Preferred Stock Dividend": NaN,
        "Net Income": NaN,
        "Net Income Including Noncontrolling Interests": NaN,
        "Net Income Continuous Operations": NaN,
        "Tax Provision": NaN,
        "Pretax Income": NaN,
        "Other Income Expense": NaN,
        "Other Non Operating Income Expenses": 41000.0,
        "Special Income Charges": NaN,
        "Gain On Sale Of Ppe": NaN,
        "Gain On Sale Of Business": NaN,
        "Other Special Charges": NaN,
        "Restructuring And Mergern Acquisition": -2800000.0,
        "Gain On Sale Of Security": NaN,
        "Net Non Operating Interest Income Expense": NaN,
        "Total Other Finance Cost": 641000.0,
        "Interest Expense Non Operating": NaN,
        "Interest Income Non Operating": NaN,
        "Operating Income": NaN,
        "Operating Expense": NaN,
        "Other Operating Expenses": NaN,
        "Selling General And Administration": NaN,
        "General And Administrative Expense": NaN,
        "Other Gand A": NaN,
        "Gross Profit": NaN,
        "Cost Of Revenue": NaN,
        "Total Revenue": NaN,
        "Operating Revenue": NaN
    },
    "2022-06-30": {
        "Tax Effect Of Unusual Items": 20800.0,
        "Tax Rate For Calcs": 0.4,
        "Normalized EBITDA": 7801000.0,
        "Total Unusual Items": 52000.0,
        "Total Unusual Items Excluding Goodwill": 52000.0,
        "Net Income From Continuing Operation Net Minority Interest": 5935000.0,
        "Reconciled Cost Of Revenue": 17129000.0,
        "EBITDA": 7853000.0,
        "EBIT": 7853000.0,
        "Net Interest Income": -3163000.0,
        "Interest Expense": 1946000.0,
        "Interest Income": NaN,
        "Normalized Income": 5903800.0,
        "Net Income From Continuing And Discontinued Operation": 5935000.0,
        "Total Expenses": 21711000.0,
        "Total Operating Income As Reported": 8999000.0,
        "Diluted Average Shares": 17736828.0,
        "Basic Average Shares": 17255924.0,
        "Diluted EPS": 0.33,
        "Basic EPS": 0.34,
        "Diluted NI Availto Com Stockholders": 5935000.0,
        "Net Income Common Stockholders": 5935000.0,
        "Net Income": 5935000.0,
        "Net Income Including Noncontrolling Interests": 5935000.0,
        "Net Income Continuous Operations": 5935000.0,
        "Pretax Income": 5907000.0,
        "Other Income Expense": -2066000.0,
        "Other Non Operating Income Expenses": -2118000.0,
        "Special Income Charges": -6000.0,
        "Gain On Sale Of Ppe": NaN,
        "Other Special Charges": 6000.0,
        "Gain On Sale Of Security": 58000.0,
        "Net Non Operating Interest Income Expense": -3163000.0,
        "Total Other Finance Cost": NaN,
        "Interest Expense Non Operating": 1946000.0,
        "Interest Income Non Operating": NaN,
        "Operating Income": 11136000.0,
        "Operating Expense": 4582000.0,
        "Other Operating Expenses": 377000.0,
        "Selling General And Administration": 4582000.0,
        "General And Administrative Expense": 4582000.0,
        "Other Gand A": 4582000.0,
        "Gross Profit": 15718000.0,
        "Cost Of Revenue": 17129000.0,
        "Total Revenue": 32847000.0,
        "Operating Revenue": 32847000.0
    },
    "2022-03-31": {
        "Diluted EPS": 1.86,
        "Total Revenue": 154,
        "Gross Profit": 110,
        "Operating Income": 84,
        "EBIT": 92,
        "Net Income": 68
    },
    "2021-12-31": {
        "Diluted EPS": 1.91,
        "Total Revenue": 154,
        "Gross Profit": 105,
        "Operating Income": 82,
        "EBIT": 84,
        "Net Income": 66
    },
    "2021-09-30": {
        "Diluted EPS": 1.73,
        "Total Revenue": 139,
        "Gross Profit": 100,
        "Operating Income": 80,
        "EBIT": 75,
        "Net Income": 63
    },
    "2021-06-30": {
        "Diluted EPS": 0.83,
        "Total Revenue": 83,
        "Gross Profit": 53,
        "Operating Income": 45,
        "EBIT": 58,
        "Net Income": 30
    },
    "2021-03-31": {
        "Diluted EPS": 0.13,
        "Total Revenue": 73,
        "Gross Profit": 47,
        "Operating Income": 30,
        "EBIT": 54,
        "Net Income": 4
    },
    "2020-12-31": {
        "Diluted EPS": 0.34,
        "Total Revenue": 70,
        "Gross Profit": 51,
        "Operating Income": 26,
        "EBIT": 39,
        "Net Income": -5
    },
    "2020-09-30": {
        "Diluted EPS": 0.44,
        "Total Revenue": 71,
        "Gross Profit": 43,
        "Operating Income": 29,
        "EBIT": 42,
        "Net Income": 14
    },
    "2020-06-30": {
        "Diluted EPS": 0.42,
        "Total Revenue": 71,
        "Gross Profit": 44,
        "Operating Income": 30,
        "EBIT": 42,
        "Net Income": 13
    },
    "2020-03-31": {
        "Diluted EPS": 0.02,
        "Total Revenue": 71,
        "Gross Profit": 30,
        "Operating Income": 20,
        "EBIT": 35,
        "Net Income": 1
    },
    "2019-12-31": {
        "Diluted EPS": 0.7,
        "Total Revenue": 68,
        "Gross Profit": 40,
        "Operating Income": 27,
        "EBIT": 40,
        "Net Income": -11
    },
    "2019-09-30": {
        "Diluted EPS": 0.0,
        "Total Revenue": 66,
        "Gross Profit": 42,
        "Operating Income": 29,
        "EBIT": 41,
        "Net Income": 11
    },
    "2019-06-30": {
        "Diluted EPS": 0.36,
        "Total Revenue": 63,
        "Gross Profit": 40,
        "Operating Income": 27,
        "EBIT": 39,
        "Net Income": 8
    },
    "2019-03-31": {
        "Diluted EPS": 0.42,
        "Total Revenue": 65,
        "Gross Profit": 42,
        "Operating Income": 29,
        "EBIT": 41,
        "Net Income": 10
    },
    "2018-12-31": {
        "Diluted EPS": -9.32,
        "Total Revenue": 50,
        "Gross Profit": 31,
        "Operating Income": -56,
        "EBIT": -43,
        "Net Income": -73
    },
    "2018-09-30": {
        "Diluted EPS": 0.64,
        "Total Revenue": 36,
        "Gross Profit": 25,
        "Operating Income": 15,
        "EBIT": 25,
        "Net Income": 4
    },
    "2018-06-30": {
        "Diluted EPS": 0.56,
        "Total Revenue": 35,
        "Gross Profit": 25,
        "Operating Income": 15,
        "EBIT": 24,
        "Net Income": 4
    },
    "2018-03-31": {
        "Diluted EPS": 0.7,
        "Total Revenue": 36,
        "Gross Profit": 26,
        "Operating Income": 15,
        "EBIT": 24,
        "Net Income": 4
    },
    "2017-12-31": {
        "Diluted EPS": -16.65,
        "Total Revenue": 38,
        "Gross Profit": 26,
        "Operating Income": -72,
        "EBIT": -47,
        "Net Income": -100
    },
    "2017-09-30": {
        "Diluted EPS": 1.52,
        "Total Revenue": 41,
        "Gross Profit": 31,
        "Operating Income": 20,
        "EBIT": 30,
        "Net Income": 9
    },
    "2017-06-30": {
        "Diluted EPS": 1.12,
        "Total Revenue": 40,
        "Gross Profit": 29,
        "Operating Income": 19,
        "EBIT": 29,
        "Net Income": 7
    },
    "2017-03-31": {
        "Diluted EPS": 1.12,
        "Total Revenue": 40,
        "Gross Profit": 29,
        "Operating Income": 18,
        "EBIT": 29,
        "Net Income": 7
    },
    "2016-12-31": {
        "Diluted EPS": -9.28,
        "Total Revenue": 41,
        "Gross Profit": 30,
        "Operating Income": -45,
        "EBIT": -34,
        "Net Income": -55
    },
    "2016-09-30": {
        "Diluted EPS": -3.92,
        "Total Revenue": 41,
        "Gross Profit": 29,
        "Operating Income": -12,
        "EBIT": -1,
        "Net Income": -24
    },
    "2016-06-30": {
        "Diluted EPS": 1.04,
        "Total Revenue": 41,
        "Gross Profit": 30,
        "Operating Income": 18,
        "EBIT": 29,
        "Net Income": 6
    },
    "2016-03-31": {
        "Diluted EPS": 0.8,
        "Total Revenue": 43,
        "Gross Profit": 31,
        "Operating Income": 18,
        "EBIT": 30,
        "Net Income": 5
    },
    "2015-12-31": {
        "Diluted EPS": 1.04,
        "Total Revenue": 44,
        "Gross Profit": 32,
        "Operating Income": 19,
        "EBIT": 31,
        "Net Income": 6
    },
    "2015-09-30": {
        "Diluted EPS": -6.88,
        "Total Revenue": 42,
        "Gross Profit": 29,
        "Operating Income": -28,
        "EBIT": -16,
        "Net Income": -41
    },
    "2015-06-30": {
        "Diluted EPS": 0.48,
        "Total Revenue": 41,
        "Gross Profit": 28,
        "Operating Income": 15,
        "EBIT": 27,
        "Net Income": 3
    },
    "2015-03-31": {
        "Diluted EPS": 0.0,
        "Total Revenue": 38,
        "Gross Profit": 25,
        "Operating Income": 13,
        "EBIT": 24,
        "Net Income": 0
    },
    "2014-12-31": {
        "Diluted EPS": -0.16,
        "Total Revenue": 37,
        "Gross Profit": 24,
        "Operating Income": 12,
        "EBIT": 23,
        "Net Income": -1
    },
    "2014-09-30": {
        "Diluted EPS": 1.04,
        "Total Revenue": 34,
        "Gross Profit": 22,
        "Operating Income": 10,
        "EBIT": 21,
        "Net Income": 6
    },
    "2014-06-30": {
        "Diluted EPS": -0.4,
        "Total Revenue": 34,
        "Gross Profit": 21,
        "Operating Income": 10,
        "EBIT": 20,
        "Net Income": -2
    },
    "2014-03-31": {
        "Diluted EPS": 0.32,
        "Total Revenue": 34,
        "Gross Profit": 23,
        "Operating Income": 11,
        "EBIT": 24,
        "Net Income": 2
    },
    "2013-12-31": {
        "Diluted EPS": 1.36,
        "Total Revenue": 36,
        "Gross Profit": 24,
        "Operating Income": 13,
        "EBIT": 23,
        "Net Income": 8
    },
    "2013-09-30": {
        "Diluted EPS": 1.2,
        "Total Revenue": 36,
        "Gross Profit": 25,
        "Operating Income": 13,
        "EBIT": 23,
        "Net Income": 7
    },
    "2013-06-30": {
        "Diluted EPS": 1.68,
        "Total Revenue": 36,
        "Gross Profit": 24,
        "Operating Income": 13,
        "EBIT": 23,
        "Net Income": 10
    },
    "2013-03-31": {
        "Diluted EPS": 1.2,
        "Total Revenue": 35,
        "Gross Profit": 24,
        "Operating Income": 12,
        "EBIT": 22,
        "Net Income": 7
    },
    "2012-12-31": {
        "Diluted EPS": 1.28,
        "Total Revenue": 36,
        "Gross Profit": 25,
        "Operating Income": 13,
        "EBIT": 23,
        "Net Income": 8
    },
    "2012-09-30": {
        "Diluted EPS": 1.44,
        "Total Revenue": 39,
        "Gross Profit": 28,
        "Operating Income": 17,
        "EBIT": 27,
        "Net Income": 8
    },
    "2012-06-30": {
        "Diluted EPS": 1.28,
        "Total Revenue": 39,
        "Gross Profit": 28,
        "Operating Income": 17,
        "EBIT": 27,
        "Net Income": 8
    },
    "2012-03-31": {
        "Diluted EPS": 1.36,
        "Total Revenue": 38,
        "Gross Profit": 27,
        "Operating Income": 15,
        "EBIT": 25,
        "Net Income": 8
    },
    "2011-12-31": {
        "Diluted EPS": 1.84,
        "Total Revenue": 40,
        "Gross Profit": 28,
        "Operating Income": 17,
        "EBIT": 26,
        "Net Income": 11
    },
    "2011-09-30": {
        "Diluted EPS": -0.16,
        "Total Revenue": 39,
        "Gross Profit": 27,
        "Operating Income": 15,
        "EBIT": 25,
        "Net Income": -1
    },
    "2011-06-30": {
        "Diluted EPS": -2.0,
        "Total Revenue": 39,
        "Gross Profit": 28,
        "Operating Income": 2,
        "EBIT": 12,
        "Net Income": -12
    },
    "2011-03-31": {
        "Diluted EPS": 1.84,
        "Total Revenue": 39,
        "Gross Profit": 28,
        "Operating Income": 16,
        "EBIT": 26,
        "Net Income": 11
    },
    "2010-12-31": {
        "Diluted EPS": 0.32,
        "Total Revenue": 40,
        "Gross Profit": 29,
        "Operating Income": -1,
        "EBIT": 9,
        "Net Income": 1
    },
    "2010-09-30": {
        "Diluted EPS": -0.64,
        "Total Revenue": 40,
        "Gross Profit": 29,
        "Operating Income": 17,
        "EBIT": 27,
        "Net Income": -4
    },
    "2010-06-30": {
        "Diluted EPS": -0.88,
        "Total Revenue": 40,
        "Gross Profit": 29,
        "Operating Income": 17,
        "EBIT": 27,
        "Net Income": -5
    },
    "2010-03-31": {
        "Diluted EPS": 0.56,
        "Total Revenue": 39,
        "Gross Profit": 30,
        "Operating Income": 18,
        "EBIT": 28,
        "Net Income": 3
    },
    "2009-12-31": {
        "Diluted EPS": 2.72,
        "Total Revenue": 40,
        "Gross Profit": 30,
        "Operating Income": 18,
        "EBIT": 28,
        "Net Income": 12
    },
    "2009-09-30": {
        "Diluted EPS": -0.64,
        "Total Revenue": 38,
        "Gross Profit": 27,
        "Operating Income": 16,
        "EBIT": 27,
        "Net Income": -4
    },
    "2009-06-30": {
        "Diluted EPS": 3.36,
        "Total Revenue": 36,
        "Gross Profit": 26,
        "Operating Income": 14,
        "EBIT": 23,
        "Net Income": 23
    },
    "2009-03-31": {
        "Diluted EPS": 1.84,
        "Total Revenue": 35,
        "Gross Profit": 24,
        "Operating Income": 13,
        "EBIT": 22,
        "Net Income": 11
    },
    "2023-06-30": {
        "Tax Effect Of Unusual Items": NaN,
        "Tax Rate For Calcs": NaN,
        "Normalized EBITDA": NaN,
        "Total Unusual Items": NaN,
        "Total Unusual Items Excluding Goodwill": NaN,
        "Net Income From Continuing Operation Net Minority Interest": NaN,
        "Reconciled Cost Of Revenue": NaN,
        "EBITDA": NaN,
        "EBIT": NaN,
        "Net Interest Income": NaN,
        "Interest Expense": NaN,
        "Interest Income": NaN,
        "Normalized Income": NaN,
        "Net Income From Continuing And Discontinued Operation": NaN,
        "Total Expenses": NaN,
        "Total Operating Income As Reported": NaN,
        "Diluted Average Shares": NaN,
        "Basic Average Shares": NaN,
        "Diluted EPS": NaN,
        "Basic EPS": NaN,
        "Diluted NI Availto Com Stockholders": NaN,
        "Net Income Common Stockholders": NaN,
        "Otherunder Preferred Stock Dividend": NaN,
        "Net Income": NaN,
        "Net Income Including Noncontrolling Interests": NaN,
        "Net Income Continuous Operations": NaN,
        "Tax Provision": NaN,
        "Pretax Income": NaN,
        "Other Income Expense": NaN,
        "Other Non Operating Income Expenses": -23000.0,
        "Special Income Charges": NaN,
        "Gain On Sale Of Ppe": NaN,
        "Gain On Sale Of Business": NaN,
        "Other Special Charges": 430000.0,
        "Restructuring And Mergern Acquisition": NaN,
        "Gain On Sale Of Security": NaN,
        "Net Non Operating Interest Income Expense": NaN,
        "Total Other Finance Cost": NaN,
        "Interest Expense Non Operating": NaN,
        "Interest Income Non Operating": NaN,
        "Operating Income": NaN,
        "Operating Expense": NaN,
        "Other Operating Expenses": NaN,
        "Selling General And Administration": NaN,
        "General And Administrative Expense": NaN,
        "Other Gand A": NaN,
        "Gross Profit": NaN,
        "Cost Of Revenue": NaN,
        "Total Revenue": NaN,
        "Operating Revenue": NaN
    },
    "2023-09-30": {
        "Tax Effect Of Unusual Items": NaN,
        "Tax Rate For Calcs": NaN,
        "Normalized EBITDA": NaN,
        "Total Unusual Items": NaN,
        "Total Unusual Items Excluding Goodwill": NaN,
        "Net Income From Continuing Operation Net Minority Interest": NaN,
        "Reconciled Cost Of Revenue": NaN,
        "EBITDA": NaN,
        "EBIT": NaN,
        "Net Interest Income": NaN,
        "Interest Expense": NaN,
        "Interest Income": NaN,
        "Normalized Income": NaN,
        "Net Income From Continuing And Discontinued Operation": NaN,
        "Total Expenses": NaN,
        "Total Operating Income As Reported": NaN,
        "Diluted Average Shares": NaN,
        "Basic Average Shares": NaN,
        "Diluted EPS": NaN,
        "Basic EPS": NaN,
        "Diluted NI Availto Com Stockholders": NaN,
        "Net Income Common Stockholders": NaN,
        "Otherunder Preferred Stock Dividend": NaN,
        "Net Income": NaN,
        "Net Income Including Noncontrolling Interests": NaN,
        "Net Income Continuous Operations": NaN,
        "Tax Provision": 0.0,
        "Pretax Income": NaN,
        "Other Income Expense": NaN,
        "Other Non Operating Income Expenses": -4000.0,
        "Special Income Charges": NaN,
        "Gain On Sale Of Ppe": NaN,
        "Gain On Sale Of Business": NaN,
        "Other Special Charges": 0.0,
        "Restructuring And Mergern Acquisition": 0.0,
        "Gain On Sale Of Security": NaN,
        "Net Non Operating Interest Income Expense": NaN,
        "Total Other Finance Cost": NaN,
        "Interest Expense Non Operating": NaN,
        "Interest Income Non Operating": NaN,
        "Operating Income": NaN,
        "Operating Expense": NaN,
        "Other Operating Expenses": NaN,
        "Selling General And Administration": NaN,
        "General And Administrative Expense": NaN,
        "Other Gand A": NaN,
        "Gross Profit": NaN,
        "Cost Of Revenue": NaN,
        "Total Revenue": NaN,
        "Operating Revenue": NaN
    },
    "2023-12-31": {
        "Tax Effect Of Unusual Items": NaN,
        "Tax Rate For Calcs": NaN,
        "Normalized EBITDA": NaN,
        "Total Unusual Items": NaN,
        "Total Unusual Items Excluding Goodwill": NaN,
        "Net Income From Continuing Operation Net Minority Interest": NaN,
        "Reconciled Cost Of Revenue": NaN,
        "EBITDA": NaN,
        "EBIT": NaN,
        "Net Interest Income": NaN,
        "Interest Expense": NaN,
        "Interest Income": NaN,
        "Normalized Income": NaN,
        "Net Income From Continuing And Discontinued Operation": NaN,
        "Total Expenses": NaN,
        "Total Operating Income As Reported": NaN,
        "Diluted Average Shares": 19063475.0,
        "Basic Average Shares": 19039579.0,
        "Diluted EPS": 0.55,
        "Basic EPS": 0.55,
        "Diluted NI Availto Com Stockholders": NaN,
        "Net Income Common Stockholders": NaN,
        "Otherunder Preferred Stock Dividend": -43000.0,
        "Net Income": NaN,
        "Net Income Including Noncontrolling Interests": NaN,
        "Net Income Continuous Operations": NaN,
        "Tax Provision": 0.0,
        "Pretax Income": NaN,
        "Other Income Expense": NaN,
        "Other Non Operating Income Expenses": NaN,
        "Special Income Charges": NaN,
        "Gain On Sale Of Ppe": 0.0,
        "Gain On Sale Of Business": 0.0,
        "Other Special Charges": 0.0,
        "Gain On Sale Of Security": NaN,
        "Net Non Operating Interest Income Expense": NaN,
        "Total Other Finance Cost": 423000.0,
        "Interest Expense Non Operating": NaN,
        "Interest Income Non Operating": NaN,
        "Operating Income": NaN,
        "Operating Expense": NaN,
        "Other Operating Expenses": NaN,
        "Selling General And Administration": NaN,
        "General And Administrative Expense": NaN,
        "Other Gand A": NaN,
        "Gross Profit": NaN,
        "Cost Of Revenue": NaN,
        "Total Revenue": NaN,
        "Operating Revenue": NaN
    },
    "2024-03-31": {
        "Tax Effect Of Unusual Items": -17160.0,
        "Tax Rate For Calcs": 0.22,
        "Normalized EBITDA": 15101000.0,
        "Total Unusual Items": -78000.0,
        "Total Unusual Items Excluding Goodwill": -78000.0,
        "Net Income From Continuing Operation Net Minority Interest": 9698000.0,
        "Reconciled Cost Of Revenue": 18690000.0,
        "EBITDA": 15023000.0,
        "EBIT": 15023000.0,
        "Net Interest Income": -4634000.0,
        "Interest Expense": 4862000.0,
        "Interest Income": 228000.0,
        "Normalized Income": 9758840.0,
        "Net Income From Continuing And Discontinued Operation": 9698000.0,
        "Total Expenses": 23494000.0,
        "Total Operating Income As Reported": 14721000.0,
        "Diluted Average Shares": 19475630.0,
        "Basic Average Shares": 19368751.0,
        "Diluted EPS": 0.5,
        "Basic EPS": 0.5,
        "Diluted NI Availto Com Stockholders": 9698000.0,
        "Net Income Common Stockholders": 9698000.0,
        "Otherunder Preferred Stock Dividend": NaN,
        "Net Income": 9698000.0,
        "Net Income Including Noncontrolling Interests": 10161000.0,
        "Net Income Continuous Operations": 10161000.0,
        "Tax Provision": NaN,
        "Pretax Income": 10161000.0,
        "Other Income Expense": -4000.0,
        "Other Non Operating Income Expenses": 74000.0,
        "Special Income Charges": 0.0,
        "Gain On Sale Of Ppe": 0.0,
        "Gain On Sale Of Business": NaN,
        "Other Special Charges": NaN,
        "Gain On Sale Of Security": -78000.0,
        "Net Non Operating Interest Income Expense": -4634000.0,
        "Total Other Finance Cost": NaN,
        "Interest Expense Non Operating": 4862000.0,
        "Interest Income Non Operating": 228000.0,
        "Operating Income": 14799000.0,
        "Operating Expense": 4804000.0,
        "Other Operating Expenses": 175000.0,
        "Selling General And Administration": 4629000.0,
        "General And Administrative Expense": 4629000.0,
        "Other Gand A": 4629000.0,
        "Gross Profit": 19603000.0,
        "Cost Of Revenue": 18690000.0,
        "Total Revenue": 38293000.0,
        "Operating Revenue": 38293000.0
    },
    "2024-06-30": {
        "Tax Effect Of Unusual Items": -148500.0,
        "Tax Rate For Calcs": 0.22,
        "Normalized EBITDA": 19656000.0,
        "Total Unusual Items": -675000.0,
        "Total Unusual Items Excluding Goodwill": -675000.0,
        "Net Income From Continuing Operation Net Minority Interest": 14127000.0,
        "Reconciled Cost Of Revenue": 19235000.0,
        "EBITDA": 18981000.0,
        "EBIT": 18981000.0,
        "Net Interest Income": -4592000.0,
        "Interest Expense": 4854000.0,
        "Interest Income": 262000.0,
        "Normalized Income": 14653500.0,
        "Net Income From Continuing And Discontinued Operation": 14127000.0,
        "Total Expenses": 23722000.0,
        "Total Operating Income As Reported": 19385000.0,
        "Diluted Average Shares": 19832695.0,
        "Basic Average Shares": 19687911.0,
        "Diluted EPS": 0.68,
        "Basic EPS": 0.68,
        "Diluted NI Availto Com Stockholders": 14127000.0,
        "Net Income Common Stockholders": 14127000.0,
        "Otherunder Preferred Stock Dividend": NaN,
        "Net Income": 14127000.0,
        "Net Income Including Noncontrolling Interests": 14127000.0,
        "Net Income Continuous Operations": 14127000.0,
        "Tax Provision": NaN,
        "Pretax Income": 14127000.0,
        "Other Income Expense": -692000.0,
        "Other Non Operating Income Expenses": -17000.0,
        "Special Income Charges": -649000.0,
        "Gain On Sale Of Ppe": 0.0,
        "Gain On Sale Of Business": NaN,
        "Other Special Charges": 649000.0,
        "Gain On Sale Of Security": -26000.0,
        "Net Non Operating Interest Income Expense": -4592000.0,
        "Total Other Finance Cost": NaN,
        "Interest Expense Non Operating": 4854000.0,
        "Interest Income Non Operating": 262000.0,
        "Operating Income": 19411000.0,
        "Operating Expense": 4487000.0,
        "Other Operating Expenses": 184000.0,
        "Selling General And Administration": 4303000.0,
        "General And Administrative Expense": 4303000.0,
        "Other Gand A": 4303000.0,
        "Gross Profit": 23898000.0,
        "Cost Of Revenue": 19235000.0,
        "Total Revenue": 43133000.0,
        "Operating Revenue": 43133000.0
    },
    "2024-09-30": {
        "Tax Effect Of Unusual Items": -6600.0,
        "Tax Rate For Calcs": 0.22,
        "Normalized EBITDA": 17976000.0,
        "Total Unusual Items": -30000.0,
        "Total Unusual Items Excluding Goodwill": -30000.0,
        "Net Income From Continuing Operation Net Minority Interest": 12546000.0,
        "Reconciled Cost Of Revenue": 19827000.0,
        "EBITDA": 17946000.0,
        "EBIT": 17946000.0,
        "Net Interest Income": -5050000.0,
        "Interest Expense": 5400000.0,
        "Interest Income": 350000.0,
        "Normalized Income": 12569400.0,
        "Net Income From Continuing And Discontinued Operation": 12546000.0,
        "Total Expenses": 26604000.0,
        "Total Operating Income As Reported": 17722000.0,
        "Diluted Average Shares": 19786887.0,
        "Basic Average Shares": 19637290.0,
        "Diluted EPS": 0.61,
        "Basic EPS": 0.61,
        "Diluted NI Availto Com Stockholders": 12546000.0,
        "Net Income Common Stockholders": 12546000.0,
        "Otherunder Preferred Stock Dividend": NaN,
        "Net Income": 12546000.0,
        "Net Income Including Noncontrolling Interests": 12546000.0,
        "Net Income Continuous Operations": 12546000.0,
        "Tax Provision": NaN,
        "Pretax Income": 12546000.0,
        "Other Income Expense": -156000.0,
        "Other Non Operating Income Expenses": -126000.0,
        "Special Income Charges": 0.0,
        "Gain On Sale Of Ppe": 0.0,
        "Gain On Sale Of Business": NaN,
        "Other Special Charges": NaN,
        "Gain On Sale Of Security": -30000.0,
        "Net Non Operating Interest Income Expense": -5050000.0,
        "Total Other Finance Cost": NaN,
        "Interest Expense Non Operating": 5400000.0,
        "Interest Income Non Operating": 350000.0,
        "Operating Income": 17752000.0,
        "Operating Expense": 6777000.0,
        "Other Operating Expenses": 187000.0,
        "Selling General And Administration": 6590000.0,
        "General And Administrative Expense": 6590000.0,
        "Other Gand A": 6590000.0,
        "Gross Profit": 24529000.0,
        "Cost Of Revenue": 19827000.0,
        "Total Revenue": 44356000.0,
        "Operating Revenue": 44356000.0
    },
    "2024-12-31": {
        "Tax Effect Of Unusual Items": 2420.0,
        "Tax Rate For Calcs": 0.22,
        "Normalized EBITDA": 10247000.0,
        "Total Unusual Items": 11000.0,
        "Total Unusual Items Excluding Goodwill": 11000.0,
        "Net Income From Continuing Operation Net Minority Interest": 6638000.0,
        "Reconciled Cost Of Revenue": 18023000.0,
        "EBITDA": 10258000.0,
        "EBIT": 10258000.0,
        "Net Interest Income": -4231000.0,
        "Interest Expense": 3620000.0,
        "Interest Income": 1256000.0,
        "Normalized Income": 6629420.0,
        "Net Income From Continuing And Discontinued Operation": 6638000.0,
        "Total Expenses": 30888000.0,
        "Total Operating Income As Reported": 10746000.0,
        "Diluted Average Shares": 20409272.0,
        "Basic Average Shares": 20272380.0,
        "Diluted EPS": 0.32,
        "Basic EPS": 0.32,
        "Diluted NI Availto Com Stockholders": 5115000.0,
        "Net Income Common Stockholders": 5109000.0,
        "Otherunder Preferred Stock Dividend": NaN,
        "Net Income": 6638000.0,
        "Net Income Including Noncontrolling Interests": 6638000.0,
        "Net Income Continuous Operations": 6638000.0,
        "Tax Provision": NaN,
        "Pretax Income": 6638000.0,
        "Other Income Expense": 80000.0,
        "Other Non Operating Income Expenses": NaN,
        "Special Income Charges": -4000.0,
        "Gain On Sale Of Ppe": 0.0,
        "Gain On Sale Of Business": NaN,
        "Other Special Charges": 4000.0,
        "Gain On Sale Of Security": 15000.0,
        "Net Non Operating Interest Income Expense": -4231000.0,
        "Total Other Finance Cost": NaN,
        "Interest Expense Non Operating": 3620000.0,
        "Interest Income Non Operating": 1256000.0,
        "Operating Income": 10789000.0,
        "Operating Expense": 12865000.0,
        "Other Operating Expenses": 4416000.0,
        "Selling General And Administration": 8449000.0,
        "General And Administrative Expense": 8449000.0,
        "Other Gand A": 8449000.0,
        "Gross Profit": 23654000.0,
        "Cost Of Revenue": 18023000.0,
        "Total Revenue": 41677000.0,
        "Operating Revenue": 41677000.0
    },
    "2025-03-31": {
        "Tax Effect Of Unusual Items": 0.0,
        "Tax Rate For Calcs": 0.0,
        "Normalized EBITDA": -1540000.0,
        "Total Unusual Items": -46000.0,
        "Total Unusual Items Excluding Goodwill": -46000.0,
        "Net Income From Continuing Operation Net Minority Interest": -6863000.0,
        "Reconciled Cost Of Revenue": 21585000.0,
        "EBITDA": -1586000.0,
        "EBIT": -1586000.0,
        "Net Interest Income": -5078000.0,
        "Interest Expense": 5243000.0,
        "Interest Income": 165000.0,
        "Normalized Income": -6817000.0,
        "Net Income From Continuing And Discontinued Operation": -6863000.0,
        "Total Expenses": 25892000.0,
        "Total Operating Income As Reported": -1704000.0,
        "Diluted Average Shares": NaN,
        "Basic Average Shares": NaN,
        "Diluted EPS": NaN,
        "Basic EPS": NaN,
        "Diluted NI Availto Com Stockholders": -6863000.0,
        "Net Income Common Stockholders": -6863000.0,
        "Otherunder Preferred Stock Dividend": NaN,
        "Net Income": -6863000.0,
        "Net Income Including Noncontrolling Interests": -6829000.0,
        "Net Income Continuous Operations": -6829000.0,
        "Tax Provision": NaN,
        "Pretax Income": -6829000.0,
        "Other Income Expense": -65000.0,
        "Other Non Operating Income Expenses": -19000.0,
        "Special Income Charges": -28000.0,
        "Gain On Sale Of Ppe": NaN,
        "Gain On Sale Of Business": NaN,
        "Other Special Charges": 28000.0,
        "Gain On Sale Of Security": -18000.0,
        "Net Non Operating Interest Income Expense": -5078000.0,
        "Total Other Finance Cost": NaN,
        "Interest Expense Non Operating": 5243000.0,
        "Interest Income Non Operating": 165000.0,
        "Operating Income": -1686000.0,
        "Operating Expense": 4307000.0,
        "Other Operating Expenses": 251000.0,
        "Selling General And Administration": 4056000.0,
        "General And Administrative Expense": 4056000.0,
        "Other Gand A": 4056000.0,
        "Gross Profit": 2621000.0,
        "Cost Of Revenue": 21585000.0,
        "Total Revenue": 24206000.0,
        "Operating Revenue": 24206000.0
    }
}