{
    "2023-03-31": {
        "Tax Effect Of Unusual Items": 0.0,
        "Tax Rate For Calcs": 0.155,
        "Normalized EBITDA": 28607000.0,
        "Total Unusual Items": NaN,
        "Total Unusual Items Excluding Goodwill": NaN,
        "Net Income From Continuing Operation Net Minority Interest": 14296000.0,
        "Reconciled Depreciation": 2507000.0,
        "Reconciled Cost Of Revenue": 56487000.0,
        "EBITDA": 28607000.0,
        "EBIT": 26100000.0,
        "Net Interest Income": -5996000.0,
        "Interest Expense": 5996000.0,
        "Normalized Income": 14296000.0,
        "Net Income From Continuing And Discontinued Operation": 14296000.0,
        "Total Expenses": 78986000.0,
        "Total Operating Income As Reported": 26100000.0,
        "Diluted Average Shares": 147107000.0,
        "Basic Average Shares": 146409000.0,
        "Diluted EPS": 0.1,
        "Basic EPS": 0.1,
        "Diluted NI Availto Com Stockholders": 14296000.0,
        "Net Income Common Stockholders": 14296000.0,
        "Net Income": 14296000.0,
        "Minority Interests": -2687000.0,
        "Net Income Including Noncontrolling Interests": 16983000.0,
        "Net Income Continuous Operations": 16983000.0,
        "Tax Provision": 3121000.0,
        "Pretax Income": 20104000.0,
        "Special Income Charges": NaN,
        "Net Non Operating Interest Income Expense": -5996000.0,
        "Interest Expense Non Operating": 5996000.0,
        "Operating Income": 26100000.0,
        "Operating Expense": 22157000.0,
        "Depreciation Amortization Depletion Income Statement": 2165000.0,
        "Depreciation And Amortization In Income Statement": 2165000.0,
        "Selling General And Administration": 19992000.0,
        "General And Administrative Expense": 19992000.0,
        "Other Gand A": 19992000.0,
        "Gross Profit": 48257000.0,
        "Cost Of Revenue": 56829000.0,
        "Total Revenue": 105086000.0,
        "Operating Revenue": 105086000.0
    },
    "2022-12-31": {
        "Tax Effect Of Unusual Items": NaN,
        "Tax Rate For Calcs": NaN,
        "Normalized EBITDA": NaN,
        "Total Unusual Items": 0.0,
        "Total Unusual Items Excluding Goodwill": 0.0,
        "Net Income From Continuing Operation Net Minority Interest": NaN,
        "Reconciled Depreciation": NaN,
        "Reconciled Cost Of Revenue": NaN,
        "EBITDA": NaN,
        "EBIT": NaN,
        "Net Interest Income": NaN,
        "Interest Expense": NaN,
        "Normalized Income": NaN,
        "Net Income From Continuing And Discontinued Operation": NaN,
        "Total Expenses": NaN,
        "Total Operating Income As Reported": NaN,
        "Diluted Average Shares": NaN,
        "Basic Average Shares": NaN,
        "Diluted EPS": NaN,
        "Basic EPS": NaN,
        "Diluted NI Availto Com Stockholders": NaN,
        "Net Income Common Stockholders": NaN,
        "Net Income": NaN,
        "Minority Interests": NaN,
        "Net Income Including Noncontrolling Interests": NaN,
        "Net Income Continuous Operations": NaN,
        "Tax Provision": NaN,
        "Pretax Income": NaN,
        "Special Income Charges": 0.0,
        "Net Non Operating Interest Income Expense": NaN,
        "Interest Expense Non Operating": NaN,
        "Operating Income": NaN,
        "Operating Expense": NaN,
        "Depreciation Amortization Depletion Income Statement": NaN,
        "Depreciation And Amortization In Income Statement": NaN,
        "Selling General And Administration": NaN,
        "General And Administrative Expense": NaN,
        "Other Gand A": NaN,
        "Gross Profit": NaN,
        "Cost Of Revenue": NaN,
        "Total Revenue": NaN,
        "Operating Revenue": NaN
    },
    "2022-09-30": {
        "Tax Effect Of Unusual Items": NaN,
        "Tax Rate For Calcs": NaN,
        "Normalized EBITDA": NaN,
        "Total Unusual Items": 0.0,
        "Total Unusual Items Excluding Goodwill": 0.0,
        "Net Income From Continuing Operation Net Minority Interest": NaN,
        "Reconciled Depreciation": NaN,
        "Reconciled Cost Of Revenue": NaN,
        "EBITDA": NaN,
        "EBIT": NaN,
        "Net Interest Income": NaN,
        "Interest Expense": NaN,
        "Normalized Income": NaN,
        "Net Income From Continuing And Discontinued Operation": NaN,
        "Total Expenses": NaN,
        "Total Operating Income As Reported": NaN,
        "Diluted Average Shares": NaN,
        "Basic Average Shares": NaN,
        "Diluted EPS": NaN,
        "Basic EPS": NaN,
        "Diluted NI Availto Com Stockholders": NaN,
        "Net Income Common Stockholders": NaN,
        "Net Income": NaN,
        "Minority Interests": NaN,
        "Net Income Including Noncontrolling Interests": NaN,
        "Net Income Continuous Operations": NaN,
        "Tax Provision": NaN,
        "Pretax Income": NaN,
        "Special Income Charges": 0.0,
        "Net Non Operating Interest Income Expense": NaN,
        "Interest Expense Non Operating": NaN,
        "Operating Income": NaN,
        "Operating Expense": NaN,
        "Depreciation Amortization Depletion Income Statement": NaN,
        "Depreciation And Amortization In Income Statement": NaN,
        "Selling General And Administration": NaN,
        "General And Administrative Expense": NaN,
        "Other Gand A": NaN,
        "Gross Profit": NaN,
        "Cost Of Revenue": NaN,
        "Total Revenue": NaN,
        "Operating Revenue": NaN
    },
    "2022-06-30": {
        "Tax Effect Of Unusual Items": 0.0,
        "Tax Rate For Calcs": 0.171,
        "Normalized EBITDA": 15692000.0,
        "Total Unusual Items": 0.0,
        "Total Unusual Items Excluding Goodwill": 0.0,
        "Net Income From Continuing Operation Net Minority Interest": 4402000.0,
        "Reconciled Depreciation": 2708000.0,
        "Reconciled Cost Of Revenue": 44533000.0,
        "EBITDA": 15692000.0,
        "EBIT": 12984000.0,
        "Net Interest Income": -4170000.0,
        "Interest Expense": 4170000.0,
        "Normalized Income": 4402000.0,
        "Net Income From Continuing And Discontinued Operation": 4402000.0,
        "Total Expenses": 60506000.0,
        "Total Operating Income As Reported": 12984000.0,
        "Diluted Average Shares": 112616000.0,
        "Basic Average Shares": 112489000.0,
        "Diluted EPS": 0.04,
        "Basic EPS": 0.04,
        "Diluted NI Availto Com Stockholders": 4402000.0,
        "Net Income Common Stockholders": 4402000.0,
        "Net Income": 4402000.0,
        "Minority Interests": -2901000.0,
        "Net Income Including Noncontrolling Interests": 7303000.0,
        "Net Income Continuous Operations": 7303000.0,
        "Tax Provision": 1511000.0,
        "Pretax Income": 8814000.0,
        "Other Income Expense": NaN,
        "Other Non Operating Income Expenses": NaN,
        "Special Income Charges": 0.0,
        "Net Non Operating Interest Income Expense": -4170000.0,
        "Interest Expense Non Operating": 4170000.0,
        "Operating Income": 12984000.0,
        "Operating Expense": 15609000.0,
        "Depreciation Amortization Depletion Income Statement": 2344000.0,
        "Depreciation And Amortization In Income Statement": 2344000.0,
        "Selling General And Administration": 13265000.0,
        "General And Administrative Expense": 13265000.0,
        "Other Gand A": 13265000.0,
        "Gross Profit": 28593000.0,
        "Cost Of Revenue": 44897000.0,
        "Total Revenue": 73490000.0,
        "Operating Revenue": 73490000.0
    },
    "2023-06-30": {
        "Tax Effect Of Unusual Items": 0.0,
        "Tax Rate For Calcs": 0.248,
        "Normalized EBITDA": 34221000.0,
        "Net Income From Continuing Operation Net Minority Interest": 18924000.0,
        "Reconciled Depreciation": 2585000.0,
        "Reconciled Cost Of Revenue": 68264000.0,
        "EBITDA": 34221000.0,
        "EBIT": 31636000.0,
        "Net Interest Income": -6505000.0,
        "Interest Expense": 6505000.0,
        "Normalized Income": 18924000.0,
        "Net Income From Continuing And Discontinued Operation": 18924000.0,
        "Total Expenses": 87572000.0,
        "Total Operating Income As Reported": 31636000.0,
        "Diluted Average Shares": 170241000.0,
        "Basic Average Shares": 169887000.0,
        "Diluted EPS": 0.11,
        "Basic EPS": 0.11,
        "Diluted NI Availto Com Stockholders": 18924000.0,
        "Net Income Common Stockholders": 18924000.0,
        "Net Income": 18924000.0,
        "Minority Interests": 0.0,
        "Net Income Including Noncontrolling Interests": 18924000.0,
        "Net Income Continuous Operations": 18924000.0,
        "Tax Provision": 6207000.0,
        "Pretax Income": 25131000.0,
        "Net Non Operating Interest Income Expense": -6505000.0,
        "Interest Expense Non Operating": 6505000.0,
        "Operating Income": 31636000.0,
        "Operating Expense": 18881000.0,
        "Depreciation Amortization Depletion Income Statement": 2158000.0,
        "Depreciation And Amortization In Income Statement": 2158000.0,
        "Selling General And Administration": 16723000.0,
        "General And Administrative Expense": 16723000.0,
        "Other Gand A": 16723000.0,
        "Gross Profit": 50517000.0,
        "Cost Of Revenue": 68691000.0,
        "Total Revenue": 119208000.0,
        "Operating Revenue": 119208000.0
    },
    "2022-03-31": {
        "Diluted EPS": 0.02,
        "Total Revenue": 68,
        "Gross Profit": 26,
        "Operating Income": 10,
        "EBIT": 13,
        "Net Income": 3
    },
    "2021-12-31": {
        "Diluted EPS": -0.01,
        "Total Revenue": 48,
        "Gross Profit": 16,
        "Operating Income": 3,
        "EBIT": 6,
        "Net Income": -2
    },
    "2021-09-30": {
        "Diluted EPS": 0.02,
        "Total Revenue": 60,
        "Gross Profit": 22,
        "Operating Income": 10,
        "EBIT": 12,
        "Net Income": 2
    },
    "2021-06-30": {
        "Diluted EPS": 0.05,
        "Total Revenue": 60,
        "Gross Profit": 26,
        "Operating Income": 14,
        "EBIT": 17,
        "Net Income": 5
    },
    "2021-03-31": {
        "Diluted EPS": -0.06,
        "Total Revenue": 46,
        "Gross Profit": 19,
        "Operating Income": 10,
        "EBIT": 17,
        "Net Income": -3
    },
    "2020-12-31": {
        "Diluted EPS": 0.0,
        "Total Revenue": 39,
        "Gross Profit": 15,
        "Operating Income": 7,
        "EBIT": 10,
        "Net Income": 4
    },
    "2020-09-30": {
        "Diluted EPS": 0.0,
        "Total Revenue": 53,
        "Gross Profit": 21,
        "Operating Income": 15,
        "EBIT": 17,
        "Net Income": 15
    },
    "2020-06-30": {
        "Diluted EPS": 0.0,
        "Total Revenue": 43,
        "Gross Profit": 17,
        "Operating Income": 5,
        "EBIT": 8,
        "Net Income": 5
    },
    "2020-03-31": {
        "Diluted EPS": 0.0,
        "Total Revenue": 41,
        "Gross Profit": 14,
        "Operating Income": 10,
        "EBIT": 12,
        "Net Income": 9
    },
    "2019-12-31": {
        "Diluted EPS": 0.0,
        "Total Revenue": NaN,
        "Gross Profit": NaN,
        "Operating Income": NaN,
        "EBIT": NaN,
        "Net Income": NaN
    },
    "2019-09-30": {
        "Diluted EPS": 0.0,
        "Total Revenue": NaN,
        "Gross Profit": NaN,
        "Operating Income": NaN,
        "EBIT": NaN,
        "Net Income": NaN
    },
    "2018-12-31": {
        "Diluted EPS": 0.0,
        "Total Revenue": NaN,
        "Gross Profit": NaN,
        "Operating Income": NaN,
        "EBIT": NaN,
        "Net Income": NaN
    },
    "2023-09-30": {
        "Tax Effect Of Unusual Items": NaN,
        "Tax Rate For Calcs": NaN,
        "Normalized EBITDA": NaN,
        "Net Income From Continuing Operation Net Minority Interest": NaN,
        "Reconciled Depreciation": NaN,
        "Reconciled Cost Of Revenue": NaN,
        "EBITDA": NaN,
        "EBIT": NaN,
        "Net Interest Income": NaN,
        "Interest Expense": NaN,
        "Normalized Income": NaN,
        "Net Income From Continuing And Discontinued Operation": NaN,
        "Total Expenses": NaN,
        "Total Operating Income As Reported": NaN,
        "Diluted Average Shares": 169965000.0,
        "Basic Average Shares": 169965000.0,
        "Diluted EPS": -0.06,
        "Basic EPS": -0.06,
        "Diluted NI Availto Com Stockholders": NaN,
        "Net Income Common Stockholders": NaN,
        "Net Income": NaN,
        "Minority Interests": NaN,
        "Net Income Including Noncontrolling Interests": NaN,
        "Net Income Continuous Operations": NaN,
        "Tax Provision": NaN,
        "Pretax Income": NaN,
        "Net Non Operating Interest Income Expense": NaN,
        "Interest Expense Non Operating": NaN,
        "Operating Income": NaN,
        "Operating Expense": NaN,
        "Depreciation Amortization Depletion Income Statement": NaN,
        "Depreciation And Amortization In Income Statement": NaN,
        "Selling General And Administration": NaN,
        "General And Administrative Expense": NaN,
        "Other Gand A": NaN,
        "Gross Profit": NaN,
        "Cost Of Revenue": NaN,
        "Total Revenue": NaN,
        "Operating Revenue": NaN
    },
    "2023-12-31": {
        "Tax Effect Of Unusual Items": NaN,
        "Tax Rate For Calcs": NaN,
        "Normalized EBITDA": NaN,
        "Total Unusual Items": NaN,
        "Total Unusual Items Excluding Goodwill": NaN,
        "Net Income From Continuing Operation Net Minority Interest": NaN,
        "Reconciled Depreciation": NaN,
        "Reconciled Cost Of Revenue": NaN,
        "EBITDA": NaN,
        "EBIT": NaN,
        "Net Interest Income": NaN,
        "Interest Expense": NaN,
        "Interest Income": NaN,
        "Normalized Income": NaN,
        "Net Income From Continuing And Discontinued Operation": NaN,
        "Total Expenses": NaN,
        "Total Operating Income As Reported": NaN,
        "Diluted Average Shares": NaN,
        "Basic Average Shares": NaN,
        "Diluted EPS": NaN,
        "Basic EPS": NaN,
        "Diluted NI Availto Com Stockholders": NaN,
        "Net Income Common Stockholders": NaN,
        "Net Income": NaN,
        "Minority Interests": 0.0,
        "Net Income Including Noncontrolling Interests": NaN,
        "Net Income Continuous Operations": NaN,
        "Tax Provision": NaN,
        "Pretax Income": NaN,
        "Other Income Expense": NaN,
        "Special Income Charges": NaN,
        "Gain On Sale Of Ppe": NaN,
        "Net Non Operating Interest Income Expense": NaN,
        "Interest Expense Non Operating": NaN,
        "Interest Income Non Operating": NaN,
        "Operating Income": NaN,
        "Operating Expense": NaN,
        "Depreciation Amortization Depletion Income Statement": NaN,
        "Depreciation And Amortization In Income Statement": NaN,
        "Selling General And Administration": NaN,
        "General And Administrative Expense": NaN,
        "Other Gand A": NaN,
        "Gross Profit": NaN,
        "Cost Of Revenue": NaN,
        "Total Revenue": NaN,
        "Operating Revenue": NaN
    },
    "2024-03-31": {
        "Tax Effect Of Unusual Items": NaN,
        "Tax Rate For Calcs": NaN,
        "Normalized EBITDA": NaN,
        "Total Unusual Items": NaN,
        "Total Unusual Items Excluding Goodwill": NaN,
        "Net Income From Continuing Operation Net Minority Interest": NaN,
        "Reconciled Depreciation": NaN,
        "Reconciled Cost Of Revenue": NaN,
        "EBITDA": NaN,
        "EBIT": NaN,
        "Net Interest Income": NaN,
        "Interest Expense": NaN,
        "Interest Income": 113000.0,
        "Normalized Income": NaN,
        "Net Income From Continuing And Discontinued Operation": NaN,
        "Total Expenses": NaN,
        "Total Operating Income As Reported": NaN,
        "Diluted Average Shares": NaN,
        "Basic Average Shares": NaN,
        "Diluted EPS": NaN,
        "Basic EPS": NaN,
        "Diluted NI Availto Com Stockholders": NaN,
        "Net Income Common Stockholders": NaN,
        "Net Income": NaN,
        "Minority Interests": 0.0,
        "Net Income Including Noncontrolling Interests": NaN,
        "Net Income Continuous Operations": NaN,
        "Tax Provision": NaN,
        "Pretax Income": NaN,
        "Other Income Expense": NaN,
        "Special Income Charges": NaN,
        "Gain On Sale Of Ppe": NaN,
        "Net Non Operating Interest Income Expense": NaN,
        "Interest Expense Non Operating": NaN,
        "Interest Income Non Operating": 113000.0,
        "Operating Income": NaN,
        "Operating Expense": NaN,
        "Depreciation Amortization Depletion Income Statement": NaN,
        "Depreciation And Amortization In Income Statement": NaN,
        "Selling General And Administration": NaN,
        "General And Administrative Expense": NaN,
        "Other Gand A": NaN,
        "Gross Profit": NaN,
        "Cost Of Revenue": NaN,
        "Total Revenue": NaN,
        "Operating Revenue": NaN
    },
    "2024-06-30": {
        "Tax Effect Of Unusual Items": NaN,
        "Tax Rate For Calcs": NaN,
        "Normalized EBITDA": NaN,
        "Total Unusual Items": 0.0,
        "Total Unusual Items Excluding Goodwill": 0.0,
        "Net Income From Continuing Operation Net Minority Interest": NaN,
        "Reconciled Depreciation": NaN,
        "Reconciled Cost Of Revenue": NaN,
        "EBITDA": NaN,
        "EBIT": NaN,
        "Net Interest Income": NaN,
        "Interest Expense": NaN,
        "Interest Income": 202000.0,
        "Normalized Income": NaN,
        "Net Income From Continuing And Discontinued Operation": NaN,
        "Total Expenses": NaN,
        "Total Operating Income As Reported": NaN,
        "Diluted Average Shares": NaN,
        "Basic Average Shares": NaN,
        "Diluted EPS": NaN,
        "Basic EPS": NaN,
        "Diluted NI Availto Com Stockholders": NaN,
        "Net Income Common Stockholders": NaN,
        "Net Income": NaN,
        "Minority Interests": 0.0,
        "Net Income Including Noncontrolling Interests": NaN,
        "Net Income Continuous Operations": NaN,
        "Tax Provision": NaN,
        "Pretax Income": NaN,
        "Other Income Expense": NaN,
        "Special Income Charges": 0.0,
        "Gain On Sale Of Ppe": 0.0,
        "Net Non Operating Interest Income Expense": NaN,
        "Interest Expense Non Operating": NaN,
        "Interest Income Non Operating": 202000.0,
        "Operating Income": NaN,
        "Operating Expense": NaN,
        "Depreciation Amortization Depletion Income Statement": NaN,
        "Depreciation And Amortization In Income Statement": NaN,
        "Selling General And Administration": NaN,
        "General And Administrative Expense": NaN,
        "Other Gand A": NaN,
        "Gross Profit": NaN,
        "Cost Of Revenue": NaN,
        "Total Revenue": NaN,
        "Operating Revenue": NaN
    },
    "2024-09-30": {
        "Tax Effect Of Unusual Items": 0.0,
        "Tax Rate For Calcs": 0.21,
        "Normalized EBITDA": 7760000.0,
        "Total Unusual Items": NaN,
        "Total Unusual Items Excluding Goodwill": NaN,
        "Net Income From Continuing Operation Net Minority Interest": -267000.0,
        "Reconciled Depreciation": 3151000.0,
        "Reconciled Cost Of Revenue": 75747000.0,
        "EBITDA": 7760000.0,
        "EBIT": 4609000.0,
        "Net Interest Income": -3088000.0,
        "Interest Expense": 3173000.0,
        "Interest Income": NaN,
        "Normalized Income": -267000.0,
        "Net Income From Continuing And Discontinued Operation": -267000.0,
        "Total Expenses": 97641000.0,
        "Total Operating Income As Reported": 4524000.0,
        "Diluted Average Shares": 167381000.0,
        "Basic Average Shares": 167318000.0,
        "Diluted EPS": 0.0,
        "Basic EPS": 0.0,
        "Diluted NI Availto Com Stockholders": -267000.0,
        "Net Income Common Stockholders": -267000.0,
        "Net Income": -267000.0,
        "Minority Interests": 0.0,
        "Net Income Including Noncontrolling Interests": -267000.0,
        "Net Income Continuous Operations": -267000.0,
        "Tax Provision": 1703000.0,
        "Pretax Income": 1436000.0,
        "Other Income Expense": NaN,
        "Special Income Charges": NaN,
        "Gain On Sale Of Ppe": NaN,
        "Net Non Operating Interest Income Expense": -3088000.0,
        "Interest Expense Non Operating": 3173000.0,
        "Interest Income Non Operating": NaN,
        "Operating Income": 4524000.0,
        "Operating Expense": 20852000.0,
        "Depreciation Amortization Depletion Income Statement": 2109000.0,
        "Depreciation And Amortization In Income Statement": 2109000.0,
        "Selling General And Administration": 18743000.0,
        "General And Administrative Expense": 18743000.0,
        "Other Gand A": 18743000.0,
        "Gross Profit": 25376000.0,
        "Cost Of Revenue": 76789000.0,
        "Total Revenue": 102165000.0,
        "Operating Revenue": 102165000.0
    },
    "2024-12-31": {
        "Tax Effect Of Unusual Items": 0.0,
        "Tax Rate For Calcs": 0.21,
        "Normalized EBITDA": 20295000.0,
        "Total Unusual Items": NaN,
        "Total Unusual Items Excluding Goodwill": NaN,
        "Net Income From Continuing Operation Net Minority Interest": 7818000.0,
        "Reconciled Depreciation": 3294000.0,
        "Reconciled Cost Of Revenue": 65689000.0,
        "EBITDA": 20295000.0,
        "EBIT": 17001000.0,
        "Net Interest Income": -2796000.0,
        "Interest Expense": 3314000.0,
        "Interest Income": NaN,
        "Normalized Income": 7818000.0,
        "Net Income From Continuing And Discontinued Operation": 7818000.0,
        "Total Expenses": 90504000.0,
        "Total Operating Income As Reported": 16483000.0,
        "Diluted Average Shares": 166830000.0,
        "Basic Average Shares": 166723000.0,
        "Diluted EPS": 0.05,
        "Basic EPS": 0.05,
        "Diluted NI Availto Com Stockholders": 7818000.0,
        "Net Income Common Stockholders": 7818000.0,
        "Net Income": 7818000.0,
        "Minority Interests": 0.0,
        "Net Income Including Noncontrolling Interests": 7818000.0,
        "Net Income Continuous Operations": 7818000.0,
        "Tax Provision": 5869000.0,
        "Pretax Income": 13687000.0,
        "Other Income Expense": NaN,
        "Special Income Charges": NaN,
        "Gain On Sale Of Ppe": NaN,
        "Net Non Operating Interest Income Expense": -2796000.0,
        "Interest Expense Non Operating": 3314000.0,
        "Interest Income Non Operating": NaN,
        "Operating Income": 16483000.0,
        "Operating Expense": 23701000.0,
        "Depreciation Amortization Depletion Income Statement": 2180000.0,
        "Depreciation And Amortization In Income Statement": 2180000.0,
        "Selling General And Administration": 21521000.0,
        "General And Administrative Expense": 21521000.0,
        "Other Gand A": 21521000.0,
        "Gross Profit": 40184000.0,
        "Cost Of Revenue": 66803000.0,
        "Total Revenue": 106987000.0,
        "Operating Revenue": 106987000.0
    },
    "2025-03-31": {
        "Tax Effect Of Unusual Items": 0.0,
        "Tax Rate For Calcs": 0.21,
        "Normalized EBITDA": 7717000.0,
        "Total Unusual Items": NaN,
        "Total Unusual Items Excluding Goodwill": NaN,
        "Net Income From Continuing Operation Net Minority Interest": -282000.0,
        "Reconciled Depreciation": 3287000.0,
        "Reconciled Cost Of Revenue": 51069000.0,
        "EBITDA": 7717000.0,
        "EBIT": 4430000.0,
        "Net Interest Income": -2297000.0,
        "Interest Expense": 2415000.0,
        "Interest Income": 118000.0,
        "Normalized Income": -282000.0,
        "Net Income From Continuing And Discontinued Operation": -282000.0,
        "Total Expenses": 76049000.0,
        "Total Operating Income As Reported": 4312000.0,
        "Diluted Average Shares": 166960000.0,
        "Basic Average Shares": 166960000.0,
        "Diluted EPS": 0.0,
        "Basic EPS": 0.0,
        "Diluted NI Availto Com Stockholders": -282000.0,
        "Net Income Common Stockholders": -282000.0,
        "Net Income": -282000.0,
        "Minority Interests": NaN,
        "Net Income Including Noncontrolling Interests": -282000.0,
        "Net Income Continuous Operations": -282000.0,
        "Tax Provision": 2297000.0,
        "Pretax Income": 2015000.0,
        "Other Income Expense": NaN,
        "Special Income Charges": NaN,
        "Gain On Sale Of Ppe": NaN,
        "Net Non Operating Interest Income Expense": -2297000.0,
        "Interest Expense Non Operating": 2415000.0,
        "Interest Income Non Operating": 118000.0,
        "Operating Income": 4312000.0,
        "Operating Expense": 23828000.0,
        "Depreciation Amortization Depletion Income Statement": 2135000.0,
        "Depreciation And Amortization In Income Statement": 2135000.0,
        "Selling General And Administration": 21693000.0,
        "General And Administrative Expense": 21693000.0,
        "Other Gand A": 21693000.0,
        "Gross Profit": 28140000.0,
        "Cost Of Revenue": 52221000.0,
        "Total Revenue": 80361000.0,
        "Operating Revenue": 80361000.0
    },
    "2025-06-30": {
        "Tax Effect Of Unusual Items": 576656.0,
        "Tax Rate For Calcs": 0.184,
        "Normalized EBITDA": 19409000.0,
        "Total Unusual Items": 3134000.0,
        "Total Unusual Items Excluding Goodwill": 3134000.0,
        "Net Income From Continuing Operation Net Minority Interest": 13855000.0,
        "Reconciled Depreciation": 3335000.0,
        "Reconciled Cost Of Revenue": 68444000.0,
        "EBITDA": 22543000.0,
        "EBIT": 19208000.0,
        "Net Interest Income": -2160000.0,
        "Interest Expense": 2236000.0,
        "Interest Income": 76000.0,
        "Normalized Income": 11297656.0,
        "Net Income From Continuing And Discontinued Operation": 13855000.0,
        "Total Expenses": 94843000.0,
        "Total Operating Income As Reported": 15998000.0,
        "Diluted Average Shares": 167562000.0,
        "Basic Average Shares": 167286000.0,
        "Diluted EPS": 0.08,
        "Basic EPS": 0.08,
        "Diluted NI Availto Com Stockholders": 13855000.0,
        "Net Income Common Stockholders": 13855000.0,
        "Net Income": 13855000.0,
        "Minority Interests": NaN,
        "Net Income Including Noncontrolling Interests": 13855000.0,
        "Net Income Continuous Operations": 13855000.0,
        "Tax Provision": 3117000.0,
        "Pretax Income": 16972000.0,
        "Other Income Expense": 3134000.0,
        "Special Income Charges": 3134000.0,
        "Gain On Sale Of Ppe": 3134000.0,
        "Net Non Operating Interest Income Expense": -2160000.0,
        "Interest Expense Non Operating": 2236000.0,
        "Interest Income Non Operating": 76000.0,
        "Operating Income": 15998000.0,
        "Operating Expense": 25204000.0,
        "Depreciation Amortization Depletion Income Statement": 2140000.0,
        "Depreciation And Amortization In Income Statement": 2140000.0,
        "Selling General And Administration": 23064000.0,
        "General And Administrative Expense": 23064000.0,
        "Other Gand A": 23064000.0,
        "Gross Profit": 41202000.0,
        "Cost Of Revenue": 69639000.0,
        "Total Revenue": 110841000.0,
        "Operating Revenue": 110841000.0
    },
    "2025-09-30": {
        "Tax Effect Of Unusual Items": -1760.365469,
        "Tax Rate For Calcs": 0.251481,
        "Normalized EBITDA": 22071000.0,
        "Total Unusual Items": -7000.0,
        "Total Unusual Items Excluding Goodwill": -7000.0,
        "Net Income From Continuing Operation Net Minority Interest": 11879000.0,
        "Reconciled Depreciation": 3362000.0,
        "Reconciled Cost Of Revenue": 84348000.0,
        "EBITDA": 22064000.0,
        "EBIT": 18702000.0,
        "Net Interest Income": -2794000.0,
        "Interest Expense": 2832000.0,
        "Interest Income": 38000.0,
        "Normalized Income": 11884239.634531,
        "Net Income From Continuing And Discontinued Operation": 11879000.0,
        "Total Expenses": 117133000.0,
        "Total Operating Income As Reported": 18671000.0,
        "Diluted Average Shares": 168750000.0,
        "Basic Average Shares": 167369000.0,
        "Diluted EPS": 0.07,
        "Basic EPS": 0.07,
        "Diluted NI Availto Com Stockholders": 11879000.0,
        "Net Income Common Stockholders": 11879000.0,
        "Net Income": 11879000.0,
        "Minority Interests": NaN,
        "Net Income Including Noncontrolling Interests": 11879000.0,
        "Net Income Continuous Operations": 11879000.0,
        "Tax Provision": 3991000.0,
        "Pretax Income": 15870000.0,
        "Other Income Expense": -7000.0,
        "Special Income Charges": -7000.0,
        "Gain On Sale Of Ppe": -7000.0,
        "Net Non Operating Interest Income Expense": -2794000.0,
        "Interest Expense Non Operating": 2832000.0,
        "Interest Income Non Operating": 38000.0,
        "Operating Income": 18671000.0,
        "Operating Expense": 31581000.0,
        "Depreciation Amortization Depletion Income Statement": 2158000.0,
        "Depreciation And Amortization In Income Statement": 2158000.0,
        "Selling General And Administration": 29423000.0,
        "General And Administrative Expense": 29423000.0,
        "Other Gand A": 29423000.0,
        "Gross Profit": 50252000.0,
        "Cost Of Revenue": 85552000.0,
        "Total Revenue": 135804000.0,
        "Operating Revenue": 135804000.0
    }
}