{
    "2023-03-31": {
        "Tax Effect Of Unusual Items": NaN,
        "Tax Rate For Calcs": NaN,
        "Normalized EBITDA": NaN,
        "Total Unusual Items": NaN,
        "Total Unusual Items Excluding Goodwill": NaN,
        "Net Income From Continuing Operation Net Minority Interest": NaN,
        "Reconciled Depreciation": NaN,
        "Reconciled Cost Of Revenue": NaN,
        "EBITDA": NaN,
        "EBIT": NaN,
        "Net Interest Income": NaN,
        "Interest Income": NaN,
        "Normalized Income": NaN,
        "Net Income From Continuing And Discontinued Operation": NaN,
        "Total Expenses": NaN,
        "Total Operating Income As Reported": NaN,
        "Diluted Average Shares": NaN,
        "Basic Average Shares": NaN,
        "Diluted EPS": NaN,
        "Basic EPS": NaN,
        "Diluted NI Availto Com Stockholders": NaN,
        "Average Dilution Earnings": 1000000.0,
        "Net Income Common Stockholders": NaN,
        "Net Income": NaN,
        "Net Income Including Noncontrolling Interests": NaN,
        "Net Income Continuous Operations": NaN,
        "Tax Provision": NaN,
        "Pretax Income": NaN,
        "Other Income Expense": NaN,
        "Other Non Operating Income Expenses": 269000000.0,
        "Special Income Charges": NaN,
        "Write Off": NaN,
        "Earnings From Equity Interest": NaN,
        "Gain On Sale Of Security": NaN,
        "Net Non Operating Interest Income Expense": NaN,
        "Interest Income Non Operating": NaN,
        "Operating Income": NaN,
        "Operating Expense": NaN,
        "Other Operating Expenses": NaN,
        "Research And Development": NaN,
        "Selling General And Administration": NaN,
        "Selling And Marketing Expense": NaN,
        "General And Administrative Expense": NaN,
        "Other Gand A": NaN,
        "Gross Profit": NaN,
        "Cost Of Revenue": NaN,
        "Total Revenue": NaN,
        "Operating Revenue": NaN
    },
    "2022-12-31": {
        "Tax Effect Of Unusual Items": NaN,
        "Tax Rate For Calcs": NaN,
        "Normalized EBITDA": NaN,
        "Total Unusual Items": NaN,
        "Total Unusual Items Excluding Goodwill": NaN,
        "Net Income From Continuing Operation Net Minority Interest": NaN,
        "Reconciled Depreciation": NaN,
        "Reconciled Cost Of Revenue": NaN,
        "EBITDA": NaN,
        "EBIT": NaN,
        "Net Interest Income": NaN,
        "Interest Expense": 291000.0,
        "Interest Income": NaN,
        "Normalized Income": NaN,
        "Net Income From Continuing And Discontinued Operation": NaN,
        "Total Expenses": NaN,
        "Total Operating Income As Reported": NaN,
        "Diluted Average Shares": NaN,
        "Basic Average Shares": NaN,
        "Diluted EPS": NaN,
        "Basic EPS": NaN,
        "Diluted NI Availto Com Stockholders": NaN,
        "Average Dilution Earnings": 0.0,
        "Net Income Common Stockholders": NaN,
        "Net Income": NaN,
        "Net Income Including Noncontrolling Interests": NaN,
        "Net Income Continuous Operations": NaN,
        "Tax Provision": NaN,
        "Pretax Income": NaN,
        "Other Income Expense": NaN,
        "Other Non Operating Income Expenses": NaN,
        "Special Income Charges": NaN,
        "Write Off": NaN,
        "Earnings From Equity Interest": NaN,
        "Gain On Sale Of Security": NaN,
        "Net Non Operating Interest Income Expense": NaN,
        "Total Other Finance Cost": 588000.0,
        "Interest Expense Non Operating": 291000.0,
        "Interest Income Non Operating": NaN,
        "Operating Income": NaN,
        "Operating Expense": NaN,
        "Other Operating Expenses": NaN,
        "Research And Development": NaN,
        "Selling General And Administration": NaN,
        "Selling And Marketing Expense": NaN,
        "General And Administrative Expense": NaN,
        "Other Gand A": NaN,
        "Gross Profit": NaN,
        "Cost Of Revenue": NaN,
        "Total Revenue": NaN,
        "Operating Revenue": NaN
    },
    "2022-09-30": {
        "Tax Effect Of Unusual Items": NaN,
        "Tax Rate For Calcs": NaN,
        "Normalized EBITDA": NaN,
        "Total Unusual Items": NaN,
        "Total Unusual Items Excluding Goodwill": NaN,
        "Net Income From Continuing Operation Net Minority Interest": NaN,
        "Reconciled Depreciation": NaN,
        "Reconciled Cost Of Revenue": NaN,
        "EBITDA": NaN,
        "EBIT": NaN,
        "Net Interest Income": NaN,
        "Interest Expense": 290000.0,
        "Interest Income": NaN,
        "Normalized Income": NaN,
        "Net Income From Continuing And Discontinued Operation": NaN,
        "Total Expenses": NaN,
        "Total Operating Income As Reported": NaN,
        "Diluted Average Shares": NaN,
        "Basic Average Shares": NaN,
        "Diluted EPS": NaN,
        "Basic EPS": NaN,
        "Diluted NI Availto Com Stockholders": NaN,
        "Average Dilution Earnings": 0.0,
        "Net Income Common Stockholders": NaN,
        "Net Income": NaN,
        "Net Income Including Noncontrolling Interests": NaN,
        "Net Income Continuous Operations": NaN,
        "Tax Provision": NaN,
        "Pretax Income": NaN,
        "Other Income Expense": NaN,
        "Other Non Operating Income Expenses": NaN,
        "Special Income Charges": 0.0,
        "Write Off": 0.0,
        "Earnings From Equity Interest": 0.0,
        "Gain On Sale Of Security": NaN,
        "Net Non Operating Interest Income Expense": NaN,
        "Total Other Finance Cost": 587000.0,
        "Interest Expense Non Operating": 290000.0,
        "Interest Income Non Operating": NaN,
        "Operating Income": NaN,
        "Operating Expense": NaN,
        "Other Operating Expenses": NaN,
        "Research And Development": NaN,
        "Selling General And Administration": NaN,
        "Selling And Marketing Expense": NaN,
        "General And Administrative Expense": NaN,
        "Other Gand A": NaN,
        "Gross Profit": NaN,
        "Cost Of Revenue": NaN,
        "Total Revenue": NaN,
        "Operating Revenue": NaN
    },
    "2022-06-30": {
        "Tax Effect Of Unusual Items": -407871200.0,
        "Tax Rate For Calcs": 0.4,
        "Normalized EBITDA": -161888000.0,
        "Total Unusual Items": -1019678000.0,
        "Total Unusual Items Excluding Goodwill": -1019678000.0,
        "Net Income From Continuing Operation Net Minority Interest": -1203907000.0,
        "Reconciled Depreciation": 16403000.0,
        "Reconciled Cost Of Revenue": 639421000.0,
        "EBITDA": -1181566000.0,
        "EBIT": -1197969000.0,
        "Net Interest Income": 11636000.0,
        "Interest Expense": 281000.0,
        "Interest Income": 12505000.0,
        "Normalized Income": -592100200.0,
        "Net Income From Continuing And Discontinued Operation": -1203907000.0,
        "Total Expenses": 1485271000.0,
        "Total Operating Income As Reported": -190208000.0,
        "Diluted Average Shares": 1262011665.0,
        "Basic Average Shares": 1262011665.0,
        "Diluted EPS": -0.95,
        "Basic EPS": -0.95,
        "Diluted NI Availto Com Stockholders": -1203907000.0,
        "Average Dilution Earnings": 0.0,
        "Net Income Common Stockholders": -1203907000.0,
        "Net Income": -1203907000.0,
        "Net Income Including Noncontrolling Interests": -1203907000.0,
        "Net Income Continuous Operations": -1203907000.0,
        "Tax Provision": 5657000.0,
        "Pretax Income": -1198250000.0,
        "Other Income Expense": -1019678000.0,
        "Other Non Operating Income Expenses": NaN,
        "Special Income Charges": NaN,
        "Write Off": NaN,
        "Gain On Sale Of Security": -1019678000.0,
        "Net Non Operating Interest Income Expense": 11636000.0,
        "Total Other Finance Cost": 588000.0,
        "Interest Expense Non Operating": 281000.0,
        "Interest Income Non Operating": 12505000.0,
        "Operating Income": -190208000.0,
        "Operating Expense": 845850000.0,
        "Other Operating Expenses": 42380000.0,
        "Research And Development": 346667000.0,
        "Selling General And Administration": 456803000.0,
        "Selling And Marketing Expense": 326902000.0,
        "General And Administrative Expense": 129901000.0,
        "Other Gand A": 129901000.0,
        "Gross Profit": 655642000.0,
        "Cost Of Revenue": 639421000.0,
        "Total Revenue": 1295063000.0,
        "Operating Revenue": 1295063000.0
    },
    "2023-06-30": {
        "Tax Effect Of Unusual Items": NaN,
        "Tax Rate For Calcs": NaN,
        "Normalized EBITDA": NaN,
        "Total Unusual Items": NaN,
        "Total Unusual Items Excluding Goodwill": NaN,
        "Net Income From Continuing Operation Net Minority Interest": NaN,
        "Reconciled Depreciation": NaN,
        "Reconciled Cost Of Revenue": NaN,
        "EBITDA": NaN,
        "EBIT": NaN,
        "Net Interest Income": NaN,
        "Interest Income": NaN,
        "Normalized Income": NaN,
        "Net Income From Continuing And Discontinued Operation": NaN,
        "Total Expenses": NaN,
        "Total Operating Income As Reported": NaN,
        "Diluted Average Shares": NaN,
        "Basic Average Shares": NaN,
        "Diluted EPS": NaN,
        "Basic EPS": NaN,
        "Diluted NI Availto Com Stockholders": NaN,
        "Net Income Common Stockholders": NaN,
        "Net Income": NaN,
        "Net Income Including Noncontrolling Interests": NaN,
        "Net Income Continuous Operations": NaN,
        "Tax Provision": NaN,
        "Pretax Income": NaN,
        "Other Income Expense": NaN,
        "Other Non Operating Income Expenses": 335000000.0,
        "Special Income Charges": NaN,
        "Write Off": NaN,
        "Earnings From Equity Interest": NaN,
        "Gain On Sale Of Security": NaN,
        "Net Non Operating Interest Income Expense": NaN,
        "Interest Income Non Operating": NaN,
        "Operating Income": NaN,
        "Operating Expense": NaN,
        "Other Operating Expenses": NaN,
        "Research And Development": NaN,
        "Selling General And Administration": NaN,
        "Selling And Marketing Expense": NaN,
        "General And Administrative Expense": NaN,
        "Other Gand A": NaN,
        "Gross Profit": NaN,
        "Cost Of Revenue": NaN,
        "Total Revenue": NaN,
        "Operating Revenue": NaN
    },
    "2022-03-31": {
        "Diluted EPS": -1.17,
        "Total Revenue": NaN,
        "Gross Profit": 638,
        "Operating Income": -98,
        "EBIT": -81,
        "Net Income": NaN
    },
    "2021-12-31": {
        "Diluted EPS": -0.29,
        "Total Revenue": NaN,
        "Gross Profit": 693,
        "Operating Income": 14,
        "EBIT": 37,
        "Net Income": -371
    },
    "2021-09-30": {
        "Diluted EPS": 0.9,
        "Total Revenue": NaN,
        "Gross Profit": 609,
        "Operating Income": -4,
        "EBIT": 10,
        "Net Income": NaN
    },
    "2021-06-30": {
        "Diluted EPS": 0.69,
        "Total Revenue": NaN,
        "Gross Profit": 621,
        "Operating Income": 139,
        "EBIT": 154,
        "Net Income": 879
    },
    "2021-03-31": {
        "Diluted EPS": 0.99,
        "Total Revenue": 989,
        "Gross Profit": 559,
        "Operating Income": 119,
        "EBIT": 135,
        "Net Income": NaN
    },
    "2020-12-31": {
        "Diluted EPS": 0.1,
        "Total Revenue": 978,
        "Gross Profit": 504,
        "Operating Income": 113,
        "EBIT": 130,
        "Net Income": 124
    },
    "2020-09-30": {
        "Diluted EPS": 0.15,
        "Total Revenue": 767,
        "Gross Profit": 405,
        "Operating Income": 51,
        "EBIT": 68,
        "Net Income": 191
    },
    "2020-06-30": {
        "Diluted EPS": 0.03,
        "Total Revenue": 714,
        "Gross Profit": 375,
        "Operating Income": 0,
        "EBIT": 20,
        "Net Income": 36
    },
    "2020-03-31": {
        "Diluted EPS": -0.03,
        "Total Revenue": 470,
        "Gross Profit": 257,
        "Operating Income": -73,
        "EBIT": -59,
        "Net Income": -31
    },
    "2019-12-31": {
        "Diluted EPS": 0.0,
        "Total Revenue": 505,
        "Gross Profit": 264,
        "Operating Income": -30,
        "EBIT": -17,
        "Net Income": 1
    },
    "2019-09-30": {
        "Diluted EPS": -0.06,
        "Total Revenue": 391,
        "Gross Profit": 217,
        "Operating Income": -36,
        "EBIT": -27,
        "Net Income": -73
    },
    "2019-06-30": {
        "Diluted EPS": -0.03,
        "Total Revenue": 362,
        "Gross Profit": 205,
        "Operating Income": -40,
        "EBIT": -32,
        "Net Income": -29
    },
    "2019-03-31": {
        "Diluted EPS": -0.02,
        "Total Revenue": 320,
        "Gross Profit": 180,
        "Operating Income": -36,
        "EBIT": -29,
        "Net Income": -24
    },
    "2018-12-31": {
        "Diluted EPS": 0.0,
        "Total Revenue": 344,
        "Gross Profit": 186,
        "Operating Income": -9,
        "EBIT": -4,
        "Net Income": -2
    },
    "2018-09-30": {
        "Diluted EPS": -0.02,
        "Total Revenue": 270,
        "Gross Profit": 150,
        "Operating Income": -31,
        "EBIT": -25,
        "Net Income": -23
    },
    "2018-06-30": {
        "Diluted EPS": -0.02,
        "Total Revenue": 245,
        "Gross Profit": 137,
        "Operating Income": -31,
        "EBIT": -23,
        "Net Income": -24
    },
    "2018-03-31": {
        "Diluted EPS": -0.02,
        "Total Revenue": 214,
        "Gross Profit": 124,
        "Operating Income": -20,
        "EBIT": -13,
        "Net Income": -16
    },
    "2017-12-31": {
        "Diluted EPS": -0.0,
        "Total Revenue": 223,
        "Gross Profit": 121,
        "Operating Income": -6,
        "EBIT": 2,
        "Net Income": -3
    },
    "2017-09-30": {
        "Diluted EPS": -0.01,
        "Total Revenue": 171,
        "Gross Profit": 100,
        "Operating Income": -13,
        "EBIT": -7,
        "Net Income": -9
    },
    "2017-06-30": {
        "Diluted EPS": -0.02,
        "Total Revenue": 152,
        "Gross Profit": 87,
        "Operating Income": -16,
        "EBIT": -11,
        "Net Income": -14
    },
    "2017-03-31": {
        "Diluted EPS": -0.02,
        "Total Revenue": 127,
        "Gross Profit": 72,
        "Operating Income": -14,
        "EBIT": -10,
        "Net Income": -14
    },
    "2016-12-31": {
        "Diluted EPS": -0.01,
        "Total Revenue": 130,
        "Gross Profit": 68,
        "Operating Income": -9,
        "EBIT": -5,
        "Net Income": -9
    },
    "2016-09-30": {
        "Diluted EPS": -0.01,
        "Total Revenue": 100,
        "Gross Profit": 54,
        "Operating Income": -9,
        "EBIT": -6,
        "Net Income": -9
    },
    "2016-06-30": {
        "Diluted EPS": -0.01,
        "Total Revenue": 87,
        "Gross Profit": 48,
        "Operating Income": -9,
        "EBIT": -6,
        "Net Income": -8
    },
    "2016-03-31": {
        "Diluted EPS": -0.01,
        "Total Revenue": 73,
        "Gross Profit": 40,
        "Operating Income": -10,
        "EBIT": -7,
        "Net Income": -9
    },
    "2015-12-31": {
        "Diluted EPS": -0.01,
        "Total Revenue": 70,
        "Gross Profit": 38,
        "Operating Income": -7,
        "EBIT": -4,
        "Net Income": -6
    },
    "2015-09-30": {
        "Diluted EPS": -0.01,
        "Total Revenue": 53,
        "Gross Profit": 29,
        "Operating Income": -4,
        "EBIT": -2,
        "Net Income": -5
    },
    "2015-06-30": {
        "Diluted EPS": -0.01,
        "Total Revenue": 45,
        "Gross Profit": 25,
        "Operating Income": -3,
        "EBIT": -2,
        "Net Income": -3
    },
    "2015-03-31": {
        "Diluted EPS": -0.01,
        "Total Revenue": 37,
        "Gross Profit": 22,
        "Operating Income": -3,
        "EBIT": -2,
        "Net Income": -5
    },
    "2014-12-31": {
        "Diluted EPS": -0.01,
        "Total Revenue": 35,
        "Gross Profit": 20,
        "Operating Income": -5,
        "EBIT": -3,
        "Net Income": -5
    },
    "2014-09-30": {
        "Diluted EPS": -0.01,
        "Total Revenue": 27,
        "Gross Profit": 16,
        "Operating Income": -4,
        "EBIT": -3,
        "Net Income": -4
    },
    "2014-06-30": {
        "Diluted EPS": -0.02,
        "Total Revenue": 24,
        "Gross Profit": 14,
        "Operating Income": -7,
        "EBIT": -6,
        "Net Income": -7
    },
    "2014-03-31": {
        "Diluted EPS": -0.02,
        "Total Revenue": 19,
        "Gross Profit": 12,
        "Operating Income": -6,
        "EBIT": -5,
        "Net Income": -6
    },
    "2013-12-31": {
        "Diluted EPS": 0.0,
        "Total Revenue": NaN,
        "Gross Profit": NaN,
        "Operating Income": NaN,
        "EBIT": NaN,
        "Net Income": NaN
    },
    "2012-12-31": {
        "Diluted EPS": 0.0,
        "Total Revenue": NaN,
        "Gross Profit": NaN,
        "Operating Income": NaN,
        "EBIT": NaN,
        "Net Income": NaN
    },
    "2023-09-30": {
        "Tax Effect Of Unusual Items": NaN,
        "Tax Rate For Calcs": NaN,
        "Normalized EBITDA": NaN,
        "Total Unusual Items": NaN,
        "Total Unusual Items Excluding Goodwill": NaN,
        "Net Income From Continuing Operation Net Minority Interest": NaN,
        "Reconciled Depreciation": NaN,
        "Reconciled Cost Of Revenue": NaN,
        "EBITDA": NaN,
        "EBIT": NaN,
        "Net Interest Income": NaN,
        "Interest Income": NaN,
        "Normalized Income": NaN,
        "Net Income From Continuing And Discontinued Operation": NaN,
        "Total Expenses": NaN,
        "Total Operating Income As Reported": NaN,
        "Diluted Average Shares": NaN,
        "Basic Average Shares": NaN,
        "Diluted EPS": NaN,
        "Basic EPS": NaN,
        "Diluted NI Availto Com Stockholders": NaN,
        "Average Dilution Earnings": NaN,
        "Net Income Common Stockholders": NaN,
        "Net Income": NaN,
        "Net Income Including Noncontrolling Interests": NaN,
        "Net Income Continuous Operations": NaN,
        "Tax Provision": NaN,
        "Pretax Income": NaN,
        "Other Income Expense": NaN,
        "Other Non Operating Income Expenses": NaN,
        "Special Income Charges": 0.0,
        "Write Off": 0.0,
        "Earnings From Equity Interest": NaN,
        "Gain On Sale Of Security": NaN,
        "Net Non Operating Interest Income Expense": NaN,
        "Interest Income Non Operating": NaN,
        "Operating Income": NaN,
        "Operating Expense": NaN,
        "Other Operating Expenses": NaN,
        "Research And Development": NaN,
        "Selling General And Administration": NaN,
        "Selling And Marketing Expense": NaN,
        "General And Administrative Expense": NaN,
        "Other Gand A": NaN,
        "Gross Profit": NaN,
        "Cost Of Revenue": NaN,
        "Total Revenue": NaN,
        "Operating Revenue": NaN
    },
    "2023-12-31": {
        "Tax Effect Of Unusual Items": NaN,
        "Tax Rate For Calcs": NaN,
        "Normalized EBITDA": NaN,
        "Total Unusual Items": NaN,
        "Total Unusual Items Excluding Goodwill": NaN,
        "Net Income From Continuing Operation Net Minority Interest": NaN,
        "Reconciled Depreciation": NaN,
        "Reconciled Cost Of Revenue": NaN,
        "EBITDA": NaN,
        "EBIT": NaN,
        "Net Interest Income": NaN,
        "Interest Income": NaN,
        "Normalized Income": NaN,
        "Net Income From Continuing And Discontinued Operation": NaN,
        "Total Expenses": NaN,
        "Total Operating Income As Reported": NaN,
        "Diluted Average Shares": NaN,
        "Basic Average Shares": NaN,
        "Diluted EPS": NaN,
        "Basic EPS": NaN,
        "Diluted NI Availto Com Stockholders": NaN,
        "Average Dilution Earnings": NaN,
        "Net Income Common Stockholders": NaN,
        "Net Income": NaN,
        "Net Income Including Noncontrolling Interests": NaN,
        "Net Income Continuous Operations": NaN,
        "Tax Provision": NaN,
        "Pretax Income": NaN,
        "Other Income Expense": NaN,
        "Other Non Operating Income Expenses": NaN,
        "Special Income Charges": NaN,
        "Write Off": 0.0,
        "Restructuring And Mergern Acquisition": NaN,
        "Earnings From Equity Interest": NaN,
        "Gain On Sale Of Security": NaN,
        "Net Non Operating Interest Income Expense": NaN,
        "Interest Income Non Operating": NaN,
        "Operating Income": NaN,
        "Operating Expense": NaN,
        "Other Operating Expenses": NaN,
        "Research And Development": NaN,
        "Selling General And Administration": NaN,
        "Selling And Marketing Expense": NaN,
        "General And Administrative Expense": NaN,
        "Other Gand A": NaN,
        "Gross Profit": NaN,
        "Cost Of Revenue": NaN,
        "Total Revenue": NaN,
        "Operating Revenue": NaN
    },
    "2024-03-31": {
        "Tax Effect Of Unusual Items": NaN,
        "Tax Rate For Calcs": NaN,
        "Normalized EBITDA": NaN,
        "Total Unusual Items": NaN,
        "Total Unusual Items Excluding Goodwill": NaN,
        "Net Income From Continuing Operation Net Minority Interest": NaN,
        "Reconciled Depreciation": NaN,
        "Reconciled Cost Of Revenue": NaN,
        "EBITDA": NaN,
        "EBIT": NaN,
        "Net Interest Income": NaN,
        "Interest Income": NaN,
        "Normalized Income": NaN,
        "Net Income From Continuing And Discontinued Operation": NaN,
        "Total Expenses": NaN,
        "Total Operating Income As Reported": NaN,
        "Diluted Average Shares": NaN,
        "Basic Average Shares": NaN,
        "Diluted EPS": NaN,
        "Basic EPS": NaN,
        "Diluted NI Availto Com Stockholders": NaN,
        "Average Dilution Earnings": 0.0,
        "Net Income Common Stockholders": NaN,
        "Net Income": NaN,
        "Net Income Including Noncontrolling Interests": NaN,
        "Net Income Continuous Operations": NaN,
        "Tax Provision": NaN,
        "Pretax Income": NaN,
        "Other Income Expense": NaN,
        "Other Non Operating Income Expenses": -342000000.0,
        "Special Income Charges": NaN,
        "Write Off": NaN,
        "Restructuring And Mergern Acquisition": NaN,
        "Earnings From Equity Interest": NaN,
        "Gain On Sale Of Security": NaN,
        "Net Non Operating Interest Income Expense": NaN,
        "Interest Income Non Operating": NaN,
        "Operating Income": NaN,
        "Operating Expense": NaN,
        "Other Operating Expenses": 51000000.0,
        "Research And Development": NaN,
        "Selling General And Administration": NaN,
        "Selling And Marketing Expense": NaN,
        "General And Administrative Expense": NaN,
        "Other Gand A": NaN,
        "Gross Profit": NaN,
        "Cost Of Revenue": NaN,
        "Total Revenue": NaN,
        "Operating Revenue": NaN
    },
    "2024-06-30": {
        "Tax Effect Of Unusual Items": NaN,
        "Tax Rate For Calcs": NaN,
        "Normalized EBITDA": NaN,
        "Total Unusual Items": NaN,
        "Total Unusual Items Excluding Goodwill": NaN,
        "Net Income From Continuing Operation Net Minority Interest": NaN,
        "Reconciled Depreciation": NaN,
        "Reconciled Cost Of Revenue": NaN,
        "EBITDA": NaN,
        "EBIT": NaN,
        "Net Interest Income": NaN,
        "Interest Income": NaN,
        "Normalized Income": NaN,
        "Net Income From Continuing And Discontinued Operation": NaN,
        "Total Expenses": NaN,
        "Total Operating Income As Reported": NaN,
        "Diluted Average Shares": NaN,
        "Basic Average Shares": NaN,
        "Diluted EPS": NaN,
        "Basic EPS": NaN,
        "Diluted NI Availto Com Stockholders": NaN,
        "Average Dilution Earnings": NaN,
        "Net Income Common Stockholders": NaN,
        "Net Income": NaN,
        "Net Income Including Noncontrolling Interests": NaN,
        "Net Income Continuous Operations": NaN,
        "Tax Provision": NaN,
        "Pretax Income": NaN,
        "Other Income Expense": NaN,
        "Special Income Charges": NaN,
        "Write Off": 0.0,
        "Restructuring And Mergern Acquisition": NaN,
        "Earnings From Equity Interest": NaN,
        "Gain On Sale Of Security": NaN,
        "Net Non Operating Interest Income Expense": NaN,
        "Interest Income Non Operating": NaN,
        "Operating Income": NaN,
        "Operating Expense": NaN,
        "Other Operating Expenses": 42000000.0,
        "Research And Development": NaN,
        "Selling General And Administration": NaN,
        "Selling And Marketing Expense": NaN,
        "General And Administrative Expense": NaN,
        "Other Gand A": NaN,
        "Gross Profit": NaN,
        "Cost Of Revenue": NaN,
        "Total Revenue": NaN,
        "Operating Revenue": NaN
    },
    "2024-09-30": {
        "Tax Effect Of Unusual Items": 17488372.093023,
        "Tax Rate For Calcs": 0.037209,
        "Normalized EBITDA": -121000000.0,
        "Total Unusual Items": 470000000.0,
        "Total Unusual Items Excluding Goodwill": 470000000.0,
        "Net Income From Continuing Operation Net Minority Interest": 828000000.0,
        "Reconciled Depreciation": 8000000.0,
        "Reconciled Cost Of Revenue": 1044000000.0,
        "EBITDA": 349000000.0,
        "EBIT": 341000000.0,
        "Net Interest Income": 77000000.0,
        "Interest Income": 77000000.0,
        "Normalized Income": 375488372.093023,
        "Net Income From Continuing And Discontinued Operation": 828000000.0,
        "Total Expenses": 1821000000.0,
        "Total Operating Income As Reported": 283000000.0,
        "Diluted Average Shares": 1301600656.0,
        "Basic Average Shares": 1290585426.0,
        "Diluted EPS": 0.64,
        "Basic EPS": 0.64,
        "Diluted NI Availto Com Stockholders": 828000000.0,
        "Average Dilution Earnings": NaN,
        "Net Income Common Stockholders": 828000000.0,
        "Net Income": 828000000.0,
        "Net Income Including Noncontrolling Interests": 828000000.0,
        "Net Income Continuous Operations": 828000000.0,
        "Tax Provision": 32000000.0,
        "Pretax Income": 860000000.0,
        "Other Income Expense": 442000000.0,
        "Special Income Charges": -58000000.0,
        "Write Off": 0.0,
        "Restructuring And Mergern Acquisition": 58000000.0,
        "Earnings From Equity Interest": -28000000.0,
        "Gain On Sale Of Security": 528000000.0,
        "Net Non Operating Interest Income Expense": 77000000.0,
        "Interest Income Non Operating": 77000000.0,
        "Operating Income": 341000000.0,
        "Operating Expense": 777000000.0,
        "Other Operating Expenses": 58000000.0,
        "Research And Development": 332000000.0,
        "Selling General And Administration": 445000000.0,
        "Selling And Marketing Expense": 331000000.0,
        "General And Administrative Expense": 114000000.0,
        "Other Gand A": 114000000.0,
        "Gross Profit": 1118000000.0,
        "Cost Of Revenue": 1044000000.0,
        "Total Revenue": 2162000000.0,
        "Operating Revenue": 2162000000.0
    },
    "2024-12-31": {
        "Tax Effect Of Unusual Items": 74764250.527797,
        "Tax Rate For Calcs": 0.090077,
        "Normalized EBITDA": -281000000.0,
        "Total Unusual Items": 830000000.0,
        "Total Unusual Items Excluding Goodwill": 830000000.0,
        "Net Income From Continuing Operation Net Minority Interest": 1293000000.0,
        "Reconciled Depreciation": 8000000.0,
        "Reconciled Cost Of Revenue": 1460000000.0,
        "EBITDA": 549000000.0,
        "EBIT": 541000000.0,
        "Net Interest Income": 72000000.0,
        "Interest Income": 72000000.0,
        "Normalized Income": 537764250.527797,
        "Net Income From Continuing And Discontinued Operation": 1293000000.0,
        "Total Expenses": 2271000000.0,
        "Total Operating Income As Reported": 465000000.0,
        "Diluted Average Shares": 1294580140.0,
        "Basic Average Shares": 1294580140.0,
        "Diluted EPS": 0.998779,
        "Basic EPS": 0.998779,
        "Diluted NI Availto Com Stockholders": 1293000000.0,
        "Average Dilution Earnings": NaN,
        "Net Income Common Stockholders": 1293000000.0,
        "Net Income": 1293000000.0,
        "Net Income Including Noncontrolling Interests": 1293000000.0,
        "Net Income Continuous Operations": 1293000000.0,
        "Tax Provision": 128000000.0,
        "Pretax Income": 1421000000.0,
        "Other Income Expense": 808000000.0,
        "Special Income Charges": -76000000.0,
        "Write Off": 0.0,
        "Restructuring And Mergern Acquisition": 76000000.0,
        "Earnings From Equity Interest": -22000000.0,
        "Gain On Sale Of Security": 906000000.0,
        "Net Non Operating Interest Income Expense": 72000000.0,
        "Interest Income Non Operating": 72000000.0,
        "Operating Income": 541000000.0,
        "Operating Expense": 811000000.0,
        "Other Operating Expenses": 76000000.0,
        "Research And Development": 351000000.0,
        "Selling General And Administration": 460000000.0,
        "Selling And Marketing Expense": 348000000.0,
        "General And Administrative Expense": 112000000.0,
        "Other Gand A": 112000000.0,
        "Gross Profit": 1352000000.0,
        "Cost Of Revenue": 1460000000.0,
        "Total Revenue": 2812000000.0,
        "Operating Revenue": 2812000000.0
    },
    "2025-03-31": {
        "Tax Effect Of Unusual Items": -124571428.571429,
        "Tax Rate For Calcs": 0.114286,
        "Normalized EBITDA": 1376000000.0,
        "Total Unusual Items": -1090000000.0,
        "Total Unusual Items Excluding Goodwill": -1090000000.0,
        "Net Income From Continuing Operation Net Minority Interest": -682000000.0,
        "Reconciled Depreciation": 8000000.0,
        "Reconciled Cost Of Revenue": 1191000000.0,
        "EBITDA": 286000000.0,
        "EBIT": 278000000.0,
        "Net Interest Income": 65000000.0,
        "Interest Income": 65000000.0,
        "Normalized Income": 283428571.428571,
        "Net Income From Continuing And Discontinued Operation": -682000000.0,
        "Total Expenses": 2082000000.0,
        "Total Operating Income As Reported": 203000000.0,
        "Diluted Average Shares": 1297078805.0,
        "Basic Average Shares": 1297078805.0,
        "Diluted EPS": -0.525797,
        "Basic EPS": -0.525797,
        "Diluted NI Availto Com Stockholders": -682000000.0,
        "Average Dilution Earnings": 0.0,
        "Net Income Common Stockholders": -682000000.0,
        "Net Income": -682000000.0,
        "Net Income Including Noncontrolling Interests": -682000000.0,
        "Net Income Continuous Operations": -682000000.0,
        "Tax Provision": -88000000.0,
        "Pretax Income": -770000000.0,
        "Other Income Expense": -1113000000.0,
        "Special Income Charges": -75000000.0,
        "Write Off": NaN,
        "Restructuring And Mergern Acquisition": 75000000.0,
        "Earnings From Equity Interest": -23000000.0,
        "Gain On Sale Of Security": -1015000000.0,
        "Net Non Operating Interest Income Expense": 65000000.0,
        "Interest Income Non Operating": 65000000.0,
        "Operating Income": 278000000.0,
        "Operating Expense": 891000000.0,
        "Other Operating Expenses": 75000000.0,
        "Research And Development": 377000000.0,
        "Selling General And Administration": 514000000.0,
        "Selling And Marketing Expense": 405000000.0,
        "General And Administrative Expense": 109000000.0,
        "Other Gand A": 109000000.0,
        "Gross Profit": 1169000000.0,
        "Cost Of Revenue": 1191000000.0,
        "Total Revenue": 2360000000.0,
        "Operating Revenue": 2360000000.0
    },
    "2025-06-30": {
        "Tax Effect Of Unusual Items": 100368860.055607,
        "Tax Rate For Calcs": 0.160334,
        "Normalized EBITDA": -247000000.0,
        "Total Unusual Items": 626000000.0,
        "Total Unusual Items Excluding Goodwill": 626000000.0,
        "Net Income From Continuing Operation Net Minority Interest": 906000000.0,
        "Reconciled Depreciation": 8000000.0,
        "Reconciled Cost Of Revenue": 1378000000.0,
        "EBITDA": 379000000.0,
        "EBIT": 371000000.0,
        "Net Interest Income": 106000000.0,
        "Interest Income": 106000000.0,
        "Normalized Income": 380368860.055607,
        "Net Income From Continuing And Discontinued Operation": 906000000.0,
        "Total Expenses": 2309000000.0,
        "Total Operating Income As Reported": 291000000.0,
        "Diluted Average Shares": 1308993838.0,
        "Basic Average Shares": 1297746050.0,
        "Diluted EPS": 0.69,
        "Basic EPS": 0.7,
        "Diluted NI Availto Com Stockholders": 906000000.0,
        "Average Dilution Earnings": NaN,
        "Net Income Common Stockholders": 906000000.0,
        "Net Income": 906000000.0,
        "Net Income Including Noncontrolling Interests": 906000000.0,
        "Net Income Continuous Operations": 906000000.0,
        "Tax Provision": 173000000.0,
        "Pretax Income": 1079000000.0,
        "Other Income Expense": 602000000.0,
        "Special Income Charges": -80000000.0,
        "Write Off": NaN,
        "Restructuring And Mergern Acquisition": 80000000.0,
        "Earnings From Equity Interest": -24000000.0,
        "Gain On Sale Of Security": 706000000.0,
        "Net Non Operating Interest Income Expense": 106000000.0,
        "Interest Income Non Operating": 106000000.0,
        "Operating Income": 371000000.0,
        "Operating Expense": 931000000.0,
        "Other Operating Expenses": NaN,
        "Research And Development": 394000000.0,
        "Selling General And Administration": 537000000.0,
        "Selling And Marketing Expense": 415000000.0,
        "General And Administrative Expense": 122000000.0,
        "Other Gand A": 122000000.0,
        "Gross Profit": 1302000000.0,
        "Cost Of Revenue": 1378000000.0,
        "Total Revenue": 2680000000.0,
        "Operating Revenue": 2680000000.0
    },
    "2025-09-30": {
        "Tax Effect Of Unusual Items": -34714285.714286,
        "Tax Rate For Calcs": 0.142857,
        "Normalized EBITDA": 742000000.0,
        "Total Unusual Items": -243000000.0,
        "Total Unusual Items Excluding Goodwill": -243000000.0,
        "Net Income From Continuing Operation Net Minority Interest": 264000000.0,
        "Reconciled Depreciation": 8000000.0,
        "Reconciled Cost Of Revenue": 1453000000.0,
        "EBITDA": 499000000.0,
        "EBIT": 491000000.0,
        "Net Interest Income": 81000000.0,
        "Interest Income": 81000000.0,
        "Normalized Income": 472285714.285714,
        "Net Income From Continuing And Discontinued Operation": 264000000.0,
        "Total Expenses": 2353000000.0,
        "Total Operating Income As Reported": 343000000.0,
        "Diluted Average Shares": 1312872709.0,
        "Basic Average Shares": 1300069685.0,
        "Diluted EPS": 0.2,
        "Basic EPS": 0.2,
        "Diluted NI Availto Com Stockholders": 264000000.0,
        "Average Dilution Earnings": NaN,
        "Net Income Common Stockholders": 264000000.0,
        "Net Income": 264000000.0,
        "Net Income Including Noncontrolling Interests": 264000000.0,
        "Net Income Continuous Operations": 264000000.0,
        "Tax Provision": 44000000.0,
        "Pretax Income": 308000000.0,
        "Other Income Expense": -264000000.0,
        "Special Income Charges": -148000000.0,
        "Write Off": NaN,
        "Restructuring And Mergern Acquisition": 148000000.0,
        "Earnings From Equity Interest": -21000000.0,
        "Gain On Sale Of Security": -95000000.0,
        "Net Non Operating Interest Income Expense": 81000000.0,
        "Interest Income Non Operating": 81000000.0,
        "Operating Income": 491000000.0,
        "Operating Expense": 900000000.0,
        "Other Operating Expenses": NaN,
        "Research And Development": 375000000.0,
        "Selling General And Administration": 525000000.0,
        "Selling And Marketing Expense": 410000000.0,
        "General And Administrative Expense": 115000000.0,
        "Other Gand A": 115000000.0,
        "Gross Profit": 1391000000.0,
        "Cost Of Revenue": 1453000000.0,
        "Total Revenue": 2844000000.0,
        "Operating Revenue": 2844000000.0
    }
}