{
    "2023-03-31": {
        "Tax Effect Of Unusual Items": 0.0,
        "Tax Rate For Calcs": 0.0,
        "Normalized EBITDA": -8673000.0,
        "Total Unusual Items": NaN,
        "Total Unusual Items Excluding Goodwill": NaN,
        "Net Income From Continuing Operation Net Minority Interest": -12892000.0,
        "Reconciled Depreciation": 1842000.0,
        "Reconciled Cost Of Revenue": 10410000.0,
        "EBITDA": -8673000.0,
        "EBIT": -10515000.0,
        "Net Interest Income": -2271000.0,
        "Interest Expense": 2377000.0,
        "Interest Income": 106000.0,
        "Normalized Income": -12892000.0,
        "Net Income From Continuing And Discontinued Operation": -12892000.0,
        "Total Expenses": 33121000.0,
        "Total Operating Income As Reported": -10564000.0,
        "Diluted Average Shares": 12197294.0,
        "Basic Average Shares": 12197294.0,
        "Diluted EPS": -1.06,
        "Basic EPS": -1.06,
        "Diluted NI Availto Com Stockholders": -12892000.0,
        "Net Income Common Stockholders": -12892000.0,
        "Net Income": -12892000.0,
        "Net Income Including Noncontrolling Interests": -12892000.0,
        "Net Income Discontinuous Operations": 0.0,
        "Net Income Continuous Operations": -12892000.0,
        "Tax Provision": 0.0,
        "Pretax Income": -12892000.0,
        "Other Income Expense": -57000.0,
        "Other Non Operating Income Expenses": -57000.0,
        "Gain On Sale Of Security": NaN,
        "Net Non Operating Interest Income Expense": -2271000.0,
        "Interest Expense Non Operating": 2377000.0,
        "Interest Income Non Operating": 106000.0,
        "Operating Income": -10564000.0,
        "Operating Expense": 22711000.0,
        "Research And Development": 2708000.0,
        "Selling General And Administration": 20003000.0,
        "Selling And Marketing Expense": 10152000.0,
        "General And Administrative Expense": 9851000.0,
        "Other Gand A": 9851000.0,
        "Gross Profit": 12147000.0,
        "Cost Of Revenue": 10410000.0,
        "Total Revenue": 22557000.0,
        "Operating Revenue": 22557000.0
    },
    "2022-12-31": {
        "Tax Effect Of Unusual Items": 0.0,
        "Tax Rate For Calcs": 0.21,
        "Normalized EBITDA": -17945000.0,
        "Total Unusual Items": NaN,
        "Total Unusual Items Excluding Goodwill": NaN,
        "Net Income From Continuing Operation Net Minority Interest": -22189000.0,
        "Reconciled Depreciation": 1689000.0,
        "Reconciled Cost Of Revenue": 21837000.0,
        "EBITDA": -17945000.0,
        "EBIT": -19634000.0,
        "Net Interest Income": -2456000.0,
        "Interest Expense": 2528000.0,
        "Interest Income": 72000.0,
        "Normalized Income": -22189000.0,
        "Net Income From Continuing And Discontinued Operation": -21981000.0,
        "Total Expenses": 49527000.0,
        "Total Operating Income As Reported": -24459000.0,
        "Diluted Average Shares": 9539971.0,
        "Basic Average Shares": 9539971.0,
        "Diluted EPS": -2.35,
        "Basic EPS": -2.35,
        "Diluted NI Availto Com Stockholders": -21981000.0,
        "Net Income Common Stockholders": -21981000.0,
        "Net Income": -21981000.0,
        "Net Income Including Noncontrolling Interests": -21981000.0,
        "Net Income Discontinuous Operations": 208000.0,
        "Net Income Continuous Operations": -22189000.0,
        "Tax Provision": 27000.0,
        "Pretax Income": -22162000.0,
        "Other Income Expense": 4753000.0,
        "Other Non Operating Income Expenses": 13000.0,
        "Gain On Sale Of Security": NaN,
        "Net Non Operating Interest Income Expense": -2456000.0,
        "Interest Expense Non Operating": 2528000.0,
        "Interest Income Non Operating": 72000.0,
        "Operating Income": -24459000.0,
        "Operating Expense": 27690000.0,
        "Research And Development": 4240000.0,
        "Selling General And Administration": 23450000.0,
        "Selling And Marketing Expense": 13507000.0,
        "General And Administrative Expense": 9943000.0,
        "Other Gand A": 9943000.0,
        "Gross Profit": 3231000.0,
        "Cost Of Revenue": 21837000.0,
        "Total Revenue": 25068000.0,
        "Operating Revenue": 25068000.0
    },
    "2022-09-30": {
        "Tax Effect Of Unusual Items": 0.0,
        "Tax Rate For Calcs": 0.0,
        "Normalized EBITDA": -10978000.0,
        "Total Unusual Items": NaN,
        "Total Unusual Items Excluding Goodwill": NaN,
        "Net Income From Continuing Operation Net Minority Interest": -14887000.0,
        "Reconciled Depreciation": 1545000.0,
        "Reconciled Cost Of Revenue": 9794000.0,
        "EBITDA": -10978000.0,
        "EBIT": -12523000.0,
        "Net Interest Income": -2323000.0,
        "Interest Expense": 2364000.0,
        "Interest Income": 41000.0,
        "Normalized Income": -14887000.0,
        "Net Income From Continuing And Discontinued Operation": -14981000.0,
        "Total Expenses": 35128000.0,
        "Total Operating Income As Reported": -12558000.0,
        "Diluted Average Shares": 6284817.0,
        "Basic Average Shares": 6284817.0,
        "Diluted EPS": -2.4,
        "Basic EPS": -2.4,
        "Diluted NI Availto Com Stockholders": -14981000.0,
        "Net Income Common Stockholders": -14981000.0,
        "Net Income": -14981000.0,
        "Net Income Including Noncontrolling Interests": -14981000.0,
        "Net Income Discontinuous Operations": -94000.0,
        "Net Income Continuous Operations": -14887000.0,
        "Tax Provision": 0.0,
        "Pretax Income": -14887000.0,
        "Other Income Expense": -6000.0,
        "Other Non Operating Income Expenses": -6000.0,
        "Special Income Charges": NaN,
        "Other Special Charges": NaN,
        "Gain On Sale Of Security": NaN,
        "Net Non Operating Interest Income Expense": -2323000.0,
        "Interest Expense Non Operating": 2364000.0,
        "Interest Income Non Operating": 41000.0,
        "Operating Income": -12558000.0,
        "Operating Expense": 25334000.0,
        "Research And Development": 3720000.0,
        "Selling General And Administration": 21614000.0,
        "Selling And Marketing Expense": 12290000.0,
        "General And Administrative Expense": 9324000.0,
        "Other Gand A": 9324000.0,
        "Gross Profit": 12776000.0,
        "Cost Of Revenue": 9794000.0,
        "Total Revenue": 22570000.0,
        "Operating Revenue": 22570000.0
    },
    "2022-06-30": {
        "Tax Effect Of Unusual Items": 0.0,
        "Tax Rate For Calcs": 0.0,
        "Normalized EBITDA": -14265000.0,
        "Total Unusual Items": NaN,
        "Total Unusual Items Excluding Goodwill": NaN,
        "Net Income From Continuing Operation Net Minority Interest": -18246000.0,
        "Reconciled Depreciation": 1658000.0,
        "Reconciled Cost Of Revenue": 8771000.0,
        "EBITDA": -14265000.0,
        "EBIT": -15923000.0,
        "Net Interest Income": -2308000.0,
        "Interest Expense": 2323000.0,
        "Interest Income": 15000.0,
        "Normalized Income": -18246000.0,
        "Net Income From Continuing And Discontinued Operation": -18304000.0,
        "Total Expenses": 37451000.0,
        "Total Operating Income As Reported": -15938000.0,
        "Diluted Average Shares": 6264954.0,
        "Basic Average Shares": 6264954.0,
        "Diluted EPS": -2.92,
        "Basic EPS": -2.92,
        "Diluted NI Availto Com Stockholders": -18304000.0,
        "Net Income Common Stockholders": -18304000.0,
        "Net Income": -18304000.0,
        "Net Income Including Noncontrolling Interests": -18304000.0,
        "Net Income Discontinuous Operations": -58000.0,
        "Net Income Continuous Operations": -18246000.0,
        "Tax Provision": 0.0,
        "Pretax Income": -18246000.0,
        "Other Income Expense": NaN,
        "Other Non Operating Income Expenses": NaN,
        "Special Income Charges": NaN,
        "Other Special Charges": NaN,
        "Gain On Sale Of Security": NaN,
        "Net Non Operating Interest Income Expense": -2308000.0,
        "Interest Expense Non Operating": 2323000.0,
        "Interest Income Non Operating": 15000.0,
        "Operating Income": -15938000.0,
        "Operating Expense": 28680000.0,
        "Research And Development": 2959000.0,
        "Selling General And Administration": 25721000.0,
        "Selling And Marketing Expense": 13664000.0,
        "General And Administrative Expense": 12057000.0,
        "Other Gand A": 12057000.0,
        "Gross Profit": 12742000.0,
        "Cost Of Revenue": 8771000.0,
        "Total Revenue": 21513000.0,
        "Operating Revenue": 21513000.0
    },
    "2022-03-31": {
        "Diluted EPS": -2.89,
        "Total Revenue": 21,
        "Gross Profit": 13,
        "Operating Income": -16,
        "EBIT": -14,
        "Net Income": -18
    },
    "2021-12-31": {
        "Diluted EPS": -2.25,
        "Total Revenue": 23,
        "Gross Profit": 12,
        "Operating Income": -14,
        "EBIT": -12,
        "Net Income": -16
    },
    "2021-09-30": {
        "Diluted EPS": 4.9,
        "Total Revenue": 20,
        "Gross Profit": 11,
        "Operating Income": -12,
        "EBIT": -10,
        "Net Income": 28
    },
    "2021-06-30": {
        "Diluted EPS": -3.5,
        "Total Revenue": 20,
        "Gross Profit": 11,
        "Operating Income": -9,
        "EBIT": -7,
        "Net Income": -20
    },
    "2021-03-31": {
        "Diluted EPS": -10.1,
        "Total Revenue": 18,
        "Gross Profit": 10,
        "Operating Income": -12,
        "EBIT": -10,
        "Net Income": -55
    },
    "2020-12-31": {
        "Diluted EPS": -4.21,
        "Total Revenue": 13,
        "Gross Profit": 8,
        "Operating Income": -2,
        "EBIT": 0,
        "Net Income": -21
    },
    "2020-09-30": {
        "Diluted EPS": -1.2,
        "Total Revenue": 15,
        "Gross Profit": 8,
        "Operating Income": -10,
        "EBIT": -7,
        "Net Income": -6
    },
    "2020-06-30": {
        "Diluted EPS": -6.8,
        "Total Revenue": 9,
        "Gross Profit": 5,
        "Operating Income": -9,
        "EBIT": -13,
        "Net Income": -34
    },
    "2020-03-31": {
        "Diluted EPS": -5.7,
        "Total Revenue": 17,
        "Gross Profit": 10,
        "Operating Income": -27,
        "EBIT": -19,
        "Net Income": -29
    },
    "2019-12-31": {
        "Diluted EPS": -1.7,
        "Total Revenue": -14,
        "Gross Profit": -6,
        "Operating Income": 29,
        "EBIT": 16,
        "Net Income": -20
    },
    "2019-09-30": {
        "Diluted EPS": -4.5,
        "Total Revenue": 22,
        "Gross Profit": 13,
        "Operating Income": -21,
        "EBIT": -20,
        "Net Income": -22
    },
    "2019-06-30": {
        "Diluted EPS": -11.0,
        "Total Revenue": 21,
        "Gross Profit": 13,
        "Operating Income": -37,
        "EBIT": -23,
        "Net Income": -38
    },
    "2019-03-31": {
        "Diluted EPS": -9.1,
        "Total Revenue": 18,
        "Gross Profit": 11,
        "Operating Income": -26,
        "EBIT": -25,
        "Net Income": -26
    },
    "2018-12-31": {
        "Diluted EPS": -8.1,
        "Total Revenue": 19,
        "Gross Profit": 11,
        "Operating Income": -24,
        "EBIT": -24,
        "Net Income": -25
    },
    "2018-09-30": {
        "Diluted EPS": -7.2,
        "Total Revenue": 17,
        "Gross Profit": 10,
        "Operating Income": -20,
        "EBIT": -19,
        "Net Income": -21
    },
    "2018-06-30": {
        "Diluted EPS": -7.3,
        "Total Revenue": 18,
        "Gross Profit": 11,
        "Operating Income": -17,
        "EBIT": -16,
        "Net Income": -18
    },
    "2018-03-31": {
        "Diluted EPS": -9.9,
        "Total Revenue": 15,
        "Gross Profit": 9,
        "Operating Income": -19,
        "EBIT": -18,
        "Net Income": -19
    },
    "2017-12-31": {
        "Diluted EPS": -9.2,
        "Total Revenue": 11,
        "Gross Profit": 5,
        "Operating Income": -17,
        "EBIT": -17,
        "Net Income": -18
    },
    "2017-09-30": {
        "Diluted EPS": -7.4,
        "Total Revenue": 10,
        "Gross Profit": 6,
        "Operating Income": -14,
        "EBIT": -13,
        "Net Income": -14
    },
    "2017-06-30": {
        "Diluted EPS": -10.7,
        "Total Revenue": 8,
        "Gross Profit": 6,
        "Operating Income": -20,
        "EBIT": -19,
        "Net Income": -20
    },
    "2017-03-31": {
        "Diluted EPS": -6.1,
        "Total Revenue": 7,
        "Gross Profit": 5,
        "Operating Income": -11,
        "EBIT": -11,
        "Net Income": -11
    },
    "2016-12-31": {
        "Diluted EPS": -4.3,
        "Total Revenue": 6,
        "Gross Profit": 4,
        "Operating Income": -8,
        "EBIT": -8,
        "Net Income": -8
    },
    "2016-09-30": {
        "Diluted EPS": -5.5,
        "Total Revenue": 7,
        "Gross Profit": 5,
        "Operating Income": -10,
        "EBIT": -9,
        "Net Income": -10
    },
    "2016-06-30": {
        "Diluted EPS": -5.6,
        "Total Revenue": 6,
        "Gross Profit": 4,
        "Operating Income": -10,
        "EBIT": -10,
        "Net Income": -10
    },
    "2016-03-31": {
        "Diluted EPS": -6.6,
        "Total Revenue": 1,
        "Gross Profit": 1,
        "Operating Income": -12,
        "EBIT": -12,
        "Net Income": -12
    },
    "2015-12-31": {
        "Diluted EPS": -17.5,
        "Total Revenue": 2,
        "Gross Profit": 1,
        "Operating Income": -28,
        "EBIT": -14,
        "Net Income": -28
    },
    "2015-09-30": {
        "Diluted EPS": -4.3,
        "Total Revenue": 10,
        "Gross Profit": 7,
        "Operating Income": -6,
        "EBIT": -5,
        "Net Income": -7
    },
    "2015-06-30": {
        "Diluted EPS": -2.0,
        "Total Revenue": 14,
        "Gross Profit": 10,
        "Operating Income": -2,
        "EBIT": -2,
        "Net Income": -3
    },
    "2015-03-31": {
        "Diluted EPS": -2.3,
        "Total Revenue": 12,
        "Gross Profit": 9,
        "Operating Income": -3,
        "EBIT": -3,
        "Net Income": -3
    },
    "2014-12-31": {
        "Diluted EPS": 102.5,
        "Total Revenue": 12,
        "Gross Profit": 9,
        "Operating Income": -2,
        "EBIT": -2,
        "Net Income": -3
    },
    "2014-09-30": {
        "Diluted EPS": -69.4,
        "Total Revenue": 11,
        "Gross Profit": 8,
        "Operating Income": -1,
        "EBIT": -1,
        "Net Income": -1
    },
    "2014-06-30": {
        "Diluted EPS": -7.7,
        "Total Revenue": 12,
        "Gross Profit": 9,
        "Operating Income": -1,
        "EBIT": -1,
        "Net Income": 0
    },
    "2014-03-31": {
        "Diluted EPS": -48.2,
        "Total Revenue": 10,
        "Gross Profit": 8,
        "Operating Income": -1,
        "EBIT": -1,
        "Net Income": -1
    },
    "2013-12-31": {
        "Diluted EPS": 0.0,
        "Total Revenue": NaN,
        "Gross Profit": NaN,
        "Operating Income": NaN,
        "EBIT": NaN,
        "Net Income": NaN
    },
    "2013-09-30": {
        "Diluted EPS": -314.5,
        "Total Revenue": 8,
        "Gross Profit": 6,
        "Operating Income": -6,
        "EBIT": -6,
        "Net Income": -6
    },
    "2012-12-31": {
        "Diluted EPS": 0.0,
        "Total Revenue": NaN,
        "Gross Profit": NaN,
        "Operating Income": NaN,
        "EBIT": NaN,
        "Net Income": NaN
    },
    "2023-06-30": {
        "Tax Effect Of Unusual Items": 0.0,
        "Tax Rate For Calcs": 0.0,
        "Normalized EBITDA": -5136000.0,
        "Total Unusual Items": NaN,
        "Total Unusual Items Excluding Goodwill": NaN,
        "Net Income From Continuing Operation Net Minority Interest": -9477000.0,
        "Reconciled Depreciation": 1835000.0,
        "Reconciled Cost Of Revenue": 10515000.0,
        "EBITDA": -5136000.0,
        "EBIT": -6971000.0,
        "Net Interest Income": -2322000.0,
        "Interest Expense": 2506000.0,
        "Interest Income": 184000.0,
        "Normalized Income": -9477000.0,
        "Net Income From Continuing And Discontinued Operation": -9477000.0,
        "Total Expenses": 30241000.0,
        "Total Operating Income As Reported": -7111000.0,
        "Diluted Average Shares": 11205000.0,
        "Basic Average Shares": 11205000.0,
        "Diluted EPS": -0.85,
        "Basic EPS": -0.85,
        "Diluted NI Availto Com Stockholders": -9477000.0,
        "Net Income Common Stockholders": -9477000.0,
        "Net Income": -9477000.0,
        "Net Income Including Noncontrolling Interests": -9477000.0,
        "Net Income Discontinuous Operations": 0.0,
        "Net Income Continuous Operations": -9477000.0,
        "Tax Provision": 0.0,
        "Pretax Income": -9477000.0,
        "Other Income Expense": -44000.0,
        "Other Non Operating Income Expenses": -44000.0,
        "Gain On Sale Of Security": NaN,
        "Net Non Operating Interest Income Expense": -2322000.0,
        "Interest Expense Non Operating": 2506000.0,
        "Interest Income Non Operating": 184000.0,
        "Operating Income": -7111000.0,
        "Operating Expense": 19726000.0,
        "Research And Development": 2387000.0,
        "Selling General And Administration": 17339000.0,
        "Selling And Marketing Expense": 10005000.0,
        "General And Administrative Expense": 7334000.0,
        "Other Gand A": 7334000.0,
        "Gross Profit": 12615000.0,
        "Cost Of Revenue": 10515000.0,
        "Total Revenue": 23130000.0,
        "Operating Revenue": 23130000.0
    },
    "2023-09-30": {
        "Tax Effect Of Unusual Items": 0.0,
        "Tax Rate For Calcs": 0.0,
        "Normalized EBITDA": -7384000.0,
        "Total Unusual Items": -3153000.0,
        "Total Unusual Items Excluding Goodwill": -3153000.0,
        "Net Income From Continuing Operation Net Minority Interest": -14773000.0,
        "Reconciled Depreciation": 1869000.0,
        "Reconciled Cost Of Revenue": 9515000.0,
        "EBITDA": -10537000.0,
        "EBIT": -12406000.0,
        "Net Interest Income": -2199000.0,
        "Interest Expense": 2367000.0,
        "Interest Income": 168000.0,
        "Normalized Income": -11620000.0,
        "Net Income From Continuing And Discontinued Operation": -14773000.0,
        "Total Expenses": 28941000.0,
        "Total Operating Income As Reported": -9397000.0,
        "Diluted Average Shares": 11290699.0,
        "Basic Average Shares": 11290699.0,
        "Diluted EPS": -1.31,
        "Basic EPS": -1.31,
        "Diluted NI Availto Com Stockholders": -14773000.0,
        "Net Income Common Stockholders": -14773000.0,
        "Net Income": -14773000.0,
        "Net Income Including Noncontrolling Interests": -14773000.0,
        "Net Income Discontinuous Operations": 0.0,
        "Net Income Continuous Operations": -14773000.0,
        "Tax Provision": 0.0,
        "Pretax Income": -14773000.0,
        "Other Income Expense": -3177000.0,
        "Other Non Operating Income Expenses": -24000.0,
        "Gain On Sale Of Security": -3153000.0,
        "Net Non Operating Interest Income Expense": -2199000.0,
        "Interest Expense Non Operating": 2367000.0,
        "Interest Income Non Operating": 168000.0,
        "Operating Income": -9397000.0,
        "Operating Expense": 19426000.0,
        "Research And Development": 2476000.0,
        "Selling General And Administration": 16950000.0,
        "Selling And Marketing Expense": 9330000.0,
        "General And Administrative Expense": 7620000.0,
        "Other Gand A": 7620000.0,
        "Gross Profit": 10029000.0,
        "Cost Of Revenue": 9515000.0,
        "Total Revenue": 19544000.0,
        "Operating Revenue": 19544000.0
    }
}