{
    "2023-04-30": {
        "Tax Effect Of Unusual Items": NaN,
        "Tax Rate For Calcs": NaN,
        "Normalized EBITDA": NaN,
        "Total Unusual Items": NaN,
        "Total Unusual Items Excluding Goodwill": NaN,
        "Net Income From Continuing Operation Net Minority Interest": NaN,
        "Reconciled Depreciation": NaN,
        "Reconciled Cost Of Revenue": NaN,
        "EBITDA": NaN,
        "EBIT": NaN,
        "Net Interest Income": NaN,
        "Interest Income": 5600000.0,
        "Normalized Income": NaN,
        "Net Income From Continuing And Discontinued Operation": NaN,
        "Total Expenses": NaN,
        "Total Operating Income As Reported": NaN,
        "Diluted Average Shares": NaN,
        "Basic Average Shares": NaN,
        "Diluted EPS": NaN,
        "Basic EPS": NaN,
        "Diluted NI Availto Com Stockholders": NaN,
        "Average Dilution Earnings": 8600000.0,
        "Net Income Common Stockholders": NaN,
        "Preferred Stock Dividends": NaN,
        "Net Income": NaN,
        "Net Income Including Noncontrolling Interests": NaN,
        "Net Income Continuous Operations": NaN,
        "Tax Provision": NaN,
        "Pretax Income": NaN,
        "Other Income Expense": NaN,
        "Other Non Operating Income Expenses": NaN,
        "Special Income Charges": NaN,
        "Other Special Charges": -2800000.0,
        "Write Off": 1800000.0,
        "Impairment Of Capital Assets": NaN,
        "Restructuring And Mergern Acquisition": NaN,
        "Net Non Operating Interest Income Expense": NaN,
        "Total Other Finance Cost": NaN,
        "Interest Income Non Operating": 5600000.0,
        "Operating Income": NaN,
        "Operating Expense": NaN,
        "Other Operating Expenses": NaN,
        "Selling General And Administration": NaN,
        "Gross Profit": NaN,
        "Cost Of Revenue": NaN,
        "Total Revenue": NaN,
        "Operating Revenue": NaN
    },
    "2023-01-31": {
        "Tax Effect Of Unusual Items": NaN,
        "Tax Rate For Calcs": NaN,
        "Normalized EBITDA": NaN,
        "Total Unusual Items": NaN,
        "Total Unusual Items Excluding Goodwill": NaN,
        "Net Income From Continuing Operation Net Minority Interest": NaN,
        "Reconciled Depreciation": NaN,
        "Reconciled Cost Of Revenue": NaN,
        "EBITDA": NaN,
        "EBIT": NaN,
        "Net Interest Income": NaN,
        "Interest Expense": 2100000.0,
        "Interest Income": 0.0,
        "Normalized Income": NaN,
        "Net Income From Continuing And Discontinued Operation": NaN,
        "Total Expenses": NaN,
        "Total Operating Income As Reported": NaN,
        "Diluted Average Shares": NaN,
        "Basic Average Shares": NaN,
        "Diluted EPS": NaN,
        "Basic EPS": NaN,
        "Diluted NI Availto Com Stockholders": NaN,
        "Average Dilution Earnings": 34500000.0,
        "Net Income Common Stockholders": NaN,
        "Preferred Stock Dividends": NaN,
        "Net Income": NaN,
        "Net Income Including Noncontrolling Interests": NaN,
        "Net Income Continuous Operations": NaN,
        "Tax Provision": NaN,
        "Pretax Income": NaN,
        "Other Income Expense": NaN,
        "Other Non Operating Income Expenses": NaN,
        "Special Income Charges": NaN,
        "Other Special Charges": -119000000.0,
        "Write Off": NaN,
        "Impairment Of Capital Assets": NaN,
        "Restructuring And Mergern Acquisition": NaN,
        "Net Non Operating Interest Income Expense": NaN,
        "Total Other Finance Cost": NaN,
        "Interest Expense Non Operating": 2100000.0,
        "Interest Income Non Operating": 0.0,
        "Operating Income": NaN,
        "Operating Expense": NaN,
        "Other Operating Expenses": NaN,
        "Selling General And Administration": NaN,
        "Gross Profit": NaN,
        "Cost Of Revenue": NaN,
        "Total Revenue": NaN,
        "Operating Revenue": NaN
    },
    "2022-10-31": {
        "Tax Effect Of Unusual Items": NaN,
        "Tax Rate For Calcs": NaN,
        "Normalized EBITDA": NaN,
        "Total Unusual Items": NaN,
        "Total Unusual Items Excluding Goodwill": NaN,
        "Net Income From Continuing Operation Net Minority Interest": NaN,
        "Reconciled Depreciation": NaN,
        "Reconciled Cost Of Revenue": NaN,
        "EBITDA": NaN,
        "EBIT": NaN,
        "Net Interest Income": NaN,
        "Interest Expense": 3600000.0,
        "Interest Income": 0.0,
        "Normalized Income": NaN,
        "Net Income From Continuing And Discontinued Operation": NaN,
        "Total Expenses": NaN,
        "Total Operating Income As Reported": NaN,
        "Diluted Average Shares": NaN,
        "Basic Average Shares": NaN,
        "Diluted EPS": NaN,
        "Basic EPS": NaN,
        "Diluted NI Availto Com Stockholders": NaN,
        "Average Dilution Earnings": 0.0,
        "Net Income Common Stockholders": NaN,
        "Preferred Stock Dividends": NaN,
        "Net Income": NaN,
        "Net Income Including Noncontrolling Interests": NaN,
        "Net Income Continuous Operations": NaN,
        "Tax Provision": NaN,
        "Pretax Income": NaN,
        "Other Income Expense": NaN,
        "Other Non Operating Income Expenses": NaN,
        "Special Income Charges": NaN,
        "Other Special Charges": NaN,
        "Write Off": 1900000.0,
        "Restructuring And Mergern Acquisition": NaN,
        "Net Non Operating Interest Income Expense": NaN,
        "Total Other Finance Cost": 3600000.0,
        "Interest Expense Non Operating": 3600000.0,
        "Interest Income Non Operating": 0.0,
        "Operating Income": NaN,
        "Operating Expense": NaN,
        "Other Operating Expenses": NaN,
        "Selling General And Administration": NaN,
        "Gross Profit": NaN,
        "Cost Of Revenue": NaN,
        "Total Revenue": NaN,
        "Operating Revenue": NaN
    },
    "2022-07-31": {
        "Tax Effect Of Unusual Items": -177300.0,
        "Tax Rate For Calcs": 0.197,
        "Normalized EBITDA": 225100000.0,
        "Total Unusual Items": -900000.0,
        "Total Unusual Items Excluding Goodwill": -900000.0,
        "Net Income From Continuing Operation Net Minority Interest": 145400000.0,
        "Reconciled Depreciation": 39800000.0,
        "Reconciled Cost Of Revenue": 1090200000.0,
        "EBITDA": 224200000.0,
        "EBIT": 184400000.0,
        "Net Interest Income": -3400000.0,
        "Interest Expense": 3400000.0,
        "Interest Income": 0.0,
        "Normalized Income": 146122700.0,
        "Net Income From Continuing And Discontinued Operation": 145400000.0,
        "Total Expenses": 1567500000.0,
        "Total Operating Income As Reported": 186800000.0,
        "Diluted Average Shares": 56300000.0,
        "Basic Average Shares": 46400000.0,
        "Diluted EPS": 2.58,
        "Basic EPS": 2.95,
        "Diluted NI Availto Com Stockholders": 145400000.0,
        "Average Dilution Earnings": 8600000.0,
        "Net Income Common Stockholders": 136800000.0,
        "Preferred Stock Dividends": 8600000.0,
        "Net Income": 145400000.0,
        "Net Income Including Noncontrolling Interests": 145400000.0,
        "Net Income Continuous Operations": 145400000.0,
        "Tax Provision": 35600000.0,
        "Pretax Income": 181000000.0,
        "Other Income Expense": -3000000.0,
        "Other Non Operating Income Expenses": -2100000.0,
        "Special Income Charges": -900000.0,
        "Other Special Charges": 900000.0,
        "Write Off": NaN,
        "Restructuring And Mergern Acquisition": NaN,
        "Net Non Operating Interest Income Expense": -3400000.0,
        "Total Other Finance Cost": NaN,
        "Interest Expense Non Operating": 3400000.0,
        "Interest Income Non Operating": 0.0,
        "Operating Income": 187400000.0,
        "Operating Expense": 477300000.0,
        "Other Operating Expenses": NaN,
        "Selling General And Administration": 477300000.0,
        "Gross Profit": 664700000.0,
        "Cost Of Revenue": 1090200000.0,
        "Total Revenue": 1754900000.0,
        "Operating Revenue": 1754900000.0
    },
    "2022-04-30": {
        "Diluted EPS": -1.89,
        "Total Revenue": NaN,
        "Gross Profit": 724,
        "Operating Income": 0,
        "EBIT": 40,
        "Net Income": -92
    },
    "2022-01-31": {
        "Diluted EPS": 4.94,
        "Total Revenue": NaN,
        "Gross Profit": NaN,
        "Operating Income": 402,
        "EBIT": 443,
        "Net Income": 306
    },
    "2021-10-31": {
        "Diluted EPS": 1.45,
        "Total Revenue": NaN,
        "Gross Profit": 576,
        "Operating Income": 107,
        "EBIT": 146,
        "Net Income": 84
    },
    "2021-07-31": {
        "Diluted EPS": 3.6,
        "Total Revenue": NaN,
        "Gross Profit": 718,
        "Operating Income": 225,
        "EBIT": 266,
        "Net Income": 216
    },
    "2021-04-30": {
        "Diluted EPS": 2.23,
        "Total Revenue": NaN,
        "Gross Profit": 678,
        "Operating Income": 169,
        "EBIT": 209,
        "Net Income": 130
    },
    "2021-01-31": {
        "Diluted EPS": 4.73,
        "Total Revenue": NaN,
        "Gross Profit": 870,
        "Operating Income": 292,
        "EBIT": 336,
        "Net Income": 246
    },
    "2020-10-31": {
        "Diluted EPS": 0.02,
        "Total Revenue": NaN,
        "Gross Profit": 435,
        "Operating Income": 40,
        "EBIT": 84,
        "Net Income": 1
    },
    "2020-07-31": {
        "Diluted EPS": -1.73,
        "Total Revenue": 888,
        "Gross Profit": 224,
        "Operating Income": -90,
        "EBIT": -44,
        "Net Income": -90
    },
    "2020-04-30": {
        "Diluted EPS": -3.96,
        "Total Revenue": 852,
        "Gross Profit": 204,
        "Operating Income": -300,
        "EBIT": -264,
        "Net Income": -205
    },
    "2020-01-31": {
        "Diluted EPS": 3.45,
        "Total Revenue": NaN,
        "Gross Profit": 898,
        "Operating Income": 223,
        "EBIT": 270,
        "Net Income": 179
    },
    "2019-10-31": {
        "Diluted EPS": -0.84,
        "Total Revenue": NaN,
        "Gross Profit": 368,
        "Operating Income": -40,
        "EBIT": 2,
        "Net Income": -44
    },
    "2019-07-31": {
        "Diluted EPS": -0.86,
        "Total Revenue": NaN,
        "Gross Profit": 459,
        "Operating Income": -22,
        "EBIT": 21,
        "Net Income": -44
    },
    "2019-04-30": {
        "Diluted EPS": -0.35,
        "Total Revenue": NaN,
        "Gross Profit": 499,
        "Operating Income": -3,
        "EBIT": 37,
        "Net Income": -18
    },
    "2019-01-31": {
        "Diluted EPS": -2.84,
        "Total Revenue": NaN,
        "Gross Profit": 878,
        "Operating Income": -84,
        "EBIT": -489,
        "Net Income": -116
    },
    "2018-10-31": {
        "Diluted EPS": -0.74,
        "Total Revenue": NaN,
        "Gross Profit": 371,
        "Operating Income": -49,
        "EBIT": -6,
        "Net Income": -38
    },
    "2018-07-31": {
        "Diluted EPS": -0.56,
        "Total Revenue": NaN,
        "Gross Profit": 427,
        "Operating Income": -58,
        "EBIT": -16,
        "Net Income": -31
    },
    "2018-04-30": {
        "Diluted EPS": -8.48,
        "Total Revenue": NaN,
        "Gross Profit": 485,
        "Operating Income": -574,
        "EBIT": -78,
        "Net Income": -505
    },
    "2018-01-31": {
        "Diluted EPS": 5.28,
        "Total Revenue": NaN,
        "Gross Profit": 920,
        "Operating Income": 324,
        "EBIT": 374,
        "Net Income": 343
    },
    "2017-10-31": {
        "Diluted EPS": -0.2,
        "Total Revenue": NaN,
        "Gross Profit": 321,
        "Operating Income": 6,
        "EBIT": 54,
        "Net Income": -12
    },
    "2017-07-31": {
        "Diluted EPS": 1.33,
        "Total Revenue": NaN,
        "Gross Profit": 458,
        "Operating Income": 136,
        "EBIT": 181,
        "Net Income": 85
    },
    "2017-04-30": {
        "Diluted EPS": 1.03,
        "Total Revenue": NaN,
        "Gross Profit": 491,
        "Operating Income": 115,
        "EBIT": 161,
        "Net Income": 70
    },
    "2017-01-31": {
        "Diluted EPS": 3.95,
        "Total Revenue": NaN,
        "Gross Profit": 946,
        "Operating Income": 399,
        "EBIT": 445,
        "Net Income": 288
    },
    "2016-10-31": {
        "Diluted EPS": 0.2,
        "Total Revenue": NaN,
        "Gross Profit": 350,
        "Operating Income": 32,
        "EBIT": 75,
        "Net Income": 15
    },
    "2016-07-31": {
        "Diluted EPS": 1.06,
        "Total Revenue": NaN,
        "Gross Profit": 465,
        "Operating Income": 120,
        "EBIT": 162,
        "Net Income": 82
    },
    "2016-04-30": {
        "Diluted EPS": 1.87,
        "Total Revenue": NaN,
        "Gross Profit": 600,
        "Operating Income": 212,
        "EBIT": 254,
        "Net Income": 147
    },
    "2016-01-31": {
        "Diluted EPS": 3.42,
        "Total Revenue": NaN,
        "Gross Profit": NaN,
        "Operating Income": 393,
        "EBIT": 436,
        "Net Income": 272
    },
    "2015-10-31": {
        "Diluted EPS": 0.19,
        "Total Revenue": NaN,
        "Gross Profit": 368,
        "Operating Income": 34,
        "EBIT": 73,
        "Net Income": 15
    },
    "2015-07-31": {
        "Diluted EPS": 0.78,
        "Total Revenue": NaN,
        "Gross Profit": 491,
        "Operating Income": 101,
        "EBIT": 135,
        "Net Income": 62
    },
    "2015-04-30": {
        "Diluted EPS": 1.48,
        "Total Revenue": NaN,
        "Gross Profit": 566,
        "Operating Income": 176,
        "EBIT": 210,
        "Net Income": 119
    },
    "2015-01-31": {
        "Diluted EPS": 2.85,
        "Total Revenue": NaN,
        "Gross Profit": 912,
        "Operating Income": 332,
        "EBIT": 369,
        "Net Income": 228
    },
    "2014-10-31": {
        "Diluted EPS": -0.02,
        "Total Revenue": NaN,
        "Gross Profit": 346,
        "Operating Income": 11,
        "EBIT": 43,
        "Net Income": -1
    },
    "2014-07-31": {
        "Diluted EPS": 0.72,
        "Total Revenue": NaN,
        "Gross Profit": 409,
        "Operating Income": 84,
        "EBIT": 119,
        "Net Income": 58
    },
    "2014-04-30": {
        "Diluted EPS": 1.2,
        "Total Revenue": NaN,
        "Gross Profit": 407,
        "Operating Income": 151,
        "EBIT": 180,
        "Net Income": 97
    },
    "2014-01-31": {
        "Diluted EPS": 2.17,
        "Total Revenue": NaN,
        "Gross Profit": 649,
        "Operating Income": 271,
        "EBIT": 302,
        "Net Income": 175
    },
    "2013-10-31": {
        "Diluted EPS": 0.42,
        "Total Revenue": 771,
        "Gross Profit": 239,
        "Operating Income": 52,
        "EBIT": 80,
        "Net Income": 34
    },
    "2013-07-31": {
        "Diluted EPS": 0.84,
        "Total Revenue": 880,
        "Gross Profit": 310,
        "Operating Income": 106,
        "EBIT": 131,
        "Net Income": 67
    },
    "2013-04-30": {
        "Diluted EPS": 1.13,
        "Total Revenue": 994,
        "Gross Profit": 383,
        "Operating Income": 143,
        "EBIT": 168,
        "Net Income": 92
    },
    "2013-01-31": {
        "Diluted EPS": 2.11,
        "Total Revenue": NaN,
        "Gross Profit": 637,
        "Operating Income": 268,
        "EBIT": 297,
        "Net Income": 172
    },
    "2012-10-31": {
        "Diluted EPS": 0.43,
        "Total Revenue": 716,
        "Gross Profit": 235,
        "Operating Income": 53,
        "EBIT": 76,
        "Net Income": 35
    },
    "2012-07-31": {
        "Diluted EPS": 0.85,
        "Total Revenue": 854,
        "Gross Profit": 311,
        "Operating Income": 111,
        "EBIT": 135,
        "Net Income": 71
    },
    "2012-04-30": {
        "Diluted EPS": 0.96,
        "Total Revenue": 900,
        "Gross Profit": 354,
        "Operating Income": 129,
        "EBIT": 153,
        "Net Income": 83
    },
    "2012-01-31": {
        "Diluted EPS": 1.8,
        "Total Revenue": NaN,
        "Gross Profit": 563,
        "Operating Income": 244,
        "EBIT": 269,
        "Net Income": 157
    },
    "2011-10-31": {
        "Diluted EPS": 0.3,
        "Total Revenue": 711,
        "Gross Profit": 230,
        "Operating Income": 43,
        "EBIT": 65,
        "Net Income": 26
    },
    "2011-07-31": {
        "Diluted EPS": 0.76,
        "Total Revenue": 798,
        "Gross Profit": 295,
        "Operating Income": 102,
        "EBIT": 125,
        "Net Income": 66
    },
    "2011-04-30": {
        "Diluted EPS": 0.87,
        "Total Revenue": 887,
        "Gross Profit": 350,
        "Operating Income": 119,
        "EBIT": 141,
        "Net Income": 75
    },
    "2011-01-31": {
        "Diluted EPS": 1.22,
        "Total Revenue": NaN,
        "Gross Profit": 519,
        "Operating Income": 211,
        "EBIT": 237,
        "Net Income": 105
    },
    "2010-10-31": {
        "Diluted EPS": 0.07,
        "Total Revenue": 642,
        "Gross Profit": 194,
        "Operating Income": 19,
        "EBIT": 42,
        "Net Income": 6
    },
    "2010-07-31": {
        "Diluted EPS": 0.45,
        "Total Revenue": 720,
        "Gross Profit": 237,
        "Operating Income": 61,
        "EBIT": 84,
        "Net Income": 39
    },
    "2010-04-30": {
        "Diluted EPS": 0.58,
        "Total Revenue": 805,
        "Gross Profit": 294,
        "Operating Income": 83,
        "EBIT": 107,
        "Net Income": 50
    },
    "2010-01-31": {
        "Diluted EPS": 1.3,
        "Total Revenue": NaN,
        "Gross Profit": 426,
        "Operating Income": 171,
        "EBIT": 200,
        "Net Income": 112
    },
    "2009-10-31": {
        "Diluted EPS": -0.1,
        "Total Revenue": 611,
        "Gross Profit": 163,
        "Operating Income": -6,
        "EBIT": 21,
        "Net Income": -9
    },
    "2009-07-31": {
        "Diluted EPS": 0.32,
        "Total Revenue": 711,
        "Gross Profit": 222,
        "Operating Income": 47,
        "EBIT": 74,
        "Net Income": 28
    },
    "2009-04-30": {
        "Diluted EPS": 0.31,
        "Total Revenue": 763,
        "Gross Profit": 256,
        "Operating Income": 52,
        "EBIT": 78,
        "Net Income": 26
    },
    "2009-01-31": {
        "Diluted EPS": -5.07,
        "Total Revenue": NaN,
        "Gross Profit": 364,
        "Operating Income": -381,
        "EBIT": -351,
        "Net Income": -433
    },
    "2023-07-31": {
        "Tax Effect Of Unusual Items": NaN,
        "Tax Rate For Calcs": NaN,
        "Normalized EBITDA": NaN,
        "Total Unusual Items": NaN,
        "Total Unusual Items Excluding Goodwill": NaN,
        "Net Income From Continuing Operation Net Minority Interest": NaN,
        "Reconciled Depreciation": NaN,
        "Reconciled Cost Of Revenue": NaN,
        "EBITDA": NaN,
        "EBIT": NaN,
        "Net Interest Income": NaN,
        "Interest Income": 1800000.0,
        "Normalized Income": NaN,
        "Net Income From Continuing And Discontinued Operation": NaN,
        "Total Expenses": NaN,
        "Total Operating Income As Reported": NaN,
        "Diluted Average Shares": NaN,
        "Basic Average Shares": NaN,
        "Diluted EPS": NaN,
        "Basic EPS": NaN,
        "Diluted NI Availto Com Stockholders": NaN,
        "Average Dilution Earnings": 8600000.0,
        "Net Income Common Stockholders": NaN,
        "Preferred Stock Dividends": NaN,
        "Net Income": NaN,
        "Net Income Including Noncontrolling Interests": NaN,
        "Net Income Continuous Operations": NaN,
        "Tax Provision": NaN,
        "Pretax Income": NaN,
        "Other Income Expense": NaN,
        "Other Non Operating Income Expenses": NaN,
        "Special Income Charges": NaN,
        "Other Special Charges": NaN,
        "Write Off": 3800000.0,
        "Impairment Of Capital Assets": 3800000.0,
        "Restructuring And Mergern Acquisition": NaN,
        "Net Non Operating Interest Income Expense": NaN,
        "Total Other Finance Cost": NaN,
        "Interest Income Non Operating": 1800000.0,
        "Operating Income": NaN,
        "Operating Expense": NaN,
        "Other Operating Expenses": 1400000.0,
        "Selling General And Administration": NaN,
        "Gross Profit": NaN,
        "Cost Of Revenue": NaN,
        "Total Revenue": NaN,
        "Operating Revenue": NaN
    },
    "2023-10-31": {
        "Tax Effect Of Unusual Items": NaN,
        "Tax Rate For Calcs": NaN,
        "Normalized EBITDA": NaN,
        "Total Unusual Items": NaN,
        "Total Unusual Items Excluding Goodwill": NaN,
        "Net Income From Continuing Operation Net Minority Interest": NaN,
        "Reconciled Depreciation": NaN,
        "Reconciled Cost Of Revenue": NaN,
        "EBITDA": NaN,
        "EBIT": NaN,
        "Net Interest Income": NaN,
        "Interest Income": NaN,
        "Normalized Income": NaN,
        "Net Income From Continuing And Discontinued Operation": NaN,
        "Total Expenses": NaN,
        "Total Operating Income As Reported": NaN,
        "Diluted Average Shares": NaN,
        "Basic Average Shares": NaN,
        "Diluted EPS": NaN,
        "Basic EPS": NaN,
        "Diluted NI Availto Com Stockholders": NaN,
        "Average Dilution Earnings": NaN,
        "Net Income Common Stockholders": NaN,
        "Preferred Stock Dividends": NaN,
        "Net Income": NaN,
        "Net Income Including Noncontrolling Interests": NaN,
        "Net Income Continuous Operations": NaN,
        "Tax Provision": NaN,
        "Pretax Income": NaN,
        "Other Income Expense": NaN,
        "Other Non Operating Income Expenses": NaN,
        "Special Income Charges": NaN,
        "Other Special Charges": NaN,
        "Write Off": 100000.0,
        "Impairment Of Capital Assets": 100000.0,
        "Restructuring And Mergern Acquisition": NaN,
        "Net Non Operating Interest Income Expense": NaN,
        "Total Other Finance Cost": -2600000.0,
        "Interest Income Non Operating": NaN,
        "Operating Income": NaN,
        "Operating Expense": NaN,
        "Other Operating Expenses": 2100000.0,
        "Selling General And Administration": NaN,
        "Gross Profit": NaN,
        "Cost Of Revenue": NaN,
        "Total Revenue": NaN,
        "Operating Revenue": NaN
    },
    "2024-01-31": {
        "Tax Effect Of Unusual Items": NaN,
        "Tax Rate For Calcs": NaN,
        "Normalized EBITDA": NaN,
        "Total Unusual Items": NaN,
        "Total Unusual Items Excluding Goodwill": NaN,
        "Net Income From Continuing Operation Net Minority Interest": NaN,
        "Reconciled Depreciation": NaN,
        "Reconciled Cost Of Revenue": NaN,
        "EBITDA": NaN,
        "EBIT": NaN,
        "Net Interest Income": NaN,
        "Interest Expense": NaN,
        "Interest Income": NaN,
        "Normalized Income": NaN,
        "Net Income From Continuing And Discontinued Operation": NaN,
        "Total Expenses": NaN,
        "Total Operating Income As Reported": NaN,
        "Diluted Average Shares": NaN,
        "Basic Average Shares": NaN,
        "Diluted EPS": NaN,
        "Basic EPS": NaN,
        "Diluted NI Availto Com Stockholders": NaN,
        "Average Dilution Earnings": NaN,
        "Net Income Common Stockholders": NaN,
        "Preferred Stock Dividends": 8600000.0,
        "Net Income": NaN,
        "Net Income Including Noncontrolling Interests": NaN,
        "Net Income Continuous Operations": NaN,
        "Tax Provision": NaN,
        "Pretax Income": NaN,
        "Other Income Expense": NaN,
        "Other Non Operating Income Expenses": NaN,
        "Special Income Charges": NaN,
        "Other Special Charges": -200000.0,
        "Write Off": NaN,
        "Impairment Of Capital Assets": NaN,
        "Restructuring And Mergern Acquisition": NaN,
        "Net Non Operating Interest Income Expense": NaN,
        "Total Other Finance Cost": NaN,
        "Interest Expense Non Operating": NaN,
        "Interest Income Non Operating": NaN,
        "Operating Income": NaN,
        "Operating Expense": NaN,
        "Other Operating Expenses": NaN,
        "Selling General And Administration": NaN,
        "Gross Profit": NaN,
        "Cost Of Revenue": NaN,
        "Total Revenue": NaN,
        "Operating Revenue": NaN
    },
    "2024-04-30": {
        "Tax Effect Of Unusual Items": NaN,
        "Tax Rate For Calcs": NaN,
        "Normalized EBITDA": NaN,
        "Total Unusual Items": NaN,
        "Total Unusual Items Excluding Goodwill": NaN,
        "Net Income From Continuing Operation Net Minority Interest": NaN,
        "Reconciled Depreciation": NaN,
        "Reconciled Cost Of Revenue": NaN,
        "EBITDA": NaN,
        "EBIT": NaN,
        "Net Interest Income": NaN,
        "Interest Expense": NaN,
        "Interest Income": 8600000.0,
        "Normalized Income": NaN,
        "Net Income From Continuing And Discontinued Operation": NaN,
        "Total Expenses": NaN,
        "Total Operating Income As Reported": NaN,
        "Diluted Average Shares": 44600000.0,
        "Basic Average Shares": 44600000.0,
        "Diluted EPS": -0.9,
        "Basic EPS": -0.9,
        "Diluted NI Availto Com Stockholders": NaN,
        "Average Dilution Earnings": 0.0,
        "Net Income Common Stockholders": NaN,
        "Preferred Stock Dividends": 92200000.0,
        "Net Income": NaN,
        "Net Income Including Noncontrolling Interests": NaN,
        "Net Income Continuous Operations": NaN,
        "Tax Provision": NaN,
        "Pretax Income": NaN,
        "Other Income Expense": NaN,
        "Other Non Operating Income Expenses": NaN,
        "Special Income Charges": NaN,
        "Other Special Charges": NaN,
        "Write Off": 2400000.0,
        "Impairment Of Capital Assets": NaN,
        "Restructuring And Mergern Acquisition": NaN,
        "Net Non Operating Interest Income Expense": NaN,
        "Total Other Finance Cost": NaN,
        "Interest Expense Non Operating": NaN,
        "Interest Income Non Operating": 8600000.0,
        "Operating Income": NaN,
        "Operating Expense": NaN,
        "Other Operating Expenses": 200000.0,
        "Selling General And Administration": NaN,
        "Gross Profit": NaN,
        "Cost Of Revenue": NaN,
        "Total Revenue": NaN,
        "Operating Revenue": NaN
    },
    "2024-07-31": {
        "Tax Effect Of Unusual Items": -35154000.0,
        "Tax Rate For Calcs": 0.21,
        "Normalized EBITDA": 271800000.0,
        "Total Unusual Items": -167400000.0,
        "Total Unusual Items Excluding Goodwill": -167400000.0,
        "Net Income From Continuing Operation Net Minority Interest": -98500000.0,
        "Reconciled Depreciation": 37900000.0,
        "Reconciled Cost Of Revenue": 924700000.0,
        "EBITDA": 104400000.0,
        "EBIT": 66500000.0,
        "Net Interest Income": 2400000.0,
        "Interest Expense": NaN,
        "Interest Income": 2400000.0,
        "Normalized Income": 33746000.0,
        "Net Income From Continuing And Discontinued Operation": -98500000.0,
        "Total Expenses": 1424500000.0,
        "Total Operating Income As Reported": -100900000.0,
        "Diluted Average Shares": 44500000.0,
        "Basic Average Shares": 44500000.0,
        "Diluted EPS": -2.28,
        "Basic EPS": -2.28,
        "Diluted NI Availto Com Stockholders": -101500000.0,
        "Average Dilution Earnings": NaN,
        "Net Income Common Stockholders": -101500000.0,
        "Preferred Stock Dividends": 3000000.0,
        "Net Income": -98500000.0,
        "Net Income Including Noncontrolling Interests": -98500000.0,
        "Net Income Continuous Operations": -98500000.0,
        "Tax Provision": 1600000.0,
        "Pretax Income": -96900000.0,
        "Other Income Expense": -165800000.0,
        "Other Non Operating Income Expenses": 1600000.0,
        "Special Income Charges": -167400000.0,
        "Other Special Charges": NaN,
        "Write Off": NaN,
        "Impairment Of Capital Assets": 166200000.0,
        "Restructuring And Mergern Acquisition": 1200000.0,
        "Net Non Operating Interest Income Expense": 2400000.0,
        "Total Other Finance Cost": NaN,
        "Interest Expense Non Operating": NaN,
        "Interest Income Non Operating": 2400000.0,
        "Operating Income": 66500000.0,
        "Operating Expense": 499800000.0,
        "Other Operating Expenses": 1400000.0,
        "Selling General And Administration": 498400000.0,
        "Gross Profit": 566300000.0,
        "Cost Of Revenue": 924700000.0,
        "Total Revenue": 1491000000.0,
        "Operating Revenue": 1491000000.0
    },
    "2024-10-31": {
        "Tax Effect Of Unusual Items": -985300.0,
        "Tax Rate For Calcs": 0.167,
        "Normalized EBITDA": 57100000.0,
        "Total Unusual Items": -5900000.0,
        "Total Unusual Items Excluding Goodwill": -5900000.0,
        "Net Income From Continuing Operation Net Minority Interest": 7000000.0,
        "Reconciled Depreciation": 36100000.0,
        "Reconciled Cost Of Revenue": 864100000.0,
        "EBITDA": 51200000.0,
        "EBIT": 15100000.0,
        "Net Interest Income": -1000000.0,
        "Interest Expense": NaN,
        "Interest Income": NaN,
        "Normalized Income": 11914700.0,
        "Net Income From Continuing And Discontinued Operation": 7000000.0,
        "Total Expenses": 1334300000.0,
        "Total Operating Income As Reported": 9200000.0,
        "Diluted Average Shares": 44700000.0,
        "Basic Average Shares": 43900000.0,
        "Diluted EPS": 0.12,
        "Basic EPS": 0.12,
        "Diluted NI Availto Com Stockholders": 5400000.0,
        "Average Dilution Earnings": NaN,
        "Net Income Common Stockholders": 5400000.0,
        "Preferred Stock Dividends": 1600000.0,
        "Net Income": 7000000.0,
        "Net Income Including Noncontrolling Interests": 7000000.0,
        "Net Income Continuous Operations": 7000000.0,
        "Tax Provision": 1400000.0,
        "Pretax Income": 8400000.0,
        "Other Income Expense": -5700000.0,
        "Other Non Operating Income Expenses": 200000.0,
        "Special Income Charges": -5900000.0,
        "Other Special Charges": NaN,
        "Write Off": NaN,
        "Impairment Of Capital Assets": 700000.0,
        "Restructuring And Mergern Acquisition": 5200000.0,
        "Net Non Operating Interest Income Expense": -1000000.0,
        "Total Other Finance Cost": 1000000.0,
        "Interest Expense Non Operating": NaN,
        "Interest Income Non Operating": NaN,
        "Operating Income": 15100000.0,
        "Operating Expense": 470200000.0,
        "Other Operating Expenses": 600000.0,
        "Selling General And Administration": 469600000.0,
        "Gross Profit": 485300000.0,
        "Cost Of Revenue": 864100000.0,
        "Total Revenue": 1349400000.0,
        "Operating Revenue": 1349400000.0
    },
    "2025-01-31": {
        "Tax Effect Of Unusual Items": -71449059.052563,
        "Tax Rate For Calcs": 0.347177,
        "Normalized EBITDA": 608000000.0,
        "Total Unusual Items": -205800000.0,
        "Total Unusual Items Excluding Goodwill": -205800000.0,
        "Net Income From Continuing Operation Net Minority Interest": 100600000.0,
        "Reconciled Depreciation": 37600000.0,
        "Reconciled Cost Of Revenue": 1351000000.0,
        "EBITDA": 402200000.0,
        "EBIT": 364600000.0,
        "Net Interest Income": -200000.0,
        "Interest Expense": NaN,
        "Interest Income": NaN,
        "Normalized Income": 234950940.947437,
        "Net Income From Continuing And Discontinued Operation": 100600000.0,
        "Total Expenses": 1988000000.0,
        "Total Operating Income As Reported": 152600000.0,
        "Diluted Average Shares": NaN,
        "Basic Average Shares": NaN,
        "Diluted EPS": NaN,
        "Basic EPS": NaN,
        "Diluted NI Availto Com Stockholders": 100600000.0,
        "Average Dilution Earnings": NaN,
        "Net Income Common Stockholders": 100600000.0,
        "Preferred Stock Dividends": 0.0,
        "Net Income": 100600000.0,
        "Net Income Including Noncontrolling Interests": 100600000.0,
        "Net Income Continuous Operations": 100600000.0,
        "Tax Provision": 53500000.0,
        "Pretax Income": 154100000.0,
        "Other Income Expense": -210300000.0,
        "Other Non Operating Income Expenses": -4500000.0,
        "Special Income Charges": -205800000.0,
        "Other Special Charges": NaN,
        "Write Off": NaN,
        "Impairment Of Capital Assets": 202700000.0,
        "Restructuring And Mergern Acquisition": 500000.0,
        "Net Non Operating Interest Income Expense": -200000.0,
        "Total Other Finance Cost": NaN,
        "Interest Expense Non Operating": NaN,
        "Interest Income Non Operating": NaN,
        "Operating Income": 364600000.0,
        "Operating Expense": 637000000.0,
        "Other Operating Expenses": NaN,
        "Selling General And Administration": 639200000.0,
        "Gross Profit": 1001600000.0,
        "Cost Of Revenue": 1351000000.0,
        "Total Revenue": 2352600000.0,
        "Operating Revenue": 2352600000.0
    },
    "2025-04-30": {
        "Tax Effect Of Unusual Items": -5890789.473684,
        "Tax Rate For Calcs": 0.265351,
        "Normalized EBITDA": 129500000.0,
        "Total Unusual Items": -22200000.0,
        "Total Unusual Items Excluding Goodwill": -22200000.0,
        "Net Income From Continuing Operation Net Minority Interest": 33500000.0,
        "Reconciled Depreciation": 37000000.0,
        "Reconciled Cost Of Revenue": 942800000.0,
        "EBITDA": 107300000.0,
        "EBIT": 70300000.0,
        "Net Interest Income": 800000.0,
        "Interest Expense": NaN,
        "Interest Income": 800000.0,
        "Normalized Income": 49809210.526316,
        "Net Income From Continuing And Discontinued Operation": 33500000.0,
        "Total Expenses": 1471300000.0,
        "Total Operating Income As Reported": 48100000.0,
        "Diluted Average Shares": 42700000.0,
        "Basic Average Shares": 42500000.0,
        "Diluted EPS": 0.78,
        "Basic EPS": 0.79,
        "Diluted NI Availto Com Stockholders": 33500000.0,
        "Average Dilution Earnings": 0.0,
        "Net Income Common Stockholders": 33500000.0,
        "Preferred Stock Dividends": NaN,
        "Net Income": 33500000.0,
        "Net Income Including Noncontrolling Interests": 33500000.0,
        "Net Income Continuous Operations": 33500000.0,
        "Tax Provision": 12100000.0,
        "Pretax Income": 45600000.0,
        "Other Income Expense": -25500000.0,
        "Other Non Operating Income Expenses": -3300000.0,
        "Special Income Charges": -22200000.0,
        "Other Special Charges": NaN,
        "Write Off": 3200000.0,
        "Impairment Of Capital Assets": NaN,
        "Restructuring And Mergern Acquisition": 19000000.0,
        "Net Non Operating Interest Income Expense": 800000.0,
        "Total Other Finance Cost": NaN,
        "Interest Expense Non Operating": NaN,
        "Interest Income Non Operating": 800000.0,
        "Operating Income": 70300000.0,
        "Operating Expense": 528500000.0,
        "Other Operating Expenses": 2500000.0,
        "Selling General And Administration": 526000000.0,
        "Gross Profit": 598800000.0,
        "Cost Of Revenue": 942800000.0,
        "Total Revenue": 1541600000.0,
        "Operating Revenue": 1541600000.0
    },
    "2025-07-31": {
        "Tax Effect Of Unusual Items": -17430000.0,
        "Tax Rate For Calcs": 0.21,
        "Normalized EBITDA": 125200000.0,
        "Total Unusual Items": -83000000.0,
        "Total Unusual Items Excluding Goodwill": -83000000.0,
        "Net Income From Continuing Operation Net Minority Interest": -9100000.0,
        "Reconciled Depreciation": 37000000.0,
        "Reconciled Cost Of Revenue": 943200000.0,
        "EBITDA": 42200000.0,
        "EBIT": 5200000.0,
        "Net Interest Income": -100000.0,
        "Interest Expense": 100000.0,
        "Interest Income": NaN,
        "Normalized Income": 56470000.0,
        "Net Income From Continuing And Discontinued Operation": -9100000.0,
        "Total Expenses": 1449300000.0,
        "Total Operating Income As Reported": 2800000.0,
        "Diluted Average Shares": 41100000.0,
        "Basic Average Shares": 41100000.0,
        "Diluted EPS": -0.22,
        "Basic EPS": -0.22,
        "Diluted NI Availto Com Stockholders": -9100000.0,
        "Average Dilution Earnings": NaN,
        "Net Income Common Stockholders": -9100000.0,
        "Preferred Stock Dividends": NaN,
        "Net Income": -9100000.0,
        "Net Income Including Noncontrolling Interests": -9100000.0,
        "Net Income Continuous Operations": -9100000.0,
        "Tax Provision": 14200000.0,
        "Pretax Income": 5100000.0,
        "Other Income Expense": -80600000.0,
        "Other Non Operating Income Expenses": 2400000.0,
        "Special Income Charges": -83000000.0,
        "Other Special Charges": NaN,
        "Write Off": NaN,
        "Impairment Of Capital Assets": 80200000.0,
        "Restructuring And Mergern Acquisition": 2800000.0,
        "Net Non Operating Interest Income Expense": -100000.0,
        "Total Other Finance Cost": NaN,
        "Interest Expense Non Operating": 100000.0,
        "Interest Income Non Operating": NaN,
        "Operating Income": 85800000.0,
        "Operating Expense": 506100000.0,
        "Other Operating Expenses": 800000.0,
        "Selling General And Administration": 505300000.0,
        "Gross Profit": 591900000.0,
        "Cost Of Revenue": 943200000.0,
        "Total Revenue": 1535100000.0,
        "Operating Revenue": 1535100000.0
    }
}