{
    "2023-03-31": {
        "Tax Effect Of Unusual Items": NaN,
        "Tax Rate For Calcs": NaN,
        "Net Income From Continuing Operation Net Minority Interest": NaN,
        "Reconciled Depreciation": NaN,
        "EBIT": NaN,
        "Net Interest Income": NaN,
        "Interest Expense": NaN,
        "Normalized Income": NaN,
        "Net Income From Continuing And Discontinued Operation": NaN,
        "Total Expenses": NaN,
        "Diluted Average Shares": NaN,
        "Basic Average Shares": NaN,
        "Diluted EPS": NaN,
        "Basic EPS": NaN,
        "Diluted NI Availto Com Stockholders": NaN,
        "Net Income Common Stockholders": NaN,
        "Preferred Stock Dividends": NaN,
        "Net Income": NaN,
        "Net Income Including Noncontrolling Interests": NaN,
        "Net Income Continuous Operations": NaN,
        "Tax Provision": NaN,
        "Pretax Income": NaN,
        "Other Income Expense": NaN,
        "Net Non Operating Interest Income Expense": NaN,
        "Interest Expense Non Operating": NaN,
        "Other Operating Expenses": NaN,
        "Selling General And Administration": 12108000.0,
        "General And Administrative Expense": 12108000.0,
        "Other Gand A": 12108000.0,
        "Total Revenue": NaN,
        "Operating Revenue": NaN,
        "Loss Adjustment Expense": NaN,
        "Net Policyholder Benefits And Claims": NaN,
        "Policyholder Benefits Gross": NaN,
        "Policyholder Benefits Ceded": NaN
    },
    "2022-12-31": {
        "Tax Effect Of Unusual Items": NaN,
        "Tax Rate For Calcs": NaN,
        "Net Income From Continuing Operation Net Minority Interest": NaN,
        "Reconciled Depreciation": NaN,
        "EBIT": NaN,
        "Net Interest Income": NaN,
        "Interest Expense": NaN,
        "Normalized Income": NaN,
        "Net Income From Continuing And Discontinued Operation": NaN,
        "Total Expenses": NaN,
        "Diluted Average Shares": NaN,
        "Basic Average Shares": NaN,
        "Diluted EPS": NaN,
        "Basic EPS": NaN,
        "Diluted NI Availto Com Stockholders": NaN,
        "Net Income Common Stockholders": NaN,
        "Preferred Stock Dividends": NaN,
        "Net Income": NaN,
        "Net Income Including Noncontrolling Interests": NaN,
        "Net Income Continuous Operations": NaN,
        "Tax Provision": NaN,
        "Pretax Income": NaN,
        "Other Income Expense": NaN,
        "Net Non Operating Interest Income Expense": NaN,
        "Interest Expense Non Operating": NaN,
        "Other Operating Expenses": NaN,
        "Selling General And Administration": 6674000.0,
        "General And Administrative Expense": 6674000.0,
        "Other Gand A": 6674000.0,
        "Total Revenue": NaN,
        "Operating Revenue": NaN,
        "Loss Adjustment Expense": NaN,
        "Net Policyholder Benefits And Claims": NaN,
        "Policyholder Benefits Gross": NaN,
        "Policyholder Benefits Ceded": NaN
    },
    "2022-09-30": {
        "Tax Effect Of Unusual Items": NaN,
        "Tax Rate For Calcs": NaN,
        "Net Income From Continuing Operation Net Minority Interest": NaN,
        "Reconciled Depreciation": NaN,
        "EBIT": NaN,
        "Net Interest Income": NaN,
        "Interest Expense": NaN,
        "Normalized Income": NaN,
        "Net Income From Continuing And Discontinued Operation": NaN,
        "Total Expenses": NaN,
        "Diluted Average Shares": NaN,
        "Basic Average Shares": NaN,
        "Diluted EPS": NaN,
        "Basic EPS": NaN,
        "Diluted NI Availto Com Stockholders": NaN,
        "Net Income Common Stockholders": NaN,
        "Preferred Stock Dividends": NaN,
        "Net Income": NaN,
        "Net Income Including Noncontrolling Interests": NaN,
        "Net Income Continuous Operations": NaN,
        "Tax Provision": NaN,
        "Pretax Income": NaN,
        "Other Income Expense": NaN,
        "Net Non Operating Interest Income Expense": NaN,
        "Interest Expense Non Operating": NaN,
        "Other Operating Expenses": NaN,
        "Selling General And Administration": 5522000.0,
        "General And Administrative Expense": 5522000.0,
        "Other Gand A": 5522000.0,
        "Total Revenue": NaN,
        "Operating Revenue": NaN
    },
    "2022-06-30": {
        "Tax Effect Of Unusual Items": 0.0,
        "Tax Rate For Calcs": 0.193,
        "Net Income From Continuing Operation Net Minority Interest": 39500000.0,
        "Reconciled Depreciation": 9191000.0,
        "EBIT": 57200000.0,
        "Net Interest Income": -7300000.0,
        "Interest Expense": 7300000.0,
        "Normalized Income": 39500000.0,
        "Net Income From Continuing And Discontinued Operation": 39500000.0,
        "Total Expenses": 815000000.0,
        "Diluted Average Shares": 60847000.0,
        "Basic Average Shares": 60440000.0,
        "Diluted EPS": 0.61,
        "Basic EPS": 0.62,
        "Diluted NI Availto Com Stockholders": 37200000.0,
        "Net Income Common Stockholders": 37200000.0,
        "Preferred Stock Dividends": 2300000.0,
        "Net Income": 39500000.0,
        "Net Income Including Noncontrolling Interests": 39500000.0,
        "Net Income Continuous Operations": 39500000.0,
        "Tax Provision": 10400000.0,
        "Pretax Income": 49900000.0,
        "Other Income Expense": 3000000.0,
        "Net Non Operating Interest Income Expense": -7300000.0,
        "Interest Expense Non Operating": 7300000.0,
        "Selling General And Administration": 7900000.0,
        "General And Administrative Expense": 7900000.0,
        "Other Gand A": 7900000.0,
        "Total Revenue": 864700000.0,
        "Operating Revenue": 864700000.0
    },
    "2023-06-30": {
        "Tax Effect Of Unusual Items": NaN,
        "Tax Rate For Calcs": NaN,
        "Net Income From Continuing Operation Net Minority Interest": NaN,
        "Reconciled Depreciation": NaN,
        "EBIT": NaN,
        "Net Interest Income": NaN,
        "Interest Expense": NaN,
        "Normalized Income": NaN,
        "Net Income From Continuing And Discontinued Operation": NaN,
        "Total Expenses": NaN,
        "Diluted Average Shares": NaN,
        "Basic Average Shares": NaN,
        "Diluted EPS": NaN,
        "Basic EPS": NaN,
        "Diluted NI Availto Com Stockholders": NaN,
        "Net Income Common Stockholders": NaN,
        "Preferred Stock Dividends": NaN,
        "Net Income": NaN,
        "Net Income Including Noncontrolling Interests": NaN,
        "Net Income Continuous Operations": NaN,
        "Tax Provision": NaN,
        "Pretax Income": NaN,
        "Other Income Expense": NaN,
        "Net Non Operating Interest Income Expense": NaN,
        "Interest Expense Non Operating": NaN,
        "Other Operating Expenses": NaN,
        "Selling General And Administration": 9329000.0,
        "General And Administrative Expense": 9329000.0,
        "Other Gand A": 9329000.0,
        "Total Revenue": NaN,
        "Operating Revenue": NaN,
        "Loss Adjustment Expense": NaN,
        "Net Policyholder Benefits And Claims": NaN,
        "Policyholder Benefits Gross": NaN,
        "Policyholder Benefits Ceded": NaN
    },
    "2022-03-31": {
        "Diluted EPS": 0.89,
        "Total Revenue": 846,
        "Gross Profit": 352,
        "Operating Income": 77,
        "EBIT": 90,
        "Net Income": 54
    },
    "2021-12-31": {
        "Diluted EPS": 1.57,
        "Total Revenue": 870,
        "Gross Profit": 396,
        "Operating Income": 131,
        "EBIT": 145,
        "Net Income": 97
    },
    "2021-09-30": {
        "Diluted EPS": 1.18,
        "Total Revenue": 865,
        "Gross Profit": 360,
        "Operating Income": 100,
        "EBIT": 113,
        "Net Income": 71
    },
    "2021-06-30": {
        "Diluted EPS": 1.98,
        "Total Revenue": 841,
        "Gross Profit": 419,
        "Operating Income": 161,
        "EBIT": 174,
        "Net Income": 120
    },
    "2021-03-31": {
        "Diluted EPS": 1.77,
        "Total Revenue": 804,
        "Gross Profit": 391,
        "Operating Income": 143,
        "EBIT": 157,
        "Net Income": 107
    },
    "2020-12-31": {
        "Diluted EPS": 2.11,
        "Total Revenue": 798,
        "Gross Profit": 415,
        "Operating Income": 167,
        "EBIT": 181,
        "Net Income": 127
    },
    "2020-09-30": {
        "Diluted EPS": 1.16,
        "Total Revenue": 777,
        "Gross Profit": 329,
        "Operating Income": 93,
        "EBIT": 108,
        "Net Income": 70
    },
    "2020-06-30": {
        "Diluted EPS": 0.57,
        "Total Revenue": 682,
        "Gross Profit": 278,
        "Operating Income": 51,
        "EBIT": 65,
        "Net Income": 34
    },
    "2020-03-31": {
        "Diluted EPS": 0.25,
        "Total Revenue": 665,
        "Gross Profit": 265,
        "Operating Income": 24,
        "EBIT": 39,
        "Net Income": 15
    },
    "2019-12-31": {
        "Diluted EPS": 1.37,
        "Total Revenue": 729,
        "Gross Profit": 344,
        "Operating Income": 109,
        "EBIT": 122,
        "Net Income": 82
    },
    "2019-09-30": {
        "Diluted EPS": 0.93,
        "Total Revenue": 710,
        "Gross Profit": 312,
        "Operating Income": 79,
        "EBIT": 93,
        "Net Income": 56
    },
    "2019-06-30": {
        "Diluted EPS": 1.21,
        "Total Revenue": 708,
        "Gross Profit": 327,
        "Operating Income": 98,
        "EBIT": 110,
        "Net Income": 72
    },
    "2019-03-31": {
        "Diluted EPS": 1.02,
        "Total Revenue": 699,
        "Gross Profit": 312,
        "Operating Income": 85,
        "EBIT": 101,
        "Net Income": 61
    },
    "2018-12-31": {
        "Diluted EPS": 0.76,
        "Total Revenue": 643,
        "Gross Profit": 275,
        "Operating Income": 58,
        "EBIT": 68,
        "Net Income": 46
    },
    "2018-09-30": {
        "Diluted EPS": 0.93,
        "Total Revenue": 664,
        "Gross Profit": 285,
        "Operating Income": 73,
        "EBIT": 86,
        "Net Income": 55
    },
    "2018-06-30": {
        "Diluted EPS": 0.99,
        "Total Revenue": 652,
        "Gross Profit": 286,
        "Operating Income": 79,
        "EBIT": 89,
        "Net Income": 59
    },
    "2018-03-31": {
        "Diluted EPS": 0.32,
        "Total Revenue": 627,
        "Gross Profit": 242,
        "Operating Income": 26,
        "EBIT": 37,
        "Net Income": 19
    },
    "2017-12-31": {
        "Diluted EPS": 0.5,
        "Total Revenue": 634,
        "Gross Profit": 292,
        "Operating Income": 74,
        "EBIT": 88,
        "Net Income": 30
    },
    "2017-09-30": {
        "Diluted EPS": 0.79,
        "Total Revenue": 621,
        "Gross Profit": 277,
        "Operating Income": 73,
        "EBIT": 86,
        "Net Income": 47
    },
    "2017-06-30": {
        "Diluted EPS": 0.7,
        "Total Revenue": 614,
        "Gross Profit": 273,
        "Operating Income": 65,
        "EBIT": 78,
        "Net Income": 41
    },
    "2017-03-31": {
        "Diluted EPS": 0.85,
        "Total Revenue": 600,
        "Gross Profit": 283,
        "Operating Income": 74,
        "EBIT": 87,
        "Net Income": 50
    },
    "2016-12-31": {
        "Diluted EPS": 0.67,
        "Total Revenue": 582,
        "Gross Profit": 259,
        "Operating Income": 56,
        "EBIT": 72,
        "Net Income": 39
    },
    "2016-09-30": {
        "Diluted EPS": 0.66,
        "Total Revenue": 582,
        "Gross Profit": 72,
        "Operating Income": 61,
        "EBIT": 77,
        "Net Income": 39
    },
    "2016-06-30": {
        "Diluted EPS": 0.74,
        "Total Revenue": 569,
        "Gross Profit": 80,
        "Operating Income": 68,
        "EBIT": 83,
        "Net Income": 44
    },
    "2016-03-31": {
        "Diluted EPS": 0.63,
        "Total Revenue": 551,
        "Gross Profit": 71,
        "Operating Income": 57,
        "EBIT": 72,
        "Net Income": 37
    },
    "2015-12-31": {
        "Diluted EPS": 0.77,
        "Total Revenue": 546,
        "Gross Profit": 369,
        "Operating Income": 69,
        "EBIT": 85,
        "Net Income": 45
    },
    "2015-09-30": {
        "Diluted EPS": 0.81,
        "Total Revenue": 540,
        "Gross Profit": 80,
        "Operating Income": 71,
        "EBIT": 86,
        "Net Income": 47
    },
    "2015-06-30": {
        "Diluted EPS": 0.58,
        "Total Revenue": 522,
        "Gross Profit": 61,
        "Operating Income": 52,
        "EBIT": 67,
        "Net Income": 34
    },
    "2015-03-31": {
        "Diluted EPS": 0.69,
        "Total Revenue": 524,
        "Gross Profit": 74,
        "Operating Income": 62,
        "EBIT": 76,
        "Net Income": 40
    },
    "2014-12-31": {
        "Diluted EPS": 0.72,
        "Total Revenue": 504,
        "Gross Profit": 73,
        "Operating Income": 64,
        "EBIT": 78,
        "Net Income": 41
    },
    "2014-09-30": {
        "Diluted EPS": 0.93,
        "Total Revenue": 515,
        "Gross Profit": 86,
        "Operating Income": 81,
        "EBIT": 93,
        "Net Income": 53
    },
    "2014-06-30": {
        "Diluted EPS": 0.51,
        "Total Revenue": 507,
        "Gross Profit": 54,
        "Operating Income": 45,
        "EBIT": 53,
        "Net Income": 29
    },
    "2014-03-31": {
        "Diluted EPS": 0.31,
        "Total Revenue": 509,
        "Gross Profit": 39,
        "Operating Income": 31,
        "EBIT": 41,
        "Net Income": 18
    },
    "2013-12-31": {
        "Diluted EPS": 0.44,
        "Total Revenue": 488,
        "Gross Profit": 48,
        "Operating Income": 44,
        "EBIT": 54,
        "Net Income": 25
    },
    "2013-09-30": {
        "Diluted EPS": 0.57,
        "Total Revenue": 487,
        "Gross Profit": 58,
        "Operating Income": 50,
        "EBIT": 60,
        "Net Income": 33
    },
    "2013-06-30": {
        "Diluted EPS": 0.48,
        "Total Revenue": 469,
        "Gross Profit": 46,
        "Operating Income": 42,
        "EBIT": 52,
        "Net Income": 27
    },
    "2013-03-31": {
        "Diluted EPS": 0.38,
        "Total Revenue": 460,
        "Gross Profit": 51,
        "Operating Income": 35,
        "EBIT": 48,
        "Net Income": 21
    },
    "2012-12-31": {
        "Diluted EPS": 0.01,
        "Total Revenue": 449,
        "Gross Profit": 6,
        "Operating Income": 0,
        "EBIT": 9,
        "Net Income": 1
    },
    "2012-09-30": {
        "Diluted EPS": 0.33,
        "Total Revenue": 437,
        "Gross Profit": 33,
        "Operating Income": 25,
        "EBIT": 35,
        "Net Income": 18
    },
    "2012-06-30": {
        "Diluted EPS": 0.01,
        "Total Revenue": 429,
        "Gross Profit": 10,
        "Operating Income": 4,
        "EBIT": 14,
        "Net Income": 0
    },
    "2012-03-31": {
        "Diluted EPS": 0.33,
        "Total Revenue": 419,
        "Gross Profit": 38,
        "Operating Income": 28,
        "EBIT": 38,
        "Net Income": 18
    },
    "2011-12-31": {
        "Diluted EPS": 0.33,
        "Total Revenue": 400,
        "Gross Profit": 35,
        "Operating Income": 27,
        "EBIT": 37,
        "Net Income": 18
    },
    "2011-09-30": {
        "Diluted EPS": -0.33,
        "Total Revenue": 394,
        "Gross Profit": -28,
        "Operating Income": -33,
        "EBIT": -24,
        "Net Income": -18
    },
    "2011-06-30": {
        "Diluted EPS": 0.03,
        "Total Revenue": 400,
        "Gross Profit": 10,
        "Operating Income": 4,
        "EBIT": 13,
        "Net Income": 1
    },
    "2011-03-31": {
        "Diluted EPS": 0.37,
        "Total Revenue": 403,
        "Gross Profit": 39,
        "Operating Income": 31,
        "EBIT": 39,
        "Net Income": 21
    },
    "2010-12-31": {
        "Diluted EPS": 0.45,
        "Total Revenue": 394,
        "Gross Profit": 41,
        "Operating Income": 36,
        "EBIT": 45,
        "Net Income": 25
    },
    "2010-09-30": {
        "Diluted EPS": 0.32,
        "Total Revenue": 390,
        "Gross Profit": 31,
        "Operating Income": 27,
        "EBIT": 35,
        "Net Income": 17
    },
    "2010-06-30": {
        "Diluted EPS": 0.35,
        "Total Revenue": 388,
        "Gross Profit": 32,
        "Operating Income": 28,
        "EBIT": 35,
        "Net Income": 19
    },
    "2010-03-31": {
        "Diluted EPS": 0.11,
        "Total Revenue": 393,
        "Gross Profit": 23,
        "Operating Income": 12,
        "EBIT": 20,
        "Net Income": 6
    },
    "2009-12-31": {
        "Diluted EPS": 0.4,
        "Total Revenue": 390,
        "Gross Profit": 36,
        "Operating Income": 31,
        "EBIT": 51,
        "Net Income": 21
    },
    "2009-09-30": {
        "Diluted EPS": 0.24,
        "Total Revenue": 390,
        "Gross Profit": 34,
        "Operating Income": 27,
        "EBIT": 34,
        "Net Income": 13
    },
    "2009-06-30": {
        "Diluted EPS": 0.29,
        "Total Revenue": 377,
        "Gross Profit": 24,
        "Operating Income": 17,
        "EBIT": 24,
        "Net Income": 16
    },
    "2009-03-31": {
        "Diluted EPS": -0.25,
        "Total Revenue": 357,
        "Gross Profit": -9,
        "Operating Income": -16,
        "EBIT": -9,
        "Net Income": -13
    },
    "2023-09-30": {
        "Tax Effect Of Unusual Items": NaN,
        "Tax Rate For Calcs": NaN,
        "Net Income From Continuing Operation Net Minority Interest": NaN,
        "Reconciled Depreciation": NaN,
        "EBIT": NaN,
        "Net Interest Income": NaN,
        "Interest Expense": NaN,
        "Normalized Income": NaN,
        "Net Income From Continuing And Discontinued Operation": NaN,
        "Total Expenses": NaN,
        "Diluted Average Shares": 61000000.0,
        "Basic Average Shares": 60586361.0,
        "Diluted EPS": 1.42,
        "Basic EPS": 1.434316,
        "Diluted NI Availto Com Stockholders": NaN,
        "Net Income Common Stockholders": NaN,
        "Preferred Stock Dividends": NaN,
        "Net Income": NaN,
        "Net Income Including Noncontrolling Interests": NaN,
        "Net Income Continuous Operations": NaN,
        "Tax Provision": NaN,
        "Pretax Income": NaN,
        "Other Income Expense": NaN,
        "Net Non Operating Interest Income Expense": NaN,
        "Interest Expense Non Operating": NaN,
        "Other Operating Expenses": NaN,
        "Total Revenue": NaN,
        "Operating Revenue": NaN,
        "Loss Adjustment Expense": NaN,
        "Net Policyholder Benefits And Claims": NaN,
        "Policyholder Benefits Gross": NaN,
        "Policyholder Benefits Ceded": NaN
    },
    "2023-12-31": {
        "Tax Effect Of Unusual Items": 0.0,
        "Tax Rate For Calcs": 0.204683,
        "Net Income From Continuing Operation Net Minority Interest": 124848000.0,
        "Reconciled Depreciation": 6608000.0,
        "EBIT": 164168000.0,
        "Net Interest Income": -7189000.0,
        "Interest Expense": 7189000.0,
        "Normalized Income": 124848000.0,
        "Net Income From Continuing And Discontinued Operation": 124848000.0,
        "Total Expenses": 953812000.0,
        "Diluted Average Shares": 61000000.0,
        "Basic Average Shares": 60636437.0,
        "Diluted EPS": 2.01,
        "Basic EPS": 2.020237,
        "Diluted NI Availto Com Stockholders": 122548000.0,
        "Net Income Common Stockholders": 122548000.0,
        "Preferred Stock Dividends": 2300000.0,
        "Net Income": 124848000.0,
        "Net Income Including Noncontrolling Interests": 124848000.0,
        "Net Income Continuous Operations": 124848000.0,
        "Tax Provision": 32131000.0,
        "Pretax Income": 156979000.0,
        "Other Income Expense": 5483000.0,
        "Net Non Operating Interest Income Expense": -7189000.0,
        "Interest Expense Non Operating": 7189000.0,
        "Other Operating Expenses": 3488000.0,
        "Total Revenue": 1110791000.0,
        "Operating Revenue": 1110791000.0,
        "Loss Adjustment Expense": 732613000.0,
        "Net Policyholder Benefits And Claims": 732613000.0,
        "Policyholder Benefits Gross": 793049000.0,
        "Policyholder Benefits Ceded": 60436000.0
    },
    "2024-03-31": {
        "Tax Effect Of Unusual Items": 0.0,
        "Tax Rate For Calcs": 0.2,
        "Net Income From Continuing Operation Net Minority Interest": 82518000.0,
        "Reconciled Depreciation": 9084000.0,
        "EBIT": 109747000.0,
        "Net Interest Income": -7181000.0,
        "Interest Expense": 7181000.0,
        "Normalized Income": 82518000.0,
        "Net Income From Continuing And Discontinued Operation": 82518000.0,
        "Total Expenses": 1062393000.0,
        "Diluted Average Shares": 61213000.0,
        "Basic Average Shares": 60827000.0,
        "Diluted EPS": 1.31,
        "Basic EPS": 1.32,
        "Diluted NI Availto Com Stockholders": 80218000.0,
        "Net Income Common Stockholders": 80218000.0,
        "Preferred Stock Dividends": 2300000.0,
        "Net Income": 82518000.0,
        "Net Income Including Noncontrolling Interests": 82518000.0,
        "Net Income Continuous Operations": 82518000.0,
        "Tax Provision": 20048000.0,
        "Pretax Income": 102566000.0,
        "Other Income Expense": 7801000.0,
        "Net Non Operating Interest Income Expense": -7181000.0,
        "Interest Expense Non Operating": 7181000.0,
        "Other Operating Expenses": 15498000.0,
        "Total Revenue": 1164959000.0,
        "Operating Revenue": 1164959000.0,
        "Loss Adjustment Expense": 820279000.0,
        "Net Policyholder Benefits And Claims": 820279000.0,
        "Policyholder Benefits Gross": 875535000.0,
        "Policyholder Benefits Ceded": 55256000.0
    },
    "2024-06-30": {
        "Tax Effect Of Unusual Items": 0.0,
        "Tax Rate For Calcs": 0.209481,
        "Net Income From Continuing Operation Net Minority Interest": -63319000.0,
        "Reconciled Depreciation": 9831000.0,
        "EBIT": -72896000.0,
        "Net Interest Income": -7202000.0,
        "Interest Expense": 7202000.0,
        "Normalized Income": -63319000.0,
        "Net Income From Continuing And Discontinued Operation": -63319000.0,
        "Total Expenses": 1276135000.0,
        "Diluted Average Shares": 60897000.0,
        "Basic Average Shares": 60897000.0,
        "Diluted EPS": -1.08,
        "Basic EPS": -1.08,
        "Diluted NI Availto Com Stockholders": -65619000.0,
        "Net Income Common Stockholders": -65619000.0,
        "Preferred Stock Dividends": 2300000.0,
        "Net Income": -63319000.0,
        "Net Income Including Noncontrolling Interests": -63319000.0,
        "Net Income Continuous Operations": -63319000.0,
        "Tax Provision": -16779000.0,
        "Pretax Income": -80098000.0,
        "Other Income Expense": 5835000.0,
        "Net Non Operating Interest Income Expense": -7202000.0,
        "Interest Expense Non Operating": 7202000.0,
        "Other Operating Expenses": 9186000.0,
        "Total Revenue": 1196037000.0,
        "Operating Revenue": 1196037000.0,
        "Loss Adjustment Expense": 1033321000.0,
        "Net Policyholder Benefits And Claims": 1033321000.0,
        "Policyholder Benefits Gross": 1122650000.0,
        "Policyholder Benefits Ceded": 89329000.0
    },
    "2024-09-30": {
        "Tax Effect Of Unusual Items": 0.0,
        "Tax Rate For Calcs": 0.212,
        "Net Income From Continuing Operation Net Minority Interest": 92278000.0,
        "Reconciled Depreciation": 8313000.0,
        "EBIT": 123737000.0,
        "Net Interest Income": -7250000.0,
        "Interest Expense": 7250000.0,
        "Normalized Income": 92278000.0,
        "Net Income From Continuing And Discontinued Operation": 92278000.0,
        "Total Expenses": 1127821000.0,
        "Diluted Average Shares": 61291000.0,
        "Basic Average Shares": 60877000.0,
        "Diluted EPS": 1.47,
        "Basic EPS": 1.48,
        "Diluted NI Availto Com Stockholders": 89978000.0,
        "Net Income Common Stockholders": 89978000.0,
        "Preferred Stock Dividends": 2300000.0,
        "Net Income": 92278000.0,
        "Net Income Including Noncontrolling Interests": 92278000.0,
        "Net Income Continuous Operations": 92278000.0,
        "Tax Provision": 24209000.0,
        "Pretax Income": 116487000.0,
        "Other Income Expense": 8930000.0,
        "Net Non Operating Interest Income Expense": -7250000.0,
        "Interest Expense Non Operating": 7250000.0,
        "Other Operating Expenses": 4664000.0,
        "Total Revenue": 1244308000.0,
        "Operating Revenue": 1244308000.0,
        "Loss Adjustment Expense": 880347000.0,
        "Net Policyholder Benefits And Claims": 880347000.0,
        "Policyholder Benefits Gross": 1315017000.0,
        "Policyholder Benefits Ceded": 434670000.0
    },
    "2024-12-31": {
        "Tax Effect Of Unusual Items": 0.0,
        "Tax Rate For Calcs": 0.197717,
        "Net Income From Continuing Operation Net Minority Interest": 95535000.0,
        "Reconciled Depreciation": 7572000.0,
        "EBIT": 126324000.0,
        "Net Interest Income": -7245000.0,
        "Interest Expense": 7245000.0,
        "Normalized Income": 95535000.0,
        "Net Income From Continuing And Discontinued Operation": 95535000.0,
        "Total Expenses": 1137232000.0,
        "Diluted Average Shares": 61300000.0,
        "Basic Average Shares": 60847896.0,
        "Diluted EPS": 1.52,
        "Basic EPS": 1.531688,
        "Diluted NI Availto Com Stockholders": 93235000.0,
        "Net Income Common Stockholders": 93235000.0,
        "Preferred Stock Dividends": 2300000.0,
        "Net Income": 95535000.0,
        "Net Income Including Noncontrolling Interests": 95535000.0,
        "Net Income Continuous Operations": 95535000.0,
        "Tax Provision": 23544000.0,
        "Pretax Income": 119079000.0,
        "Other Income Expense": 8549000.0,
        "Net Non Operating Interest Income Expense": -7245000.0,
        "Interest Expense Non Operating": 7245000.0,
        "Other Operating Expenses": 5205000.0,
        "Total Revenue": 1256311000.0,
        "Operating Revenue": 1256311000.0,
        "Loss Adjustment Expense": 883772000.0,
        "Net Policyholder Benefits And Claims": 883772000.0,
        "Policyholder Benefits Gross": 1071036000.0,
        "Policyholder Benefits Ceded": 187264000.0
    },
    "2025-03-31": {
        "Tax Effect Of Unusual Items": 0.0,
        "Tax Rate For Calcs": 0.212,
        "Net Income From Continuing Operation Net Minority Interest": 109896000.0,
        "Reconciled Depreciation": 9131000.0,
        "EBIT": 148459000.0,
        "Net Interest Income": -9573000.0,
        "Interest Expense": 9573000.0,
        "Normalized Income": 109896000.0,
        "Net Income From Continuing And Discontinued Operation": 109896000.0,
        "Total Expenses": 1146300000.0,
        "Diluted Average Shares": 61291000.0,
        "Basic Average Shares": 60865000.0,
        "Diluted EPS": 1.76,
        "Basic EPS": 1.77,
        "Diluted NI Availto Com Stockholders": 107596000.0,
        "Net Income Common Stockholders": 107596000.0,
        "Preferred Stock Dividends": 2300000.0,
        "Net Income": 109896000.0,
        "Net Income Including Noncontrolling Interests": 109896000.0,
        "Net Income Continuous Operations": 109896000.0,
        "Tax Provision": 28990000.0,
        "Pretax Income": 138886000.0,
        "Other Income Expense": 5509000.0,
        "Net Non Operating Interest Income Expense": -9573000.0,
        "Interest Expense Non Operating": 9573000.0,
        "Other Operating Expenses": 18098000.0,
        "Total Revenue": 1285186000.0,
        "Operating Revenue": 1285186000.0,
        "Loss Adjustment Expense": 871195000.0,
        "Net Policyholder Benefits And Claims": 871195000.0,
        "Policyholder Benefits Gross": 961040000.0,
        "Policyholder Benefits Ceded": 89845000.0
    },
    "2025-06-30": {
        "Tax Effect Of Unusual Items": 0.0,
        "Tax Rate For Calcs": 0.210844,
        "Net Income From Continuing Operation Net Minority Interest": 85943000.0,
        "Reconciled Depreciation": 6602000.0,
        "EBIT": 122161000.0,
        "Net Interest Income": -13256000.0,
        "Interest Expense": 13256000.0,
        "Normalized Income": 85943000.0,
        "Net Income From Continuing And Discontinued Operation": 85943000.0,
        "Total Expenses": 1217955000.0,
        "Diluted Average Shares": 61283000.0,
        "Basic Average Shares": 60844000.0,
        "Diluted EPS": 1.36,
        "Basic EPS": 1.37,
        "Diluted NI Availto Com Stockholders": 83643000.0,
        "Net Income Common Stockholders": 83643000.0,
        "Preferred Stock Dividends": 2300000.0,
        "Net Income": 85943000.0,
        "Net Income Including Noncontrolling Interests": 85943000.0,
        "Net Income Continuous Operations": 85943000.0,
        "Tax Provision": 22962000.0,
        "Pretax Income": 108905000.0,
        "Other Income Expense": 6548000.0,
        "Net Non Operating Interest Income Expense": -13256000.0,
        "Interest Expense Non Operating": 13256000.0,
        "Other Operating Expenses": 7671000.0,
        "Total Revenue": 1326860000.0,
        "Operating Revenue": 1326860000.0,
        "Loss Adjustment Expense": 946721000.0,
        "Net Policyholder Benefits And Claims": 946721000.0,
        "Policyholder Benefits Gross": 1057889000.0,
        "Policyholder Benefits Ceded": 111168000.0
    }
}