{
    "2023-06-30": {
        "Tax Effect Of Unusual Items": NaN,
        "Tax Rate For Calcs": NaN,
        "Normalized EBITDA": NaN,
        "Net Income From Continuing Operation Net Minority Interest": NaN,
        "Reconciled Cost Of Revenue": NaN,
        "EBITDA": NaN,
        "EBIT": NaN,
        "Net Interest Income": NaN,
        "Normalized Income": NaN,
        "Net Income From Continuing And Discontinued Operation": NaN,
        "Total Expenses": NaN,
        "Total Operating Income As Reported": NaN,
        "Diluted Average Shares": 6827000.0,
        "Basic Average Shares": 6772000.0,
        "Diluted EPS": 0.56,
        "Basic EPS": 0.56,
        "Diluted NI Availto Com Stockholders": NaN,
        "Net Income Common Stockholders": NaN,
        "Net Income": NaN,
        "Net Income Including Noncontrolling Interests": NaN,
        "Net Income Continuous Operations": NaN,
        "Tax Provision": NaN,
        "Pretax Income": NaN,
        "Net Non Operating Interest Income Expense": NaN,
        "Total Other Finance Cost": NaN,
        "Operating Income": NaN,
        "Operating Expense": NaN,
        "Research And Development": NaN,
        "Selling General And Administration": NaN,
        "Selling And Marketing Expense": NaN,
        "General And Administrative Expense": NaN,
        "Other Gand A": NaN,
        "Gross Profit": NaN,
        "Cost Of Revenue": NaN,
        "Total Revenue": NaN,
        "Operating Revenue": NaN
    },
    "2023-03-31": {
        "Tax Effect Of Unusual Items": 0.0,
        "Tax Rate For Calcs": 0.186897,
        "Normalized EBITDA": 4051000.0,
        "Net Income From Continuing Operation Net Minority Interest": 3537000.0,
        "Reconciled Cost Of Revenue": 25396000.0,
        "EBITDA": 4051000.0,
        "EBIT": 4051000.0,
        "Net Interest Income": 299000.0,
        "Normalized Income": 3537000.0,
        "Net Income From Continuing And Discontinued Operation": 3537000.0,
        "Total Expenses": 33130000.0,
        "Total Operating Income As Reported": 4051000.0,
        "Diluted Average Shares": 6848000.0,
        "Basic Average Shares": 6747000.0,
        "Diluted EPS": 0.52,
        "Basic EPS": 0.52,
        "Diluted NI Availto Com Stockholders": 3537000.0,
        "Net Income Common Stockholders": 3537000.0,
        "Net Income": 3537000.0,
        "Net Income Including Noncontrolling Interests": 3537000.0,
        "Net Income Continuous Operations": 3537000.0,
        "Tax Provision": 813000.0,
        "Pretax Income": 4350000.0,
        "Net Non Operating Interest Income Expense": 299000.0,
        "Total Other Finance Cost": -299000.0,
        "Operating Income": 4051000.0,
        "Operating Expense": 7734000.0,
        "Research And Development": 5138000.0,
        "Selling General And Administration": 2596000.0,
        "Selling And Marketing Expense": 1503000.0,
        "General And Administrative Expense": 1093000.0,
        "Other Gand A": 1093000.0,
        "Gross Profit": 11785000.0,
        "Cost Of Revenue": 25396000.0,
        "Total Revenue": 37181000.0,
        "Operating Revenue": 37181000.0
    },
    "2022-12-31": {
        "Tax Effect Of Unusual Items": 0.0,
        "Tax Rate For Calcs": 0.250633,
        "Normalized EBITDA": 7062000.0,
        "Net Income From Continuing Operation Net Minority Interest": 5621000.0,
        "Reconciled Cost Of Revenue": 30204000.0,
        "EBITDA": 7062000.0,
        "EBIT": 7062000.0,
        "Net Interest Income": -1869000.0,
        "Normalized Income": 5621000.0,
        "Net Income From Continuing And Discontinued Operation": 5621000.0,
        "Total Expenses": 38131000.0,
        "Total Operating Income As Reported": 7062000.0,
        "Diluted Average Shares": 6817000.0,
        "Basic Average Shares": 6727000.0,
        "Diluted EPS": 0.82,
        "Basic EPS": 0.84,
        "Diluted NI Availto Com Stockholders": 5621000.0,
        "Net Income Common Stockholders": 5621000.0,
        "Net Income": 5621000.0,
        "Net Income Including Noncontrolling Interests": 5621000.0,
        "Net Income Continuous Operations": 5621000.0,
        "Tax Provision": 1880000.0,
        "Pretax Income": 7501000.0,
        "Net Non Operating Interest Income Expense": -1869000.0,
        "Total Other Finance Cost": 3013000.0,
        "Operating Income": 7062000.0,
        "Operating Expense": 7927000.0,
        "Research And Development": 5076000.0,
        "Selling General And Administration": 2851000.0,
        "Selling And Marketing Expense": 1809000.0,
        "General And Administrative Expense": 1042000.0,
        "Other Gand A": 1042000.0,
        "Gross Profit": 14989000.0,
        "Cost Of Revenue": 30204000.0,
        "Total Revenue": 45193000.0,
        "Operating Revenue": 45193000.0
    },
    "2022-09-30": {
        "Tax Effect Of Unusual Items": 0.0,
        "Tax Rate For Calcs": 0.122252,
        "Normalized EBITDA": 6297000.0,
        "Net Income From Continuing Operation Net Minority Interest": 5988000.0,
        "Reconciled Cost Of Revenue": 25210000.0,
        "EBITDA": 6297000.0,
        "EBIT": 6297000.0,
        "Net Interest Income": 525000.0,
        "Normalized Income": 5988000.0,
        "Net Income From Continuing And Discontinued Operation": 5988000.0,
        "Total Expenses": 32868000.0,
        "Total Operating Income As Reported": 6297000.0,
        "Diluted Average Shares": 6793000.0,
        "Basic Average Shares": 6711000.0,
        "Diluted EPS": 0.88,
        "Basic EPS": 0.89,
        "Diluted NI Availto Com Stockholders": 5988000.0,
        "Net Income Common Stockholders": 5988000.0,
        "Net Income": 5988000.0,
        "Net Income Including Noncontrolling Interests": 5988000.0,
        "Net Income Continuous Operations": 5988000.0,
        "Tax Provision": 834000.0,
        "Pretax Income": 6822000.0,
        "Net Non Operating Interest Income Expense": 525000.0,
        "Total Other Finance Cost": -525000.0,
        "Operating Income": 6297000.0,
        "Operating Expense": 7658000.0,
        "Research And Development": 4752000.0,
        "Selling General And Administration": 2906000.0,
        "Selling And Marketing Expense": 1799000.0,
        "General And Administrative Expense": 1107000.0,
        "Other Gand A": 1107000.0,
        "Gross Profit": 13955000.0,
        "Cost Of Revenue": 25210000.0,
        "Total Revenue": 39165000.0,
        "Operating Revenue": 39165000.0
    },
    "2022-06-30": {
        "Tax Effect Of Unusual Items": 0.0,
        "Tax Rate For Calcs": 0.145448,
        "Normalized EBITDA": 4135000.0,
        "Net Income From Continuing Operation Net Minority Interest": 4524000.0,
        "Reconciled Cost Of Revenue": 22032000.0,
        "EBITDA": 4135000.0,
        "EBIT": 4135000.0,
        "Net Interest Income": 1159000.0,
        "Normalized Income": 4524000.0,
        "Net Income From Continuing And Discontinued Operation": 4524000.0,
        "Total Expenses": 30019000.0,
        "Total Operating Income As Reported": 4135000.0,
        "Diluted Average Shares": 6749000.0,
        "Basic Average Shares": 6666000.0,
        "Diluted EPS": 0.67,
        "Basic EPS": 0.68,
        "Diluted NI Availto Com Stockholders": 4524000.0,
        "Net Income Common Stockholders": 4524000.0,
        "Net Income": 4524000.0,
        "Net Income Including Noncontrolling Interests": 4524000.0,
        "Net Income Continuous Operations": 4524000.0,
        "Tax Provision": 770000.0,
        "Pretax Income": 5294000.0,
        "Net Non Operating Interest Income Expense": 1159000.0,
        "Total Other Finance Cost": -1159000.0,
        "Operating Income": 4135000.0,
        "Operating Expense": 7987000.0,
        "Research And Development": 5257000.0,
        "Selling General And Administration": 2730000.0,
        "Selling And Marketing Expense": 1599000.0,
        "General And Administrative Expense": 1131000.0,
        "Other Gand A": 1131000.0,
        "Gross Profit": 12122000.0,
        "Cost Of Revenue": 22032000.0,
        "Total Revenue": 34154000.0,
        "Operating Revenue": 34154000.0
    },
    "2022-03-31": {
        "Diluted EPS": 0.32,
        "Total Revenue": 32,
        "Gross Profit": 11,
        "Operating Income": 2,
        "EBIT": 2,
        "Net Income": 2
    },
    "2021-12-31": {
        "Diluted EPS": 0.47,
        "Total Revenue": 36,
        "Gross Profit": 13,
        "Operating Income": 4,
        "EBIT": 4,
        "Net Income": 3
    },
    "2021-09-30": {
        "Diluted EPS": 0.38,
        "Total Revenue": 33,
        "Gross Profit": 11,
        "Operating Income": 3,
        "EBIT": 3,
        "Net Income": 3
    },
    "2021-06-30": {
        "Diluted EPS": 0.29,
        "Total Revenue": 30,
        "Gross Profit": 11,
        "Operating Income": 3,
        "EBIT": 3,
        "Net Income": 2
    },
    "2021-03-31": {
        "Diluted EPS": 0.37,
        "Total Revenue": 29,
        "Gross Profit": 10,
        "Operating Income": 2,
        "EBIT": 2,
        "Net Income": 3
    },
    "2020-12-31": {
        "Diluted EPS": 0.13,
        "Total Revenue": 34,
        "Gross Profit": 10,
        "Operating Income": 1,
        "EBIT": 1,
        "Net Income": 1
    },
    "2020-09-30": {
        "Diluted EPS": 0.29,
        "Total Revenue": 28,
        "Gross Profit": 9,
        "Operating Income": 2,
        "EBIT": 2,
        "Net Income": 2
    },
    "2020-06-30": {
        "Diluted EPS": 0.18,
        "Total Revenue": 23,
        "Gross Profit": 8,
        "Operating Income": 1,
        "EBIT": 1,
        "Net Income": 1
    },
    "2020-03-31": {
        "Diluted EPS": 0.2,
        "Total Revenue": 22,
        "Gross Profit": 7,
        "Operating Income": 1,
        "EBIT": 1,
        "Net Income": 1
    },
    "2019-12-31": {
        "Diluted EPS": 0.32,
        "Total Revenue": 26,
        "Gross Profit": 9,
        "Operating Income": 2,
        "EBIT": 2,
        "Net Income": 2
    },
    "2019-09-30": {
        "Diluted EPS": 0.25,
        "Total Revenue": 24,
        "Gross Profit": 8,
        "Operating Income": 2,
        "EBIT": 2,
        "Net Income": 2
    },
    "2019-06-30": {
        "Diluted EPS": 0.3,
        "Total Revenue": 25,
        "Gross Profit": 9,
        "Operating Income": 2,
        "EBIT": 2,
        "Net Income": 2
    },
    "2019-03-31": {
        "Diluted EPS": 0.48,
        "Total Revenue": 30,
        "Gross Profit": 10,
        "Operating Income": 4,
        "EBIT": 4,
        "Net Income": 4
    },
    "2018-12-31": {
        "Diluted EPS": 1.29,
        "Total Revenue": 46,
        "Gross Profit": 18,
        "Operating Income": 11,
        "EBIT": 11,
        "Net Income": 10
    },
    "2018-09-30": {
        "Diluted EPS": 0.49,
        "Total Revenue": 31,
        "Gross Profit": 11,
        "Operating Income": 4,
        "EBIT": 4,
        "Net Income": 4
    },
    "2018-06-30": {
        "Diluted EPS": 0.32,
        "Total Revenue": 28,
        "Gross Profit": 9,
        "Operating Income": 3,
        "EBIT": 3,
        "Net Income": 2
    },
    "2018-03-31": {
        "Diluted EPS": -0.19,
        "Total Revenue": 30,
        "Gross Profit": 5,
        "Operating Income": -1,
        "EBIT": -1,
        "Net Income": -1
    },
    "2017-12-31": {
        "Diluted EPS": 1.35,
        "Total Revenue": 38,
        "Gross Profit": 14,
        "Operating Income": 12,
        "EBIT": 12,
        "Net Income": 10
    },
    "2017-09-30": {
        "Diluted EPS": 0.6,
        "Total Revenue": 32,
        "Gross Profit": 12,
        "Operating Income": 5,
        "EBIT": 5,
        "Net Income": 5
    },
    "2017-06-30": {
        "Diluted EPS": 0.55,
        "Total Revenue": 30,
        "Gross Profit": 11,
        "Operating Income": 5,
        "EBIT": 5,
        "Net Income": 4
    },
    "2017-03-31": {
        "Diluted EPS": 0.35,
        "Total Revenue": 25,
        "Gross Profit": 10,
        "Operating Income": 3,
        "EBIT": 3,
        "Net Income": 3
    },
    "2016-12-31": {
        "Diluted EPS": 0.6,
        "Total Revenue": 28,
        "Gross Profit": 11,
        "Operating Income": 5,
        "EBIT": 5,
        "Net Income": 5
    },
    "2016-09-30": {
        "Diluted EPS": 0.43,
        "Total Revenue": 25,
        "Gross Profit": 10,
        "Operating Income": 4,
        "EBIT": 4,
        "Net Income": 3
    },
    "2016-06-30": {
        "Diluted EPS": 0.48,
        "Total Revenue": 26,
        "Gross Profit": 10,
        "Operating Income": 4,
        "EBIT": 6,
        "Net Income": 4
    },
    "2016-03-31": {
        "Diluted EPS": 0.26,
        "Total Revenue": 21,
        "Gross Profit": 8,
        "Operating Income": 2,
        "EBIT": 2,
        "Net Income": 2
    },
    "2015-12-31": {
        "Diluted EPS": 0.6,
        "Total Revenue": 27,
        "Gross Profit": 11,
        "Operating Income": 5,
        "EBIT": 8,
        "Net Income": 4
    },
    "2015-09-30": {
        "Diluted EPS": 0.96,
        "Total Revenue": 19,
        "Gross Profit": 8,
        "Operating Income": 8,
        "EBIT": 6,
        "Net Income": 7
    },
    "2015-06-30": {
        "Diluted EPS": 0.28,
        "Total Revenue": 17,
        "Gross Profit": 7,
        "Operating Income": 2,
        "EBIT": 2,
        "Net Income": 2
    },
    "2015-03-31": {
        "Diluted EPS": 0.41,
        "Total Revenue": 19,
        "Gross Profit": 8,
        "Operating Income": 3,
        "EBIT": 3,
        "Net Income": 3
    },
    "2014-12-31": {
        "Diluted EPS": 0.65,
        "Total Revenue": 23,
        "Gross Profit": 9,
        "Operating Income": 5,
        "EBIT": 5,
        "Net Income": 5
    },
    "2014-09-30": {
        "Diluted EPS": 0.34,
        "Total Revenue": 16,
        "Gross Profit": 6,
        "Operating Income": 3,
        "EBIT": 3,
        "Net Income": 3
    },
    "2014-06-30": {
        "Diluted EPS": 0.45,
        "Total Revenue": 18,
        "Gross Profit": 7,
        "Operating Income": 4,
        "EBIT": 4,
        "Net Income": 3
    },
    "2014-03-31": {
        "Diluted EPS": 0.55,
        "Total Revenue": 19,
        "Gross Profit": 8,
        "Operating Income": 5,
        "EBIT": 5,
        "Net Income": 4
    },
    "2013-12-31": {
        "Diluted EPS": 0.91,
        "Total Revenue": 25,
        "Gross Profit": 10,
        "Operating Income": 7,
        "EBIT": 7,
        "Net Income": 7
    },
    "2013-09-30": {
        "Diluted EPS": 0.55,
        "Total Revenue": 17,
        "Gross Profit": 7,
        "Operating Income": 4,
        "EBIT": 4,
        "Net Income": 4
    },
    "2013-06-30": {
        "Diluted EPS": 0.45,
        "Total Revenue": 16,
        "Gross Profit": 6,
        "Operating Income": 3,
        "EBIT": 3,
        "Net Income": 3
    },
    "2013-03-31": {
        "Diluted EPS": 0.43,
        "Total Revenue": 15,
        "Gross Profit": 6,
        "Operating Income": 3,
        "EBIT": 3,
        "Net Income": 3
    },
    "2012-12-31": {
        "Diluted EPS": 0.43,
        "Total Revenue": 17,
        "Gross Profit": 6,
        "Operating Income": 3,
        "EBIT": 3,
        "Net Income": 3
    },
    "2012-09-30": {
        "Diluted EPS": 0.37,
        "Total Revenue": 12,
        "Gross Profit": 5,
        "Operating Income": 3,
        "EBIT": 3,
        "Net Income": 3
    },
    "2012-06-30": {
        "Diluted EPS": 0.33,
        "Total Revenue": 10,
        "Gross Profit": 4,
        "Operating Income": 2,
        "EBIT": 2,
        "Net Income": 2
    },
    "2012-03-31": {
        "Diluted EPS": 0.28,
        "Total Revenue": 10,
        "Gross Profit": 4,
        "Operating Income": 2,
        "EBIT": 2,
        "Net Income": 2
    },
    "2011-12-31": {
        "Diluted EPS": 0.34,
        "Total Revenue": 11,
        "Gross Profit": 5,
        "Operating Income": 2,
        "EBIT": 2,
        "Net Income": 2
    },
    "2011-09-30": {
        "Diluted EPS": 0.3,
        "Total Revenue": 10,
        "Gross Profit": 4,
        "Operating Income": 2,
        "EBIT": 2,
        "Net Income": 2
    },
    "2011-06-30": {
        "Diluted EPS": 0.28,
        "Total Revenue": 9,
        "Gross Profit": 4,
        "Operating Income": 2,
        "EBIT": 2,
        "Net Income": 2
    },
    "2011-03-31": {
        "Diluted EPS": 0.25,
        "Total Revenue": 9,
        "Gross Profit": 4,
        "Operating Income": 2,
        "EBIT": 2,
        "Net Income": 2
    },
    "2010-12-31": {
        "Diluted EPS": 0.28,
        "Total Revenue": 10,
        "Gross Profit": 4,
        "Operating Income": 2,
        "EBIT": 2,
        "Net Income": 2
    },
    "2010-09-30": {
        "Diluted EPS": 0.21,
        "Total Revenue": 7,
        "Gross Profit": 3,
        "Operating Income": 2,
        "EBIT": 2,
        "Net Income": 1
    },
    "2010-06-30": {
        "Diluted EPS": 0.2,
        "Total Revenue": 7,
        "Gross Profit": 3,
        "Operating Income": 1,
        "EBIT": 1,
        "Net Income": 1
    },
    "2010-03-31": {
        "Diluted EPS": 0.14,
        "Total Revenue": 6,
        "Gross Profit": 3,
        "Operating Income": 1,
        "EBIT": 1,
        "Net Income": 1
    },
    "2009-12-31": {
        "Diluted EPS": 0.19,
        "Total Revenue": 7,
        "Gross Profit": 3,
        "Operating Income": 1,
        "EBIT": 1,
        "Net Income": 1
    },
    "2009-09-30": {
        "Diluted EPS": 0.05,
        "Total Revenue": 5,
        "Gross Profit": 2,
        "Operating Income": 0,
        "EBIT": 0,
        "Net Income": 0
    },
    "2009-06-30": {
        "Diluted EPS": 0.04,
        "Total Revenue": 4,
        "Gross Profit": 2,
        "Operating Income": 0,
        "EBIT": 0,
        "Net Income": 0
    },
    "2009-03-31": {
        "Diluted EPS": 0.13,
        "Total Revenue": 5,
        "Gross Profit": 2,
        "Operating Income": 1,
        "EBIT": 1,
        "Net Income": 1
    },
    "2023-09-30": {
        "Tax Effect Of Unusual Items": 0.0,
        "Tax Rate For Calcs": 0.131277,
        "Normalized EBITDA": 960000.0,
        "Net Income From Continuing Operation Net Minority Interest": 1211000.0,
        "Reconciled Cost Of Revenue": 20821000.0,
        "EBITDA": 960000.0,
        "EBIT": 960000.0,
        "Net Interest Income": 434000.0,
        "Normalized Income": 1211000.0,
        "Net Income From Continuing And Discontinued Operation": 1211000.0,
        "Total Expenses": 29097000.0,
        "Total Operating Income As Reported": 960000.0,
        "Diluted Average Shares": 6753000.0,
        "Basic Average Shares": 6744000.0,
        "Diluted EPS": 0.18,
        "Basic EPS": 0.18,
        "Diluted NI Availto Com Stockholders": 1211000.0,
        "Net Income Common Stockholders": 1211000.0,
        "Net Income": 1211000.0,
        "Net Income Including Noncontrolling Interests": 1211000.0,
        "Net Income Continuous Operations": 1211000.0,
        "Tax Provision": 183000.0,
        "Pretax Income": 1394000.0,
        "Net Non Operating Interest Income Expense": 434000.0,
        "Total Other Finance Cost": -434000.0,
        "Operating Income": 960000.0,
        "Operating Expense": 8276000.0,
        "Research And Development": 5231000.0,
        "Selling General And Administration": 3045000.0,
        "Selling And Marketing Expense": 1946000.0,
        "General And Administrative Expense": 1099000.0,
        "Other Gand A": 1099000.0,
        "Gross Profit": 9236000.0,
        "Cost Of Revenue": 20821000.0,
        "Total Revenue": 30057000.0,
        "Operating Revenue": 30057000.0
    },
    "2023-12-31": {
        "Tax Effect Of Unusual Items": 0.0,
        "Tax Rate For Calcs": 0.067944,
        "Normalized EBITDA": -12126000.0,
        "Net Income From Continuing Operation Net Minority Interest": -34967000.0,
        "Reconciled Cost Of Revenue": 23257000.0,
        "EBITDA": -12126000.0,
        "EBIT": -12126000.0,
        "Net Interest Income": 8000.0,
        "Normalized Income": -34967000.0,
        "Net Income From Continuing And Discontinued Operation": -34967000.0,
        "Total Expenses": 30889000.0,
        "Total Operating Income As Reported": -37687000.0,
        "Diluted Average Shares": 6544000.0,
        "Basic Average Shares": 6537000.0,
        "Diluted EPS": -1.76,
        "Basic EPS": -1.76,
        "Diluted NI Availto Com Stockholders": -34967000.0,
        "Net Income Common Stockholders": -34967000.0,
        "Net Income": -34967000.0,
        "Net Income Including Noncontrolling Interests": -34967000.0,
        "Net Income Continuous Operations": -34967000.0,
        "Tax Provision": -2549000.0,
        "Pretax Income": -37516000.0,
        "Net Non Operating Interest Income Expense": 8000.0,
        "Total Other Finance Cost": 1246000.0,
        "Operating Income": -12126000.0,
        "Operating Expense": 7632000.0,
        "Research And Development": 5016000.0,
        "Selling General And Administration": 2616000.0,
        "Selling And Marketing Expense": 1592000.0,
        "General And Administrative Expense": 1024000.0,
        "Other Gand A": 1024000.0,
        "Gross Profit": -4494000.0,
        "Cost Of Revenue": 23257000.0,
        "Total Revenue": 18763000.0,
        "Operating Revenue": 18763000.0
    },
    "2024-03-31": {
        "Tax Effect Of Unusual Items": 0.0,
        "Tax Rate For Calcs": 0.21,
        "Normalized EBITDA": -3463000.0,
        "Total Unusual Items": NaN,
        "Total Unusual Items Excluding Goodwill": NaN,
        "Net Income From Continuing Operation Net Minority Interest": -3432000.0,
        "Reconciled Cost Of Revenue": 10326000.0,
        "EBITDA": -3463000.0,
        "EBIT": -3463000.0,
        "Net Interest Income": 399000.0,
        "Normalized Income": -3432000.0,
        "Net Income From Continuing And Discontinued Operation": -3432000.0,
        "Total Expenses": 17828000.0,
        "Total Operating Income As Reported": -3463000.0,
        "Diluted Average Shares": 6274000.0,
        "Basic Average Shares": 6274000.0,
        "Diluted EPS": -0.55,
        "Basic EPS": -0.55,
        "Diluted NI Availto Com Stockholders": -3432000.0,
        "Net Income Common Stockholders": -3432000.0,
        "Net Income": -3432000.0,
        "Net Income Including Noncontrolling Interests": -3432000.0,
        "Net Income Continuous Operations": -3432000.0,
        "Tax Provision": 368000.0,
        "Pretax Income": -3064000.0,
        "Special Income Charges": NaN,
        "Impairment Of Capital Assets": NaN,
        "Net Non Operating Interest Income Expense": 399000.0,
        "Total Other Finance Cost": -399000.0,
        "Operating Income": -3463000.0,
        "Operating Expense": 7502000.0,
        "Research And Development": 4921000.0,
        "Selling General And Administration": 2581000.0,
        "Selling And Marketing Expense": 1520000.0,
        "General And Administrative Expense": 1061000.0,
        "Other Gand A": 1061000.0,
        "Gross Profit": 4039000.0,
        "Cost Of Revenue": 10326000.0,
        "Total Revenue": 14365000.0,
        "Operating Revenue": 14365000.0
    },
    "2024-06-30": {
        "Tax Effect Of Unusual Items": 0.0,
        "Tax Rate For Calcs": 0.377924,
        "Normalized EBITDA": -3124000.0,
        "Total Unusual Items": NaN,
        "Total Unusual Items Excluding Goodwill": NaN,
        "Net Income From Continuing Operation Net Minority Interest": -1516000.0,
        "Reconciled Cost Of Revenue": 10239000.0,
        "EBITDA": -3124000.0,
        "EBIT": -3124000.0,
        "Net Interest Income": 687000.0,
        "Normalized Income": -1516000.0,
        "Net Income From Continuing And Discontinued Operation": -1516000.0,
        "Total Expenses": 17626000.0,
        "Total Operating Income As Reported": -3124000.0,
        "Diluted Average Shares": 6079000.0,
        "Basic Average Shares": 6079000.0,
        "Diluted EPS": -0.25,
        "Basic EPS": -0.25,
        "Diluted NI Availto Com Stockholders": -1516000.0,
        "Net Income Common Stockholders": -1516000.0,
        "Net Income": -1516000.0,
        "Net Income Including Noncontrolling Interests": -1516000.0,
        "Net Income Continuous Operations": -1516000.0,
        "Tax Provision": -921000.0,
        "Pretax Income": -2437000.0,
        "Special Income Charges": NaN,
        "Impairment Of Capital Assets": NaN,
        "Net Non Operating Interest Income Expense": 687000.0,
        "Total Other Finance Cost": -687000.0,
        "Operating Income": -3124000.0,
        "Operating Expense": 7387000.0,
        "Research And Development": 4948000.0,
        "Selling General And Administration": 2439000.0,
        "Selling And Marketing Expense": 1474000.0,
        "General And Administrative Expense": 965000.0,
        "Other Gand A": 965000.0,
        "Gross Profit": 4263000.0,
        "Cost Of Revenue": 10239000.0,
        "Total Revenue": 14502000.0,
        "Operating Revenue": 14502000.0
    },
    "2024-09-30": {
        "Tax Effect Of Unusual Items": 0.0,
        "Tax Rate For Calcs": 0.21,
        "Normalized EBITDA": -3113000.0,
        "Total Unusual Items": NaN,
        "Total Unusual Items Excluding Goodwill": NaN,
        "Net Income From Continuing Operation Net Minority Interest": -2630000.0,
        "Reconciled Cost Of Revenue": 10593000.0,
        "EBITDA": -3113000.0,
        "EBIT": -3113000.0,
        "Net Interest Income": 515000.0,
        "Normalized Income": -2630000.0,
        "Net Income From Continuing And Discontinued Operation": -2630000.0,
        "Total Expenses": 17869000.0,
        "Total Operating Income As Reported": -3113000.0,
        "Diluted Average Shares": 5919000.0,
        "Basic Average Shares": 5919000.0,
        "Diluted EPS": -0.44,
        "Basic EPS": -0.44,
        "Diluted NI Availto Com Stockholders": -2630000.0,
        "Net Income Common Stockholders": -2630000.0,
        "Net Income": -2630000.0,
        "Net Income Including Noncontrolling Interests": -2630000.0,
        "Net Income Continuous Operations": -2630000.0,
        "Tax Provision": 32000.0,
        "Pretax Income": -2598000.0,
        "Special Income Charges": NaN,
        "Impairment Of Capital Assets": NaN,
        "Net Non Operating Interest Income Expense": 515000.0,
        "Total Other Finance Cost": -515000.0,
        "Operating Income": -3113000.0,
        "Operating Expense": 7276000.0,
        "Research And Development": 4958000.0,
        "Selling General And Administration": 2318000.0,
        "Selling And Marketing Expense": 1366000.0,
        "General And Administrative Expense": 952000.0,
        "Other Gand A": 952000.0,
        "Gross Profit": 4163000.0,
        "Cost Of Revenue": 10593000.0,
        "Total Revenue": 14756000.0,
        "Operating Revenue": 14756000.0
    },
    "2025-03-31": {
        "Tax Effect Of Unusual Items": 0.0,
        "Tax Rate For Calcs": 0.4,
        "Normalized EBITDA": -3215000.0,
        "Total Unusual Items": NaN,
        "Total Unusual Items Excluding Goodwill": NaN,
        "Net Income From Continuing Operation Net Minority Interest": -2806000.0,
        "Reconciled Cost Of Revenue": 10110000.0,
        "EBITDA": -3215000.0,
        "EBIT": -3215000.0,
        "Net Interest Income": 703000.0,
        "Normalized Income": -2806000.0,
        "Net Income From Continuing And Discontinued Operation": -2806000.0,
        "Total Expenses": 17600000.0,
        "Total Operating Income As Reported": -3215000.0,
        "Diluted Average Shares": 5735000.0,
        "Basic Average Shares": 5735000.0,
        "Diluted EPS": -0.49,
        "Basic EPS": -0.49,
        "Diluted NI Availto Com Stockholders": -2806000.0,
        "Net Income Common Stockholders": -2806000.0,
        "Net Income": -2806000.0,
        "Net Income Including Noncontrolling Interests": -2806000.0,
        "Net Income Continuous Operations": -2806000.0,
        "Tax Provision": 294000.0,
        "Pretax Income": -2512000.0,
        "Special Income Charges": NaN,
        "Impairment Of Capital Assets": NaN,
        "Net Non Operating Interest Income Expense": 703000.0,
        "Total Other Finance Cost": -703000.0,
        "Operating Income": -3215000.0,
        "Operating Expense": 7490000.0,
        "Research And Development": 4926000.0,
        "Selling General And Administration": 2564000.0,
        "Selling And Marketing Expense": 1487000.0,
        "General And Administrative Expense": 1077000.0,
        "Other Gand A": 1077000.0,
        "Gross Profit": 4275000.0,
        "Cost Of Revenue": 10110000.0,
        "Total Revenue": 14385000.0,
        "Operating Revenue": 14385000.0
    },
    "2024-12-31": {
        "Tax Effect Of Unusual Items": 0.0,
        "Tax Rate For Calcs": 0.21,
        "Normalized EBITDA": -3578000.0,
        "Total Unusual Items": 0.0,
        "Total Unusual Items Excluding Goodwill": 0.0,
        "Net Income From Continuing Operation Net Minority Interest": -4426000.0,
        "Reconciled Cost Of Revenue": 10358000.0,
        "EBITDA": -3578000.0,
        "EBIT": -3578000.0,
        "Net Interest Income": 360000.0,
        "Normalized Income": -4426000.0,
        "Net Income From Continuing And Discontinued Operation": -4426000.0,
        "Total Expenses": 18069000.0,
        "Total Operating Income As Reported": -3578000.0,
        "Diluted Average Shares": 5811000.0,
        "Basic Average Shares": 5811000.0,
        "Diluted EPS": -0.76,
        "Basic EPS": -0.76,
        "Diluted NI Availto Com Stockholders": -4426000.0,
        "Net Income Common Stockholders": -4426000.0,
        "Net Income": -4426000.0,
        "Net Income Including Noncontrolling Interests": -4426000.0,
        "Net Income Continuous Operations": -4426000.0,
        "Tax Provision": 1208000.0,
        "Pretax Income": -3218000.0,
        "Special Income Charges": 0.0,
        "Impairment Of Capital Assets": 0.0,
        "Net Non Operating Interest Income Expense": 360000.0,
        "Total Other Finance Cost": -360000.0,
        "Operating Income": -3578000.0,
        "Operating Expense": 7711000.0,
        "Research And Development": 4681000.0,
        "Selling General And Administration": 3030000.0,
        "Selling And Marketing Expense": 1654000.0,
        "General And Administrative Expense": 1376000.0,
        "Other Gand A": 1376000.0,
        "Gross Profit": 4133000.0,
        "Cost Of Revenue": 10358000.0,
        "Total Revenue": 14491000.0,
        "Operating Revenue": 14491000.0
    }
}