{
    "2023-03-31": {
        "Tax Effect Of Unusual Items": NaN,
        "Tax Rate For Calcs": NaN,
        "Normalized EBITDA": NaN,
        "Total Unusual Items": NaN,
        "Total Unusual Items Excluding Goodwill": NaN,
        "Net Income From Continuing Operation Net Minority Interest": NaN,
        "Reconciled Depreciation": NaN,
        "Reconciled Cost Of Revenue": NaN,
        "EBITDA": NaN,
        "EBIT": NaN,
        "Net Interest Income": NaN,
        "Interest Expense": NaN,
        "Interest Income": NaN,
        "Normalized Income": NaN,
        "Net Income From Continuing And Discontinued Operation": NaN,
        "Total Expenses": NaN,
        "Total Operating Income As Reported": NaN,
        "Diluted Average Shares": 38532202.0,
        "Basic Average Shares": 38532202.0,
        "Diluted EPS": -0.43,
        "Basic EPS": -0.43,
        "Diluted NI Availto Com Stockholders": NaN,
        "Net Income Common Stockholders": NaN,
        "Net Income": NaN,
        "Net Income Including Noncontrolling Interests": NaN,
        "Net Income Continuous Operations": NaN,
        "Pretax Income": NaN,
        "Other Income Expense": NaN,
        "Other Non Operating Income Expenses": NaN,
        "Special Income Charges": NaN,
        "Other Special Charges": NaN,
        "Net Non Operating Interest Income Expense": NaN,
        "Interest Expense Non Operating": NaN,
        "Interest Income Non Operating": NaN,
        "Operating Income": NaN,
        "Operating Expense": NaN,
        "Research And Development": NaN,
        "Selling General And Administration": NaN,
        "Gross Profit": NaN,
        "Cost Of Revenue": NaN,
        "Total Revenue": NaN,
        "Operating Revenue": NaN
    },
    "2022-12-31": {
        "Tax Effect Of Unusual Items": NaN,
        "Tax Rate For Calcs": NaN,
        "Normalized EBITDA": NaN,
        "Total Unusual Items": 0.0,
        "Total Unusual Items Excluding Goodwill": 0.0,
        "Net Income From Continuing Operation Net Minority Interest": NaN,
        "Reconciled Depreciation": NaN,
        "Reconciled Cost Of Revenue": NaN,
        "EBITDA": NaN,
        "EBIT": NaN,
        "Net Interest Income": NaN,
        "Interest Expense": NaN,
        "Interest Income": NaN,
        "Normalized Income": NaN,
        "Net Income From Continuing And Discontinued Operation": NaN,
        "Total Expenses": NaN,
        "Total Operating Income As Reported": NaN,
        "Diluted Average Shares": NaN,
        "Basic Average Shares": NaN,
        "Diluted EPS": NaN,
        "Basic EPS": NaN,
        "Diluted NI Availto Com Stockholders": NaN,
        "Net Income Common Stockholders": NaN,
        "Net Income": NaN,
        "Net Income Including Noncontrolling Interests": NaN,
        "Net Income Continuous Operations": NaN,
        "Pretax Income": NaN,
        "Other Income Expense": NaN,
        "Other Non Operating Income Expenses": NaN,
        "Special Income Charges": 0.0,
        "Other Special Charges": 0.0,
        "Net Non Operating Interest Income Expense": NaN,
        "Interest Expense Non Operating": NaN,
        "Interest Income Non Operating": NaN,
        "Operating Income": NaN,
        "Operating Expense": NaN,
        "Research And Development": NaN,
        "Selling General And Administration": NaN,
        "Gross Profit": NaN,
        "Cost Of Revenue": NaN,
        "Total Revenue": NaN,
        "Operating Revenue": NaN
    },
    "2022-09-30": {
        "Tax Effect Of Unusual Items": NaN,
        "Tax Rate For Calcs": NaN,
        "Normalized EBITDA": NaN,
        "Total Unusual Items": 0.0,
        "Total Unusual Items Excluding Goodwill": 0.0,
        "Net Income From Continuing Operation Net Minority Interest": NaN,
        "Reconciled Depreciation": NaN,
        "Reconciled Cost Of Revenue": NaN,
        "EBITDA": NaN,
        "EBIT": NaN,
        "Net Interest Income": NaN,
        "Interest Expense": NaN,
        "Interest Income": NaN,
        "Normalized Income": NaN,
        "Net Income From Continuing And Discontinued Operation": NaN,
        "Total Expenses": NaN,
        "Total Operating Income As Reported": NaN,
        "Diluted Average Shares": NaN,
        "Basic Average Shares": NaN,
        "Diluted EPS": NaN,
        "Basic EPS": NaN,
        "Diluted NI Availto Com Stockholders": NaN,
        "Net Income Common Stockholders": NaN,
        "Net Income": NaN,
        "Net Income Including Noncontrolling Interests": NaN,
        "Net Income Continuous Operations": NaN,
        "Pretax Income": NaN,
        "Other Income Expense": NaN,
        "Other Non Operating Income Expenses": NaN,
        "Special Income Charges": 0.0,
        "Other Special Charges": NaN,
        "Net Non Operating Interest Income Expense": NaN,
        "Interest Expense Non Operating": NaN,
        "Interest Income Non Operating": NaN,
        "Operating Income": NaN,
        "Operating Expense": NaN,
        "Research And Development": NaN,
        "Selling General And Administration": NaN,
        "Gross Profit": NaN,
        "Cost Of Revenue": NaN,
        "Total Revenue": NaN,
        "Operating Revenue": NaN
    },
    "2022-06-30": {
        "Tax Effect Of Unusual Items": 0.0,
        "Tax Rate For Calcs": 0.0,
        "Normalized EBITDA": -14122000.0,
        "Total Unusual Items": -245000.0,
        "Total Unusual Items Excluding Goodwill": -245000.0,
        "Net Income From Continuing Operation Net Minority Interest": -15398000.0,
        "Reconciled Depreciation": 756000.0,
        "Reconciled Cost Of Revenue": 9012000.0,
        "EBITDA": -14367000.0,
        "EBIT": -14367000.0,
        "Net Interest Income": -909000.0,
        "Interest Expense": 1031000.0,
        "Interest Income": 122000.0,
        "Normalized Income": -15153000.0,
        "Net Income From Continuing And Discontinued Operation": -15398000.0,
        "Total Expenses": 47367000.0,
        "Total Operating Income As Reported": -14194000.0,
        "Diluted Average Shares": 35143178.0,
        "Basic Average Shares": 35143178.0,
        "Diluted EPS": -0.44,
        "Basic EPS": -0.44,
        "Diluted NI Availto Com Stockholders": -15398000.0,
        "Net Income Common Stockholders": -15398000.0,
        "Net Income": -15398000.0,
        "Net Income Including Noncontrolling Interests": -15398000.0,
        "Net Income Continuous Operations": -15398000.0,
        "Pretax Income": -15398000.0,
        "Other Income Expense": -295000.0,
        "Other Non Operating Income Expenses": -50000.0,
        "Special Income Charges": -245000.0,
        "Other Special Charges": 245000.0,
        "Net Non Operating Interest Income Expense": -909000.0,
        "Interest Expense Non Operating": 1031000.0,
        "Interest Income Non Operating": 122000.0,
        "Operating Income": -14194000.0,
        "Operating Expense": 38355000.0,
        "Research And Development": 10655000.0,
        "Selling General And Administration": 27700000.0,
        "Gross Profit": 24161000.0,
        "Cost Of Revenue": 9012000.0,
        "Total Revenue": 33173000.0,
        "Operating Revenue": 33173000.0
    },
    "2023-06-30": {
        "Tax Effect Of Unusual Items": 0.0,
        "Tax Rate For Calcs": 0.0,
        "Normalized EBITDA": -10816000.0,
        "Total Unusual Items": 0.0,
        "Total Unusual Items Excluding Goodwill": 0.0,
        "Net Income From Continuing Operation Net Minority Interest": -13484000.0,
        "Reconciled Depreciation": 956000.0,
        "Reconciled Cost Of Revenue": 13004000.0,
        "EBITDA": -10816000.0,
        "EBIT": -11772000.0,
        "Net Interest Income": 722000.0,
        "Interest Expense": 1712000.0,
        "Interest Income": 2434000.0,
        "Normalized Income": -13484000.0,
        "Net Income From Continuing And Discontinued Operation": -13484000.0,
        "Total Expenses": 59614000.0,
        "Total Operating Income As Reported": -14316000.0,
        "Diluted Average Shares": 38765166.0,
        "Basic Average Shares": 38765166.0,
        "Diluted EPS": -0.35,
        "Basic EPS": -0.35,
        "Diluted NI Availto Com Stockholders": -13484000.0,
        "Net Income Common Stockholders": -13484000.0,
        "Net Income": -13484000.0,
        "Net Income Including Noncontrolling Interests": -13484000.0,
        "Net Income Continuous Operations": -13484000.0,
        "Pretax Income": -13484000.0,
        "Other Income Expense": 110000.0,
        "Other Non Operating Income Expenses": 110000.0,
        "Special Income Charges": 0.0,
        "Other Special Charges": NaN,
        "Net Non Operating Interest Income Expense": 722000.0,
        "Interest Expense Non Operating": 1712000.0,
        "Interest Income Non Operating": 2434000.0,
        "Operating Income": -14316000.0,
        "Operating Expense": 46610000.0,
        "Research And Development": 10780000.0,
        "Selling General And Administration": 35830000.0,
        "Gross Profit": 32294000.0,
        "Cost Of Revenue": 13004000.0,
        "Total Revenue": 45298000.0,
        "Operating Revenue": 45298000.0
    },
    "2022-03-31": {
        "Diluted EPS": -0.48,
        "Total Revenue": 28,
        "Gross Profit": 19,
        "Operating Income": -16,
        "EBIT": -15,
        "Net Income": -17
    },
    "2021-12-31": {
        "Diluted EPS": -0.42,
        "Total Revenue": 28,
        "Gross Profit": 21,
        "Operating Income": -14,
        "EBIT": -13,
        "Net Income": -15
    },
    "2021-09-30": {
        "Diluted EPS": -0.4,
        "Total Revenue": 25,
        "Gross Profit": 19,
        "Operating Income": -13,
        "EBIT": -13,
        "Net Income": -14
    },
    "2021-06-30": {
        "Diluted EPS": -0.31,
        "Total Revenue": 26,
        "Gross Profit": 20,
        "Operating Income": -10,
        "EBIT": -9,
        "Net Income": -11
    },
    "2021-03-31": {
        "Diluted EPS": -0.31,
        "Total Revenue": 22,
        "Gross Profit": 17,
        "Operating Income": -10,
        "EBIT": -10,
        "Net Income": -11
    },
    "2020-12-31": {
        "Diluted EPS": -0.49,
        "Total Revenue": 21,
        "Gross Profit": 16,
        "Operating Income": -15,
        "EBIT": -14,
        "Net Income": -17
    },
    "2020-09-30": {
        "Diluted EPS": -0.31,
        "Total Revenue": 20,
        "Gross Profit": 15,
        "Operating Income": -9,
        "EBIT": -9,
        "Net Income": -10
    },
    "2020-06-30": {
        "Diluted EPS": -0.32,
        "Total Revenue": 15,
        "Gross Profit": 10,
        "Operating Income": -9,
        "EBIT": -9,
        "Net Income": -10
    },
    "2020-03-31": {
        "Diluted EPS": -0.32,
        "Total Revenue": 19,
        "Gross Profit": 14,
        "Operating Income": -9,
        "EBIT": -9,
        "Net Income": -10
    },
    "2019-12-31": {
        "Diluted EPS": 18.52,
        "Total Revenue": 19,
        "Gross Profit": 14,
        "Operating Income": -8,
        "EBIT": -7,
        "Net Income": -8
    },
    "2019-09-30": {
        "Diluted EPS": -0.26,
        "Total Revenue": 17,
        "Gross Profit": 13,
        "Operating Income": -7,
        "EBIT": -7,
        "Net Income": -8
    },
    "2019-06-30": {
        "Diluted EPS": -0.42,
        "Total Revenue": 15,
        "Gross Profit": 11,
        "Operating Income": -6,
        "EBIT": -6,
        "Net Income": -12
    },
    "2019-03-31": {
        "Diluted EPS": -20.12,
        "Total Revenue": 13,
        "Gross Profit": 9,
        "Operating Income": -7,
        "EBIT": -7,
        "Net Income": -24
    },
    "2018-12-31": {
        "Diluted EPS": -15.2,
        "Total Revenue": 11,
        "Gross Profit": 8,
        "Operating Income": -7,
        "EBIT": -7,
        "Net Income": -16
    },
    "2018-09-30": {
        "Diluted EPS": -8.49,
        "Total Revenue": 10,
        "Gross Profit": 7,
        "Operating Income": -5,
        "EBIT": -4,
        "Net Income": -9
    },
    "2018-06-30": {
        "Diluted EPS": -8.16,
        "Total Revenue": 8,
        "Gross Profit": 5,
        "Operating Income": -5,
        "EBIT": -5,
        "Net Income": -8
    },
    "2018-03-31": {
        "Diluted EPS": -7.31,
        "Total Revenue": 6,
        "Gross Profit": 4,
        "Operating Income": -5,
        "EBIT": -5,
        "Net Income": -5
    },
    "2017-12-31": {
        "Diluted EPS": 0.0,
        "Total Revenue": NaN,
        "Gross Profit": NaN,
        "Operating Income": NaN,
        "EBIT": NaN,
        "Net Income": NaN
    },
    "2023-09-30": {
        "Tax Effect Of Unusual Items": 0.0,
        "Tax Rate For Calcs": 0.0,
        "Normalized EBITDA": -10131000.0,
        "Total Unusual Items": 0.0,
        "Total Unusual Items Excluding Goodwill": 0.0,
        "Net Income From Continuing Operation Net Minority Interest": -12788000.0,
        "Reconciled Depreciation": 925000.0,
        "Reconciled Cost Of Revenue": 12050000.0,
        "EBITDA": -10131000.0,
        "EBIT": -11056000.0,
        "Net Interest Income": 885000.0,
        "Interest Expense": 1732000.0,
        "Interest Income": 2617000.0,
        "Normalized Income": -12788000.0,
        "Net Income From Continuing And Discontinued Operation": -12788000.0,
        "Total Expenses": 58106000.0,
        "Total Operating Income As Reported": -13671000.0,
        "Diluted Average Shares": 38865011.0,
        "Basic Average Shares": 38865011.0,
        "Diluted EPS": -0.33,
        "Basic EPS": -0.33,
        "Diluted NI Availto Com Stockholders": -12788000.0,
        "Net Income Common Stockholders": -12788000.0,
        "Net Income": -12788000.0,
        "Net Income Including Noncontrolling Interests": -12788000.0,
        "Net Income Continuous Operations": -12788000.0,
        "Pretax Income": -12788000.0,
        "Other Income Expense": -2000.0,
        "Other Non Operating Income Expenses": -2000.0,
        "Special Income Charges": 0.0,
        "Other Special Charges": NaN,
        "Net Non Operating Interest Income Expense": 885000.0,
        "Interest Expense Non Operating": 1732000.0,
        "Interest Income Non Operating": 2617000.0,
        "Operating Income": -13671000.0,
        "Operating Expense": 46056000.0,
        "Research And Development": 10047000.0,
        "Selling General And Administration": 36009000.0,
        "Gross Profit": 32385000.0,
        "Cost Of Revenue": 12050000.0,
        "Total Revenue": 44435000.0,
        "Operating Revenue": 44435000.0
    },
    "2023-12-31": {
        "Tax Effect Of Unusual Items": 0.0,
        "Tax Rate For Calcs": 0.0,
        "Normalized EBITDA": -10346000.0,
        "Total Unusual Items": 0.0,
        "Total Unusual Items Excluding Goodwill": 0.0,
        "Net Income From Continuing Operation Net Minority Interest": -13011000.0,
        "Reconciled Depreciation": 931000.0,
        "Reconciled Cost Of Revenue": 12468000.0,
        "EBITDA": -10346000.0,
        "EBIT": -11277000.0,
        "Net Interest Income": 884000.0,
        "Interest Expense": 1734000.0,
        "Interest Income": 2618000.0,
        "Normalized Income": -13011000.0,
        "Net Income From Continuing And Discontinued Operation": -13011000.0,
        "Total Expenses": 61642000.0,
        "Total Operating Income As Reported": -14372000.0,
        "Diluted Average Shares": NaN,
        "Basic Average Shares": NaN,
        "Diluted EPS": NaN,
        "Basic EPS": NaN,
        "Diluted NI Availto Com Stockholders": -13011000.0,
        "Net Income Common Stockholders": -13011000.0,
        "Net Income": -13011000.0,
        "Net Income Including Noncontrolling Interests": -13011000.0,
        "Net Income Continuous Operations": -13011000.0,
        "Pretax Income": -13011000.0,
        "Other Income Expense": 477000.0,
        "Other Non Operating Income Expenses": 477000.0,
        "Special Income Charges": 0.0,
        "Other Special Charges": NaN,
        "Net Non Operating Interest Income Expense": 884000.0,
        "Interest Expense Non Operating": 1734000.0,
        "Interest Income Non Operating": 2618000.0,
        "Operating Income": -14372000.0,
        "Operating Expense": 49174000.0,
        "Research And Development": 10064000.0,
        "Selling General And Administration": 39110000.0,
        "Gross Profit": 34802000.0,
        "Cost Of Revenue": 12468000.0,
        "Total Revenue": 47270000.0,
        "Operating Revenue": 47270000.0
    },
    "2024-03-31": {
        "Tax Effect Of Unusual Items": 0.0,
        "Tax Rate For Calcs": 0.0,
        "Normalized EBITDA": -11490000.0,
        "Total Unusual Items": NaN,
        "Total Unusual Items Excluding Goodwill": NaN,
        "Net Income From Continuing Operation Net Minority Interest": -14136000.0,
        "Reconciled Depreciation": 925000.0,
        "Reconciled Cost Of Revenue": 11983000.0,
        "EBITDA": -11490000.0,
        "EBIT": -12415000.0,
        "Net Interest Income": 750000.0,
        "Interest Expense": 1721000.0,
        "Interest Income": 2471000.0,
        "Normalized Income": -14136000.0,
        "Net Income From Continuing And Discontinued Operation": -14136000.0,
        "Total Expenses": 63418000.0,
        "Total Operating Income As Reported": -14934000.0,
        "Diluted Average Shares": 39261496.0,
        "Basic Average Shares": 39261496.0,
        "Diluted EPS": -0.36,
        "Basic EPS": -0.36,
        "Diluted NI Availto Com Stockholders": -14136000.0,
        "Net Income Common Stockholders": -14136000.0,
        "Net Income": -14136000.0,
        "Net Income Including Noncontrolling Interests": -14136000.0,
        "Net Income Continuous Operations": -14136000.0,
        "Pretax Income": -14136000.0,
        "Other Income Expense": 48000.0,
        "Other Non Operating Income Expenses": 48000.0,
        "Special Income Charges": NaN,
        "Other Special Charges": NaN,
        "Net Non Operating Interest Income Expense": 750000.0,
        "Interest Expense Non Operating": 1721000.0,
        "Interest Income Non Operating": 2471000.0,
        "Operating Income": -14934000.0,
        "Operating Expense": 51435000.0,
        "Research And Development": 10660000.0,
        "Selling General And Administration": 40775000.0,
        "Gross Profit": 36501000.0,
        "Cost Of Revenue": 11983000.0,
        "Total Revenue": 48484000.0,
        "Operating Revenue": 48484000.0
    },
    "2024-06-30": {
        "Tax Effect Of Unusual Items": 0.0,
        "Tax Rate For Calcs": 0.0,
        "Normalized EBITDA": -13925000.0,
        "Total Unusual Items": NaN,
        "Total Unusual Items Excluding Goodwill": NaN,
        "Net Income From Continuing Operation Net Minority Interest": -16603000.0,
        "Reconciled Depreciation": 953000.0,
        "Reconciled Cost Of Revenue": 12736000.0,
        "EBITDA": -13925000.0,
        "EBIT": -14878000.0,
        "Net Interest Income": 596000.0,
        "Interest Expense": 1725000.0,
        "Interest Income": 2321000.0,
        "Normalized Income": -16603000.0,
        "Net Income From Continuing And Discontinued Operation": -16603000.0,
        "Total Expenses": 68437000.0,
        "Total Operating Income As Reported": -17195000.0,
        "Diluted Average Shares": 39620888.0,
        "Basic Average Shares": 39620888.0,
        "Diluted EPS": -0.42,
        "Basic EPS": -0.42,
        "Diluted NI Availto Com Stockholders": -16603000.0,
        "Net Income Common Stockholders": -16603000.0,
        "Net Income": -16603000.0,
        "Net Income Including Noncontrolling Interests": -16603000.0,
        "Net Income Continuous Operations": -16603000.0,
        "Pretax Income": -16603000.0,
        "Other Income Expense": -4000.0,
        "Other Non Operating Income Expenses": -4000.0,
        "Special Income Charges": NaN,
        "Other Special Charges": NaN,
        "Net Non Operating Interest Income Expense": 596000.0,
        "Interest Expense Non Operating": 1725000.0,
        "Interest Income Non Operating": 2321000.0,
        "Operating Income": -17195000.0,
        "Operating Expense": 55701000.0,
        "Research And Development": 11883000.0,
        "Selling General And Administration": 43818000.0,
        "Gross Profit": 38506000.0,
        "Cost Of Revenue": 12736000.0,
        "Total Revenue": 51242000.0,
        "Operating Revenue": 51242000.0
    }
}