{
    "2023-06-30": {
        "Tax Effect Of Unusual Items": NaN,
        "Tax Rate For Calcs": NaN,
        "Normalized EBITDA": NaN,
        "Total Unusual Items": NaN,
        "Total Unusual Items Excluding Goodwill": NaN,
        "Net Income From Continuing Operation Net Minority Interest": NaN,
        "Reconciled Depreciation": NaN,
        "Reconciled Cost Of Revenue": NaN,
        "EBITDA": NaN,
        "EBIT": NaN,
        "Net Interest Income": NaN,
        "Interest Income": 2736000.0,
        "Normalized Income": NaN,
        "Net Income From Continuing And Discontinued Operation": NaN,
        "Total Expenses": NaN,
        "Total Operating Income As Reported": NaN,
        "Diluted Average Shares": 33438000.0,
        "Basic Average Shares": 33409000.0,
        "Diluted EPS": 0.33,
        "Basic EPS": 0.33,
        "Diluted NI Availto Com Stockholders": NaN,
        "Net Income Common Stockholders": NaN,
        "Net Income": NaN,
        "Net Income Including Noncontrolling Interests": NaN,
        "Net Income Continuous Operations": NaN,
        "Tax Provision": NaN,
        "Pretax Income": NaN,
        "Other Income Expense": NaN,
        "Special Income Charges": NaN,
        "Other Special Charges": NaN,
        "Gain On Sale Of Security": NaN,
        "Net Non Operating Interest Income Expense": NaN,
        "Total Other Finance Cost": NaN,
        "Interest Income Non Operating": 2736000.0,
        "Operating Income": NaN,
        "Operating Expense": NaN,
        "Research And Development": NaN,
        "Selling General And Administration": NaN,
        "Selling And Marketing Expense": NaN,
        "General And Administrative Expense": NaN,
        "Other Gand A": NaN,
        "Gross Profit": NaN,
        "Cost Of Revenue": NaN,
        "Total Revenue": NaN,
        "Operating Revenue": NaN
    },
    "2023-03-31": {
        "Tax Effect Of Unusual Items": NaN,
        "Tax Rate For Calcs": NaN,
        "Normalized EBITDA": NaN,
        "Total Unusual Items": NaN,
        "Total Unusual Items Excluding Goodwill": NaN,
        "Net Income From Continuing Operation Net Minority Interest": NaN,
        "Reconciled Depreciation": NaN,
        "Reconciled Cost Of Revenue": NaN,
        "EBITDA": NaN,
        "EBIT": NaN,
        "Net Interest Income": NaN,
        "Interest Income": NaN,
        "Normalized Income": NaN,
        "Net Income From Continuing And Discontinued Operation": NaN,
        "Total Expenses": NaN,
        "Total Operating Income As Reported": NaN,
        "Diluted Average Shares": NaN,
        "Basic Average Shares": NaN,
        "Diluted EPS": NaN,
        "Basic EPS": NaN,
        "Diluted NI Availto Com Stockholders": NaN,
        "Net Income Common Stockholders": NaN,
        "Net Income": NaN,
        "Net Income Including Noncontrolling Interests": NaN,
        "Net Income Continuous Operations": NaN,
        "Tax Provision": NaN,
        "Pretax Income": NaN,
        "Other Income Expense": NaN,
        "Special Income Charges": NaN,
        "Other Special Charges": NaN,
        "Gain On Sale Of Security": NaN,
        "Net Non Operating Interest Income Expense": NaN,
        "Total Other Finance Cost": -1810000.0,
        "Interest Income Non Operating": NaN,
        "Operating Income": NaN,
        "Operating Expense": NaN,
        "Research And Development": NaN,
        "Selling General And Administration": NaN,
        "Selling And Marketing Expense": NaN,
        "General And Administrative Expense": NaN,
        "Other Gand A": NaN,
        "Gross Profit": NaN,
        "Cost Of Revenue": NaN,
        "Total Revenue": NaN,
        "Operating Revenue": NaN
    },
    "2022-12-31": {
        "Tax Effect Of Unusual Items": NaN,
        "Tax Rate For Calcs": NaN,
        "Normalized EBITDA": NaN,
        "Total Unusual Items": NaN,
        "Total Unusual Items Excluding Goodwill": NaN,
        "Net Income From Continuing Operation Net Minority Interest": NaN,
        "Reconciled Depreciation": NaN,
        "Reconciled Cost Of Revenue": NaN,
        "EBITDA": NaN,
        "EBIT": NaN,
        "Net Interest Income": NaN,
        "Interest Income": NaN,
        "Normalized Income": NaN,
        "Net Income From Continuing And Discontinued Operation": NaN,
        "Total Expenses": NaN,
        "Total Operating Income As Reported": NaN,
        "Diluted Average Shares": NaN,
        "Basic Average Shares": NaN,
        "Diluted EPS": NaN,
        "Basic EPS": NaN,
        "Diluted NI Availto Com Stockholders": NaN,
        "Net Income Common Stockholders": NaN,
        "Net Income": NaN,
        "Net Income Including Noncontrolling Interests": NaN,
        "Net Income Continuous Operations": NaN,
        "Tax Provision": NaN,
        "Pretax Income": NaN,
        "Other Income Expense": NaN,
        "Other Non Operating Income Expenses": 0.0,
        "Special Income Charges": NaN,
        "Other Special Charges": -10000.0,
        "Gain On Sale Of Security": NaN,
        "Net Non Operating Interest Income Expense": NaN,
        "Total Other Finance Cost": NaN,
        "Interest Income Non Operating": NaN,
        "Operating Income": NaN,
        "Operating Expense": NaN,
        "Research And Development": NaN,
        "Selling General And Administration": NaN,
        "Selling And Marketing Expense": NaN,
        "General And Administrative Expense": NaN,
        "Other Gand A": NaN,
        "Gross Profit": NaN,
        "Cost Of Revenue": NaN,
        "Total Revenue": NaN,
        "Operating Revenue": NaN
    },
    "2022-09-30": {
        "Tax Effect Of Unusual Items": NaN,
        "Tax Rate For Calcs": NaN,
        "Normalized EBITDA": NaN,
        "Total Unusual Items": NaN,
        "Total Unusual Items Excluding Goodwill": NaN,
        "Net Income From Continuing Operation Net Minority Interest": NaN,
        "Reconciled Depreciation": NaN,
        "Reconciled Cost Of Revenue": NaN,
        "EBITDA": NaN,
        "EBIT": NaN,
        "Net Interest Income": NaN,
        "Interest Income": NaN,
        "Normalized Income": NaN,
        "Net Income From Continuing And Discontinued Operation": NaN,
        "Total Expenses": NaN,
        "Total Operating Income As Reported": NaN,
        "Diluted Average Shares": NaN,
        "Basic Average Shares": NaN,
        "Diluted EPS": NaN,
        "Basic EPS": NaN,
        "Diluted NI Availto Com Stockholders": NaN,
        "Net Income Common Stockholders": NaN,
        "Net Income": NaN,
        "Net Income Including Noncontrolling Interests": NaN,
        "Net Income Continuous Operations": NaN,
        "Tax Provision": NaN,
        "Pretax Income": NaN,
        "Other Income Expense": NaN,
        "Other Non Operating Income Expenses": NaN,
        "Special Income Charges": NaN,
        "Other Special Charges": -300000.0,
        "Gain On Sale Of Security": NaN,
        "Net Non Operating Interest Income Expense": NaN,
        "Total Other Finance Cost": -750000.0,
        "Interest Income Non Operating": NaN,
        "Operating Income": NaN,
        "Operating Expense": NaN,
        "Research And Development": NaN,
        "Selling General And Administration": NaN,
        "Selling And Marketing Expense": NaN,
        "General And Administrative Expense": NaN,
        "Other Gand A": NaN,
        "Gross Profit": NaN,
        "Cost Of Revenue": NaN,
        "Total Revenue": NaN,
        "Operating Revenue": NaN
    },
    "2022-06-30": {
        "Tax Effect Of Unusual Items": -606727.370195,
        "Tax Rate For Calcs": 0.20994,
        "Normalized EBITDA": 75382000.0,
        "Total Unusual Items": -2890000.0,
        "Total Unusual Items Excluding Goodwill": -2890000.0,
        "Net Income From Continuing Operation Net Minority Interest": 51583000.0,
        "Reconciled Depreciation": 4677000.0,
        "Reconciled Cost Of Revenue": 118742000.0,
        "EBITDA": 72492000.0,
        "EBIT": 67815000.0,
        "Net Interest Income": 365000.0,
        "Interest Income": 365000.0,
        "Normalized Income": 53866272.629805,
        "Net Income From Continuing And Discontinued Operation": 51583000.0,
        "Total Expenses": 184558000.0,
        "Total Operating Income As Reported": 67115000.0,
        "Diluted Average Shares": 33194000.0,
        "Basic Average Shares": 33117000.0,
        "Diluted EPS": 1.55,
        "Basic EPS": 1.56,
        "Diluted NI Availto Com Stockholders": 51583000.0,
        "Net Income Common Stockholders": 51583000.0,
        "Net Income": 51583000.0,
        "Net Income Including Noncontrolling Interests": 51583000.0,
        "Net Income Continuous Operations": 51583000.0,
        "Tax Provision": 13707000.0,
        "Pretax Income": 65290000.0,
        "Other Income Expense": -2890000.0,
        "Other Non Operating Income Expenses": NaN,
        "Special Income Charges": -700000.0,
        "Other Special Charges": 700000.0,
        "Gain On Sale Of Security": -2190000.0,
        "Net Non Operating Interest Income Expense": 365000.0,
        "Total Other Finance Cost": NaN,
        "Interest Income Non Operating": 365000.0,
        "Operating Income": 67815000.0,
        "Operating Expense": 65816000.0,
        "Research And Development": 43256000.0,
        "Selling General And Administration": 22560000.0,
        "Selling And Marketing Expense": 8931000.0,
        "General And Administrative Expense": 13629000.0,
        "Other Gand A": 13629000.0,
        "Gross Profit": 133631000.0,
        "Cost Of Revenue": 118742000.0,
        "Total Revenue": 252373000.0,
        "Operating Revenue": 252373000.0
    },
    "2022-03-31": {
        "Diluted EPS": 1.6,
        "Total Revenue": 242,
        "Gross Profit": 126,
        "Operating Income": 66,
        "EBIT": 71,
        "Net Income": 55
    },
    "2021-12-31": {
        "Diluted EPS": 1.74,
        "Total Revenue": 264,
        "Gross Profit": 131,
        "Operating Income": 72,
        "EBIT": 77,
        "Net Income": 61
    },
    "2021-09-30": {
        "Diluted EPS": 1.58,
        "Total Revenue": 254,
        "Gross Profit": 127,
        "Operating Income": 69,
        "EBIT": 73,
        "Net Income": 55
    },
    "2021-06-30": {
        "Diluted EPS": 1.42,
        "Total Revenue": 221,
        "Gross Profit": 111,
        "Operating Income": 60,
        "EBIT": 64,
        "Net Income": 50
    },
    "2021-03-31": {
        "Diluted EPS": 0.98,
        "Total Revenue": 182,
        "Gross Profit": 91,
        "Operating Income": 44,
        "EBIT": 48,
        "Net Income": 34
    },
    "2020-12-31": {
        "Diluted EPS": 0.04,
        "Total Revenue": 144,
        "Gross Profit": 66,
        "Operating Income": 0,
        "EBIT": 4,
        "Net Income": 1
    },
    "2020-09-30": {
        "Diluted EPS": 0.7,
        "Total Revenue": 126,
        "Gross Profit": 62,
        "Operating Income": 26,
        "EBIT": 29,
        "Net Income": 24
    },
    "2020-06-30": {
        "Diluted EPS": 0.8,
        "Total Revenue": 137,
        "Gross Profit": 68,
        "Operating Income": 30,
        "EBIT": 34,
        "Net Income": 28
    },
    "2020-03-31": {
        "Diluted EPS": 0.74,
        "Total Revenue": 133,
        "Gross Profit": 64,
        "Operating Income": 24,
        "EBIT": 27,
        "Net Income": 26
    },
    "2019-12-31": {
        "Diluted EPS": 0.72,
        "Total Revenue": 153,
        "Gross Profit": 74,
        "Operating Income": 27,
        "EBIT": 31,
        "Net Income": 25
    },
    "2019-09-30": {
        "Diluted EPS": 0.12,
        "Total Revenue": 111,
        "Gross Profit": 55,
        "Operating Income": 5,
        "EBIT": 8,
        "Net Income": 4
    },
    "2019-06-30": {
        "Diluted EPS": 0.75,
        "Total Revenue": 99,
        "Gross Profit": 46,
        "Operating Income": 12,
        "EBIT": 15,
        "Net Income": 26
    },
    "2019-03-31": {
        "Diluted EPS": 0.23,
        "Total Revenue": 95,
        "Gross Profit": 48,
        "Operating Income": 8,
        "EBIT": 12,
        "Net Income": 8
    },
    "2018-12-31": {
        "Diluted EPS": 0.41,
        "Total Revenue": 123,
        "Gross Profit": 62,
        "Operating Income": 14,
        "EBIT": 14,
        "Net Income": 15
    },
    "2018-09-30": {
        "Diluted EPS": 0.81,
        "Total Revenue": 139,
        "Gross Profit": 71,
        "Operating Income": 32,
        "EBIT": 32,
        "Net Income": 29
    },
    "2018-06-30": {
        "Diluted EPS": 0.85,
        "Total Revenue": 138,
        "Gross Profit": 66,
        "Operating Income": 34,
        "EBIT": 34,
        "Net Income": 31
    },
    "2018-03-31": {
        "Diluted EPS": 0.64,
        "Total Revenue": 130,
        "Gross Profit": 63,
        "Operating Income": 25,
        "EBIT": 25,
        "Net Income": 23
    },
    "2017-12-31": {
        "Diluted EPS": 0.28,
        "Total Revenue": 136,
        "Gross Profit": 63,
        "Operating Income": 14,
        "EBIT": 14,
        "Net Income": 10
    },
    "2017-09-30": {
        "Diluted EPS": 0.49,
        "Total Revenue": 127,
        "Gross Profit": 58,
        "Operating Income": 22,
        "EBIT": 22,
        "Net Income": 18
    },
    "2017-06-30": {
        "Diluted EPS": 0.67,
        "Total Revenue": 133,
        "Gross Profit": 65,
        "Operating Income": 30,
        "EBIT": 30,
        "Net Income": 24
    },
    "2017-03-31": {
        "Diluted EPS": 0.65,
        "Total Revenue": 127,
        "Gross Profit": 65,
        "Operating Income": 30,
        "EBIT": 30,
        "Net Income": 24
    },
    "2016-12-31": {
        "Diluted EPS": 0.73,
        "Total Revenue": 144,
        "Gross Profit": 72,
        "Operating Income": 35,
        "EBIT": 35,
        "Net Income": 26
    },
    "2016-09-30": {
        "Diluted EPS": 0.92,
        "Total Revenue": 159,
        "Gross Profit": 77,
        "Operating Income": 39,
        "EBIT": 39,
        "Net Income": 33
    },
    "2016-06-30": {
        "Diluted EPS": 0.82,
        "Total Revenue": 141,
        "Gross Profit": 68,
        "Operating Income": 36,
        "EBIT": 36,
        "Net Income": 29
    },
    "2016-03-31": {
        "Diluted EPS": 0.65,
        "Total Revenue": 113,
        "Gross Profit": 57,
        "Operating Income": 28,
        "EBIT": 28,
        "Net Income": 23
    },
    "2015-12-31": {
        "Diluted EPS": 0.38,
        "Total Revenue": 98,
        "Gross Profit": 49,
        "Operating Income": 18,
        "EBIT": 18,
        "Net Income": 13
    },
    "2015-09-30": {
        "Diluted EPS": 0.38,
        "Total Revenue": 95,
        "Gross Profit": 49,
        "Operating Income": 19,
        "Net Income": 13
    },
    "2015-06-30": {
        "Diluted EPS": 0.53,
        "Total Revenue": 87,
        "Gross Profit": 44,
        "Operating Income": 21,
        "EBIT": 21,
        "Net Income": 18
    },
    "2015-03-31": {
        "Diluted EPS": 0.44,
        "Total Revenue": 81,
        "Gross Profit": 42,
        "Operating Income": 18,
        "EBIT": 18,
        "Net Income": 15
    },
    "2014-12-31": {
        "Diluted EPS": 0.35,
        "Total Revenue": 81,
        "Gross Profit": 42,
        "Operating Income": 17,
        "EBIT": 17,
        "Net Income": 12
    },
    "2014-09-30": {
        "Diluted EPS": 0.41,
        "Total Revenue": 69,
        "Gross Profit": 29,
        "Operating Income": 2,
        "EBIT": 2,
        "Net Income": 14
    },
    "2014-06-30": {
        "Diluted EPS": 0.41,
        "Total Revenue": 69,
        "Gross Profit": 36,
        "Operating Income": 16,
        "EBIT": 16,
        "Net Income": 14
    },
    "2014-03-31": {
        "Diluted EPS": 0.11,
        "Total Revenue": 53,
        "Gross Profit": 26,
        "Operating Income": 8,
        "EBIT": 8,
        "Net Income": 4
    },
    "2013-12-31": {
        "Diluted EPS": 0.16,
        "Total Revenue": 52,
        "Gross Profit": 25,
        "Operating Income": 7,
        "EBIT": 7,
        "Net Income": 5
    },
    "2013-09-30": {
        "Diluted EPS": 0.29,
        "Total Revenue": 57,
        "Gross Profit": 28,
        "Operating Income": 11,
        "EBIT": 11,
        "Net Income": 10
    },
    "2013-06-30": {
        "Diluted EPS": 0.22,
        "Total Revenue": 58,
        "Gross Profit": 28,
        "Operating Income": 10,
        "EBIT": 10,
        "Net Income": 8
    },
    "2013-03-31": {
        "Diluted EPS": 0.14,
        "Total Revenue": 57,
        "Gross Profit": 25,
        "Operating Income": 7,
        "EBIT": 7,
        "Net Income": 5
    },
    "2012-12-31": {
        "Diluted EPS": 0.23,
        "Total Revenue": 71,
        "Gross Profit": 30,
        "Operating Income": 9,
        "EBIT": 9,
        "Net Income": 8
    },
    "2012-09-30": {
        "Diluted EPS": 0.46,
        "Total Revenue": 77,
        "Gross Profit": 36,
        "Operating Income": 17,
        "EBIT": 17,
        "Net Income": 16
    },
    "2012-06-30": {
        "Diluted EPS": 0.32,
        "Total Revenue": 70,
        "Gross Profit": 34,
        "Operating Income": 14,
        "EBIT": 14,
        "Net Income": 11
    },
    "2012-03-31": {
        "Diluted EPS": 0.39,
        "Total Revenue": 64,
        "Gross Profit": 32,
        "Operating Income": 13,
        "EBIT": 13,
        "Net Income": 13
    },
    "2011-12-31": {
        "Diluted EPS": 0.37,
        "Total Revenue": 67,
        "Gross Profit": 33,
        "Operating Income": 14,
        "EBIT": 14,
        "Net Income": 12
    },
    "2011-09-30": {
        "Diluted EPS": 0.56,
        "Total Revenue": 63,
        "Gross Profit": 31,
        "Operating Income": 14,
        "EBIT": 14,
        "Net Income": 18
    },
    "2011-06-30": {
        "Diluted EPS": 0.14,
        "Total Revenue": 51,
        "Gross Profit": 24,
        "Operating Income": 8,
        "EBIT": 8,
        "Net Income": 5
    },
    "2011-03-31": {
        "Diluted EPS": 0.21,
        "Total Revenue": 43,
        "Gross Profit": 20,
        "Operating Income": 5,
        "EBIT": 5,
        "Net Income": 6
    },
    "2010-12-31": {
        "Diluted EPS": -0.19,
        "Total Revenue": 40,
        "Gross Profit": 18,
        "Operating Income": 5,
        "EBIT": 5,
        "Net Income": -5
    },
    "2010-09-30": {
        "Diluted EPS": 0.01,
        "Total Revenue": 34,
        "Gross Profit": 17,
        "Operating Income": 1,
        "EBIT": 1,
        "Net Income": 0
    },
    "2010-06-30": {
        "Diluted EPS": 0.07,
        "Total Revenue": 32,
        "Gross Profit": 15,
        "Operating Income": 0,
        "EBIT": 0,
        "Net Income": 2
    },
    "2010-03-31": {
        "Diluted EPS": -0.08,
        "Total Revenue": 26,
        "Gross Profit": 12,
        "Operating Income": -1,
        "EBIT": -1,
        "Net Income": -2
    },
    "2009-12-31": {
        "Diluted EPS": -0.62,
        "Total Revenue": 23,
        "Gross Profit": 9,
        "Operating Income": -13,
        "EBIT": -13,
        "Net Income": -17
    },
    "2009-09-30": {
        "Diluted EPS": -0.16,
        "Total Revenue": 23,
        "Gross Profit": 11,
        "Operating Income": -4,
        "EBIT": -4,
        "Net Income": -5
    },
    "2009-06-30": {
        "Diluted EPS": -0.22,
        "Total Revenue": 20,
        "Gross Profit": 10,
        "Operating Income": -5,
        "EBIT": -5,
        "Net Income": -6
    },
    "2009-03-31": {
        "Diluted EPS": -0.05,
        "Total Revenue": 22,
        "Gross Profit": 9,
        "Operating Income": -4,
        "EBIT": -4,
        "Net Income": -1
    },
    "2023-09-30": {
        "Tax Effect Of Unusual Items": NaN,
        "Tax Rate For Calcs": NaN,
        "Normalized EBITDA": NaN,
        "Total Unusual Items": NaN,
        "Total Unusual Items Excluding Goodwill": NaN,
        "Net Income From Continuing Operation Net Minority Interest": NaN,
        "Reconciled Depreciation": NaN,
        "Reconciled Cost Of Revenue": NaN,
        "EBITDA": NaN,
        "EBIT": NaN,
        "Net Interest Income": NaN,
        "Interest Income": 3480000.0,
        "Normalized Income": NaN,
        "Net Income From Continuing And Discontinued Operation": NaN,
        "Total Expenses": NaN,
        "Total Operating Income As Reported": NaN,
        "Diluted Average Shares": NaN,
        "Basic Average Shares": NaN,
        "Diluted EPS": NaN,
        "Basic EPS": NaN,
        "Diluted NI Availto Com Stockholders": NaN,
        "Net Income Common Stockholders": NaN,
        "Net Income": NaN,
        "Net Income Including Noncontrolling Interests": NaN,
        "Net Income Continuous Operations": NaN,
        "Tax Provision": NaN,
        "Pretax Income": NaN,
        "Other Income Expense": NaN,
        "Special Income Charges": NaN,
        "Other Special Charges": 591000.0,
        "Gain On Sale Of Security": NaN,
        "Net Non Operating Interest Income Expense": NaN,
        "Total Other Finance Cost": NaN,
        "Interest Income Non Operating": 3480000.0,
        "Operating Income": NaN,
        "Operating Expense": NaN,
        "Research And Development": NaN,
        "Selling General And Administration": NaN,
        "Selling And Marketing Expense": NaN,
        "General And Administrative Expense": NaN,
        "Other Gand A": NaN,
        "Gross Profit": NaN,
        "Cost Of Revenue": NaN,
        "Total Revenue": NaN,
        "Operating Revenue": NaN
    },
    "2023-12-31": {
        "Tax Effect Of Unusual Items": NaN,
        "Tax Rate For Calcs": NaN,
        "Normalized EBITDA": NaN,
        "Total Unusual Items": NaN,
        "Total Unusual Items Excluding Goodwill": NaN,
        "Net Income From Continuing Operation Net Minority Interest": NaN,
        "Reconciled Depreciation": NaN,
        "Reconciled Cost Of Revenue": NaN,
        "EBITDA": NaN,
        "EBIT": NaN,
        "Net Interest Income": NaN,
        "Interest Income": 4220000.0,
        "Normalized Income": NaN,
        "Net Income From Continuing And Discontinued Operation": NaN,
        "Total Expenses": NaN,
        "Total Operating Income As Reported": NaN,
        "Diluted Average Shares": NaN,
        "Basic Average Shares": NaN,
        "Diluted EPS": NaN,
        "Basic EPS": NaN,
        "Diluted NI Availto Com Stockholders": NaN,
        "Net Income Common Stockholders": NaN,
        "Net Income": NaN,
        "Net Income Including Noncontrolling Interests": NaN,
        "Net Income Continuous Operations": NaN,
        "Tax Provision": NaN,
        "Pretax Income": NaN,
        "Other Income Expense": NaN,
        "Other Non Operating Income Expenses": NaN,
        "Special Income Charges": NaN,
        "Other Special Charges": 721000.0,
        "Gain On Sale Of Security": NaN,
        "Net Non Operating Interest Income Expense": NaN,
        "Total Other Finance Cost": NaN,
        "Interest Income Non Operating": 4220000.0,
        "Operating Income": NaN,
        "Operating Expense": NaN,
        "Research And Development": NaN,
        "Selling General And Administration": NaN,
        "Selling And Marketing Expense": NaN,
        "General And Administrative Expense": NaN,
        "Other Gand A": NaN,
        "Gross Profit": NaN,
        "Cost Of Revenue": NaN,
        "Total Revenue": NaN,
        "Operating Revenue": NaN
    },
    "2024-03-31": {
        "Tax Effect Of Unusual Items": NaN,
        "Tax Rate For Calcs": NaN,
        "Normalized EBITDA": NaN,
        "Total Unusual Items": NaN,
        "Total Unusual Items Excluding Goodwill": NaN,
        "Net Income From Continuing Operation Net Minority Interest": NaN,
        "Reconciled Depreciation": NaN,
        "Reconciled Cost Of Revenue": NaN,
        "EBITDA": NaN,
        "EBIT": NaN,
        "Net Interest Income": NaN,
        "Interest Income": NaN,
        "Normalized Income": NaN,
        "Net Income From Continuing And Discontinued Operation": NaN,
        "Total Expenses": NaN,
        "Total Operating Income As Reported": NaN,
        "Diluted Average Shares": NaN,
        "Basic Average Shares": NaN,
        "Diluted EPS": NaN,
        "Basic EPS": NaN,
        "Diluted NI Availto Com Stockholders": NaN,
        "Net Income Common Stockholders": NaN,
        "Net Income": NaN,
        "Net Income Including Noncontrolling Interests": NaN,
        "Net Income Continuous Operations": NaN,
        "Tax Provision": NaN,
        "Pretax Income": NaN,
        "Other Income Expense": NaN,
        "Other Non Operating Income Expenses": NaN,
        "Special Income Charges": 0.0,
        "Other Special Charges": NaN,
        "Gain On Sale Of Security": NaN,
        "Net Non Operating Interest Income Expense": NaN,
        "Total Other Finance Cost": -3066000.0,
        "Interest Income Non Operating": NaN,
        "Operating Income": NaN,
        "Operating Expense": NaN,
        "Research And Development": NaN,
        "Selling General And Administration": NaN,
        "Selling And Marketing Expense": NaN,
        "General And Administrative Expense": NaN,
        "Other Gand A": NaN,
        "Gross Profit": NaN,
        "Cost Of Revenue": NaN,
        "Total Revenue": NaN,
        "Operating Revenue": NaN
    },
    "2024-06-30": {
        "Tax Effect Of Unusual Items": 142370.752526,
        "Tax Rate For Calcs": 0.167495,
        "Normalized EBITDA": 36949000.0,
        "Total Unusual Items": 850000.0,
        "Total Unusual Items Excluding Goodwill": 850000.0,
        "Net Income From Continuing Operation Net Minority Interest": 30821000.0,
        "Reconciled Depreciation": 5802000.0,
        "Reconciled Cost Of Revenue": 113893000.0,
        "EBITDA": 37799000.0,
        "EBIT": 31997000.0,
        "Net Interest Income": 4175000.0,
        "Interest Income": 4175000.0,
        "Normalized Income": 30113370.752526,
        "Net Income From Continuing And Discontinued Operation": 30821000.0,
        "Total Expenses": 178673000.0,
        "Total Operating Income As Reported": 30747000.0,
        "Diluted Average Shares": 33697000.0,
        "Basic Average Shares": 33684000.0,
        "Diluted EPS": 0.91,
        "Basic EPS": 0.92,
        "Diluted NI Availto Com Stockholders": 30821000.0,
        "Net Income Common Stockholders": 30821000.0,
        "Net Income": 30821000.0,
        "Net Income Including Noncontrolling Interests": 30821000.0,
        "Net Income Continuous Operations": 30821000.0,
        "Tax Provision": 6201000.0,
        "Pretax Income": 37022000.0,
        "Other Income Expense": 850000.0,
        "Other Non Operating Income Expenses": NaN,
        "Special Income Charges": -1250000.0,
        "Other Special Charges": 1250000.0,
        "Gain On Sale Of Security": 2100000.0,
        "Net Non Operating Interest Income Expense": 4175000.0,
        "Total Other Finance Cost": NaN,
        "Interest Income Non Operating": 4175000.0,
        "Operating Income": 31997000.0,
        "Operating Expense": 64780000.0,
        "Research And Development": 50788000.0,
        "Selling General And Administration": 13992000.0,
        "Selling And Marketing Expense": 6777000.0,
        "General And Administrative Expense": 7215000.0,
        "Other Gand A": 7215000.0,
        "Gross Profit": 96777000.0,
        "Cost Of Revenue": 113893000.0,
        "Total Revenue": 210670000.0,
        "Operating Revenue": 210670000.0
    },
    "2024-09-30": {
        "Tax Effect Of Unusual Items": -245055.415055,
        "Tax Rate For Calcs": 0.224821,
        "Normalized EBITDA": 31352000.0,
        "Total Unusual Items": -1090000.0,
        "Total Unusual Items Excluding Goodwill": -1090000.0,
        "Net Income From Continuing Operation Net Minority Interest": 20843000.0,
        "Reconciled Depreciation": 5802000.0,
        "Reconciled Cost Of Revenue": 113142000.0,
        "EBITDA": 30262000.0,
        "EBIT": 24460000.0,
        "Net Interest Income": 3518000.0,
        "Interest Income": 3518000.0,
        "Normalized Income": 21687944.584945,
        "Net Income From Continuing And Discontinued Operation": 20843000.0,
        "Total Expenses": 187952000.0,
        "Total Operating Income As Reported": 24460000.0,
        "Diluted Average Shares": 33700000.0,
        "Basic Average Shares": 33687000.0,
        "Diluted EPS": 0.62,
        "Basic EPS": 0.62,
        "Diluted NI Availto Com Stockholders": 20843000.0,
        "Net Income Common Stockholders": 20843000.0,
        "Net Income": 20843000.0,
        "Net Income Including Noncontrolling Interests": 20843000.0,
        "Net Income Continuous Operations": 20843000.0,
        "Tax Provision": 6045000.0,
        "Pretax Income": 26888000.0,
        "Other Income Expense": -1090000.0,
        "Other Non Operating Income Expenses": NaN,
        "Special Income Charges": 0.0,
        "Other Special Charges": NaN,
        "Gain On Sale Of Security": -1090000.0,
        "Net Non Operating Interest Income Expense": 3518000.0,
        "Total Other Finance Cost": NaN,
        "Interest Income Non Operating": 3518000.0,
        "Operating Income": 24460000.0,
        "Operating Expense": 74810000.0,
        "Research And Development": 58486000.0,
        "Selling General And Administration": 16324000.0,
        "Selling And Marketing Expense": 7009000.0,
        "General And Administrative Expense": 9315000.0,
        "Other Gand A": 9315000.0,
        "Gross Profit": 99270000.0,
        "Cost Of Revenue": 113142000.0,
        "Total Revenue": 212412000.0,
        "Operating Revenue": 212412000.0
    },
    "2025-03-31": {
        "Tax Effect Of Unusual Items": 917250.0,
        "Tax Rate For Calcs": 0.25,
        "Normalized EBITDA": 13322000.0,
        "Total Unusual Items": 3669000.0,
        "Total Unusual Items Excluding Goodwill": 3669000.0,
        "Net Income From Continuing Operation Net Minority Interest": 19463000.0,
        "Reconciled Depreciation": 7225000.0,
        "Reconciled Cost Of Revenue": 88125000.0,
        "EBITDA": 16991000.0,
        "EBIT": 9766000.0,
        "Net Interest Income": 2929000.0,
        "Interest Income": NaN,
        "Normalized Income": 16711250.0,
        "Net Income From Continuing And Discontinued Operation": 19463000.0,
        "Total Expenses": 156726000.0,
        "Total Operating Income As Reported": 9766000.0,
        "Diluted Average Shares": 33827000.0,
        "Basic Average Shares": 33634000.0,
        "Diluted EPS": 0.56,
        "Basic EPS": 0.56,
        "Diluted NI Availto Com Stockholders": 19463000.0,
        "Net Income Common Stockholders": 19463000.0,
        "Net Income": 19463000.0,
        "Net Income Including Noncontrolling Interests": 19463000.0,
        "Net Income Continuous Operations": 19463000.0,
        "Tax Provision": -3099000.0,
        "Pretax Income": 16364000.0,
        "Other Income Expense": 3669000.0,
        "Other Non Operating Income Expenses": NaN,
        "Special Income Charges": NaN,
        "Other Special Charges": NaN,
        "Gain On Sale Of Security": 3669000.0,
        "Net Non Operating Interest Income Expense": 2929000.0,
        "Total Other Finance Cost": -2929000.0,
        "Interest Income Non Operating": NaN,
        "Operating Income": 9766000.0,
        "Operating Expense": 68601000.0,
        "Research And Development": 55026000.0,
        "Selling General And Administration": 13575000.0,
        "Selling And Marketing Expense": 7115000.0,
        "General And Administrative Expense": 6460000.0,
        "Other Gand A": 6460000.0,
        "Gross Profit": 78367000.0,
        "Cost Of Revenue": 88125000.0,
        "Total Revenue": 166492000.0,
        "Operating Revenue": 166492000.0
    },
    "2024-12-31": {
        "Tax Effect Of Unusual Items": 164739.309875,
        "Tax Rate For Calcs": 0.082287,
        "Normalized EBITDA": 38257000.0,
        "Total Unusual Items": 2002000.0,
        "Total Unusual Items Excluding Goodwill": 2002000.0,
        "Net Income From Continuing Operation Net Minority Interest": 21569000.0,
        "Reconciled Depreciation": 7256000.0,
        "Reconciled Cost Of Revenue": 103560000.0,
        "EBITDA": 40259000.0,
        "EBIT": 33003000.0,
        "Net Interest Income": 3768000.0,
        "Interest Income": 3768000.0,
        "Normalized Income": 19731739.309875,
        "Net Income From Continuing And Discontinued Operation": 21569000.0,
        "Total Expenses": 173427000.0,
        "Total Operating Income As Reported": 17733000.0,
        "Diluted Average Shares": 33814000.0,
        "Basic Average Shares": 33690000.0,
        "Diluted EPS": 0.68,
        "Basic EPS": 0.68,
        "Diluted NI Availto Com Stockholders": 21569000.0,
        "Net Income Common Stockholders": 21569000.0,
        "Net Income": 21569000.0,
        "Net Income Including Noncontrolling Interests": 21569000.0,
        "Net Income Continuous Operations": 21569000.0,
        "Tax Provision": 1934000.0,
        "Pretax Income": 23503000.0,
        "Other Income Expense": 2002000.0,
        "Other Non Operating Income Expenses": NaN,
        "Special Income Charges": 0.0,
        "Other Special Charges": 0.0,
        "Gain On Sale Of Security": 2002000.0,
        "Net Non Operating Interest Income Expense": 3768000.0,
        "Total Other Finance Cost": NaN,
        "Interest Income Non Operating": 3768000.0,
        "Operating Income": 17733000.0,
        "Operating Expense": 69867000.0,
        "Research And Development": 54156000.0,
        "Selling General And Administration": 15711000.0,
        "Selling And Marketing Expense": -11241000.0,
        "General And Administrative Expense": 26952000.0,
        "Other Gand A": -6271000.0,
        "Gross Profit": 87600000.0,
        "Cost Of Revenue": 103560000.0,
        "Total Revenue": 191160000.0,
        "Operating Revenue": 191160000.0
    },
    "2025-06-30": {
        "Tax Effect Of Unusual Items": -920142.919306,
        "Tax Rate For Calcs": 0.211381,
        "Normalized EBITDA": 34127000.0,
        "Total Unusual Items": -4353000.0,
        "Total Unusual Items Excluding Goodwill": -4353000.0,
        "Net Income From Continuing Operation Net Minority Interest": 16311000.0,
        "Reconciled Depreciation": 7445000.0,
        "Reconciled Cost Of Revenue": 103988000.0,
        "EBITDA": 29774000.0,
        "EBIT": 22329000.0,
        "Net Interest Income": 2706000.0,
        "Interest Income": 2706000.0,
        "Normalized Income": 19743857.080694,
        "Net Income From Continuing And Discontinued Operation": 16311000.0,
        "Total Expenses": 176346000.0,
        "Total Operating Income As Reported": 22329000.0,
        "Diluted Average Shares": 33562000.0,
        "Basic Average Shares": 33557000.0,
        "Diluted EPS": 0.49,
        "Basic EPS": 0.49,
        "Diluted NI Availto Com Stockholders": 16311000.0,
        "Net Income Common Stockholders": 16311000.0,
        "Net Income": 16311000.0,
        "Net Income Including Noncontrolling Interests": 16311000.0,
        "Net Income Continuous Operations": 16311000.0,
        "Tax Provision": 4372000.0,
        "Pretax Income": 20683000.0,
        "Other Income Expense": -4352000.0,
        "Other Non Operating Income Expenses": 1000.0,
        "Special Income Charges": 0.0,
        "Other Special Charges": NaN,
        "Gain On Sale Of Security": -4353000.0,
        "Net Non Operating Interest Income Expense": 2706000.0,
        "Total Other Finance Cost": NaN,
        "Interest Income Non Operating": 2706000.0,
        "Operating Income": 22329000.0,
        "Operating Expense": 72358000.0,
        "Research And Development": 58147000.0,
        "Selling General And Administration": 14211000.0,
        "Selling And Marketing Expense": 7093000.0,
        "General And Administrative Expense": 7118000.0,
        "Other Gand A": 7118000.0,
        "Gross Profit": 94687000.0,
        "Cost Of Revenue": 103988000.0,
        "Total Revenue": 198675000.0,
        "Operating Revenue": 198675000.0
    }
}