{
    "2023-03-31": {
        "Tax Effect Of Unusual Items": NaN,
        "Tax Rate For Calcs": NaN,
        "Normalized EBITDA": NaN,
        "Total Unusual Items": NaN,
        "Total Unusual Items Excluding Goodwill": NaN,
        "Net Income From Continuing Operation Net Minority Interest": NaN,
        "Reconciled Depreciation": NaN,
        "Reconciled Cost Of Revenue": NaN,
        "EBITDA": NaN,
        "EBIT": NaN,
        "Net Interest Income": NaN,
        "Interest Expense": NaN,
        "Normalized Income": NaN,
        "Net Income From Continuing And Discontinued Operation": NaN,
        "Total Expenses": NaN,
        "Total Operating Income As Reported": NaN,
        "Diluted Average Shares": NaN,
        "Basic Average Shares": NaN,
        "Diluted EPS": NaN,
        "Basic EPS": NaN,
        "Diluted NI Availto Com Stockholders": NaN,
        "Average Dilution Earnings": NaN,
        "Net Income Common Stockholders": NaN,
        "Net Income": NaN,
        "Minority Interests": NaN,
        "Net Income Including Noncontrolling Interests": NaN,
        "Net Income Continuous Operations": NaN,
        "Tax Provision": NaN,
        "Pretax Income": NaN,
        "Other Income Expense": NaN,
        "Other Non Operating Income Expenses": 3000000.0,
        "Special Income Charges": NaN,
        "Other Special Charges": NaN,
        "Impairment Of Capital Assets": 32000000.0,
        "Net Non Operating Interest Income Expense": NaN,
        "Interest Expense Non Operating": NaN,
        "Operating Income": NaN,
        "Operating Expense": NaN,
        "Depreciation Amortization Depletion Income Statement": NaN,
        "Depreciation And Amortization In Income Statement": NaN,
        "Amortization": NaN,
        "Amortization Of Intangibles Income Statement": NaN,
        "Depreciation Income Statement": NaN,
        "Research And Development": NaN,
        "Selling General And Administration": NaN,
        "Selling And Marketing Expense": NaN,
        "General And Administrative Expense": NaN,
        "Other Gand A": NaN,
        "Gross Profit": NaN,
        "Cost Of Revenue": NaN,
        "Total Revenue": NaN,
        "Operating Revenue": NaN
    },
    "2022-12-31": {
        "Tax Effect Of Unusual Items": NaN,
        "Tax Rate For Calcs": NaN,
        "Normalized EBITDA": NaN,
        "Total Unusual Items": NaN,
        "Total Unusual Items Excluding Goodwill": NaN,
        "Net Income From Continuing Operation Net Minority Interest": NaN,
        "Reconciled Depreciation": NaN,
        "Reconciled Cost Of Revenue": NaN,
        "EBITDA": NaN,
        "EBIT": NaN,
        "Net Interest Income": NaN,
        "Interest Expense": NaN,
        "Normalized Income": NaN,
        "Net Income From Continuing And Discontinued Operation": NaN,
        "Total Expenses": NaN,
        "Total Operating Income As Reported": NaN,
        "Diluted Average Shares": NaN,
        "Basic Average Shares": NaN,
        "Diluted EPS": NaN,
        "Basic EPS": NaN,
        "Diluted NI Availto Com Stockholders": NaN,
        "Average Dilution Earnings": NaN,
        "Net Income Common Stockholders": NaN,
        "Net Income": NaN,
        "Net Income Including Noncontrolling Interests": NaN,
        "Net Income Continuous Operations": NaN,
        "Tax Provision": NaN,
        "Pretax Income": NaN,
        "Other Income Expense": NaN,
        "Other Non Operating Income Expenses": -4000000.0,
        "Special Income Charges": NaN,
        "Impairment Of Capital Assets": -6000000.0,
        "Net Non Operating Interest Income Expense": NaN,
        "Interest Expense Non Operating": NaN,
        "Operating Income": NaN,
        "Operating Expense": NaN,
        "Depreciation Amortization Depletion Income Statement": NaN,
        "Depreciation And Amortization In Income Statement": NaN,
        "Amortization": NaN,
        "Amortization Of Intangibles Income Statement": NaN,
        "Depreciation Income Statement": NaN,
        "Research And Development": NaN,
        "Selling General And Administration": NaN,
        "Selling And Marketing Expense": NaN,
        "General And Administrative Expense": NaN,
        "Other Gand A": NaN,
        "Gross Profit": NaN,
        "Cost Of Revenue": NaN,
        "Total Revenue": NaN,
        "Operating Revenue": NaN
    },
    "2022-09-30": {
        "Tax Effect Of Unusual Items": NaN,
        "Tax Rate For Calcs": NaN,
        "Normalized EBITDA": NaN,
        "Total Unusual Items": NaN,
        "Total Unusual Items Excluding Goodwill": NaN,
        "Net Income From Continuing Operation Net Minority Interest": NaN,
        "Reconciled Depreciation": NaN,
        "Reconciled Cost Of Revenue": NaN,
        "EBITDA": NaN,
        "EBIT": NaN,
        "Net Interest Income": NaN,
        "Interest Expense": NaN,
        "Normalized Income": NaN,
        "Net Income From Continuing And Discontinued Operation": NaN,
        "Total Expenses": NaN,
        "Total Operating Income As Reported": NaN,
        "Diluted Average Shares": NaN,
        "Basic Average Shares": NaN,
        "Diluted EPS": NaN,
        "Basic EPS": NaN,
        "Diluted NI Availto Com Stockholders": NaN,
        "Average Dilution Earnings": NaN,
        "Net Income Common Stockholders": NaN,
        "Net Income": NaN,
        "Net Income Including Noncontrolling Interests": NaN,
        "Net Income Continuous Operations": NaN,
        "Tax Provision": NaN,
        "Pretax Income": NaN,
        "Other Income Expense": NaN,
        "Other Non Operating Income Expenses": -3000000.0,
        "Special Income Charges": NaN,
        "Impairment Of Capital Assets": NaN,
        "Net Non Operating Interest Income Expense": NaN,
        "Interest Expense Non Operating": NaN,
        "Operating Income": NaN,
        "Operating Expense": NaN,
        "Depreciation Amortization Depletion Income Statement": NaN,
        "Depreciation And Amortization In Income Statement": NaN,
        "Amortization": 39000000.0,
        "Amortization Of Intangibles Income Statement": 39000000.0,
        "Depreciation Income Statement": 95000000.0,
        "Research And Development": NaN,
        "Selling General And Administration": NaN,
        "Selling And Marketing Expense": NaN,
        "General And Administrative Expense": NaN,
        "Other Gand A": NaN,
        "Gross Profit": NaN,
        "Cost Of Revenue": NaN,
        "Total Revenue": NaN,
        "Operating Revenue": NaN
    },
    "2022-06-30": {
        "Tax Effect Of Unusual Items": -247000.0,
        "Tax Rate For Calcs": 0.247,
        "Normalized EBITDA": 637000000.0,
        "Total Unusual Items": -1000000.0,
        "Total Unusual Items Excluding Goodwill": -1000000.0,
        "Net Income From Continuing Operation Net Minority Interest": 292000000.0,
        "Reconciled Depreciation": 144000000.0,
        "Reconciled Cost Of Revenue": 1128000000.0,
        "EBITDA": 636000000.0,
        "EBIT": 492000000.0,
        "Net Interest Income": -104000000.0,
        "Interest Expense": 104000000.0,
        "Normalized Income": 292753000.0,
        "Net Income From Continuing And Discontinued Operation": 292000000.0,
        "Total Expenses": 1756000000.0,
        "Total Operating Income As Reported": 496000000.0,
        "Diluted Average Shares": 4005000000.0,
        "Basic Average Shares": 3928000000.0,
        "Diluted EPS": 0.07,
        "Basic EPS": 0.07,
        "Diluted NI Availto Com Stockholders": 293000000.0,
        "Average Dilution Earnings": 1000000.0,
        "Net Income Common Stockholders": 292000000.0,
        "Net Income": 292000000.0,
        "Net Income Including Noncontrolling Interests": 292000000.0,
        "Net Income Continuous Operations": 292000000.0,
        "Tax Provision": 96000000.0,
        "Pretax Income": 388000000.0,
        "Other Income Expense": -5000000.0,
        "Other Non Operating Income Expenses": -4000000.0,
        "Special Income Charges": -1000000.0,
        "Impairment Of Capital Assets": 1000000.0,
        "Net Non Operating Interest Income Expense": -104000000.0,
        "Interest Expense Non Operating": 104000000.0,
        "Operating Income": 497000000.0,
        "Operating Expense": 619000000.0,
        "Depreciation Amortization Depletion Income Statement": 135000000.0,
        "Depreciation And Amortization In Income Statement": 135000000.0,
        "Amortization": 39000000.0,
        "Amortization Of Intangibles Income Statement": 39000000.0,
        "Depreciation Income Statement": 96000000.0,
        "Research And Development": 72000000.0,
        "Selling General And Administration": 412000000.0,
        "Selling And Marketing Expense": 285000000.0,
        "General And Administrative Expense": 127000000.0,
        "Other Gand A": 127000000.0,
        "Gross Profit": 1116000000.0,
        "Cost Of Revenue": 1137000000.0,
        "Total Revenue": 2253000000.0,
        "Operating Revenue": 2216000000.0
    },
    "2023-06-30": {
        "Tax Effect Of Unusual Items": NaN,
        "Tax Rate For Calcs": NaN,
        "Normalized EBITDA": NaN,
        "Total Unusual Items": NaN,
        "Total Unusual Items Excluding Goodwill": NaN,
        "Net Income From Continuing Operation Net Minority Interest": NaN,
        "Reconciled Depreciation": NaN,
        "Reconciled Cost Of Revenue": NaN,
        "EBITDA": NaN,
        "EBIT": NaN,
        "Net Interest Income": NaN,
        "Interest Expense": NaN,
        "Normalized Income": NaN,
        "Net Income From Continuing And Discontinued Operation": NaN,
        "Total Expenses": NaN,
        "Total Operating Income As Reported": NaN,
        "Diluted Average Shares": NaN,
        "Basic Average Shares": NaN,
        "Diluted EPS": NaN,
        "Basic EPS": NaN,
        "Diluted NI Availto Com Stockholders": NaN,
        "Average Dilution Earnings": NaN,
        "Net Income Common Stockholders": NaN,
        "Net Income": NaN,
        "Minority Interests": NaN,
        "Net Income Including Noncontrolling Interests": NaN,
        "Net Income Continuous Operations": NaN,
        "Tax Provision": NaN,
        "Pretax Income": NaN,
        "Other Income Expense": NaN,
        "Other Non Operating Income Expenses": NaN,
        "Special Income Charges": NaN,
        "Other Special Charges": NaN,
        "Write Off": 18000000.0,
        "Impairment Of Capital Assets": 18000000.0,
        "Net Non Operating Interest Income Expense": NaN,
        "Interest Expense Non Operating": NaN,
        "Operating Income": NaN,
        "Operating Expense": NaN,
        "Depreciation Amortization Depletion Income Statement": NaN,
        "Depreciation And Amortization In Income Statement": NaN,
        "Amortization": 36000000.0,
        "Amortization Of Intangibles Income Statement": 36000000.0,
        "Depreciation Income Statement": 103000000.0,
        "Research And Development": NaN,
        "Selling General And Administration": NaN,
        "Selling And Marketing Expense": NaN,
        "General And Administrative Expense": NaN,
        "Other Gand A": NaN,
        "Gross Profit": NaN,
        "Cost Of Revenue": NaN,
        "Total Revenue": NaN,
        "Operating Revenue": NaN
    },
    "2022-03-31": {
        "Diluted EPS": 0.08,
        "Total Revenue": NaN,
        "Gross Profit": NaN,
        "Operating Income": 510,
        "EBIT": 657,
        "Net Income": 309
    },
    "2021-12-31": {
        "Diluted EPS": 0.09,
        "Total Revenue": NaN,
        "Gross Profit": NaN,
        "Operating Income": 475,
        "EBIT": 613,
        "Net Income": 319
    },
    "2021-09-30": {
        "Diluted EPS": 0.08,
        "Total Revenue": NaN,
        "Gross Profit": NaN,
        "Operating Income": 628,
        "EBIT": 782,
        "Net Income": 343
    },
    "2021-06-30": {
        "Diluted EPS": 0.1,
        "Total Revenue": NaN,
        "Gross Profit": NaN,
        "Operating Income": 658,
        "EBIT": 802,
        "Net Income": 433
    },
    "2021-03-31": {
        "Diluted EPS": 0.05,
        "Total Revenue": NaN,
        "Gross Profit": NaN,
        "Operating Income": 254,
        "EBIT": 401,
        "Net Income": 219
    },
    "2020-12-31": {
        "Diluted EPS": -0.15,
        "Total Revenue": NaN,
        "Gross Profit": NaN,
        "Operating Income": -503,
        "EBIT": -365,
        "Net Income": -677
    },
    "2020-09-30": {
        "Diluted EPS": 0.06,
        "Total Revenue": NaN,
        "Gross Profit": NaN,
        "Operating Income": 478,
        "EBIT": 616,
        "Net Income": 272
    },
    "2020-06-30": {
        "Diluted EPS": 0.05,
        "Total Revenue": NaN,
        "Gross Profit": NaN,
        "Operating Income": 415,
        "EBIT": 553,
        "Net Income": 243
    },
    "2020-03-31": {
        "Diluted EPS": 0.07,
        "Total Revenue": NaN,
        "Gross Profit": NaN,
        "Operating Income": 468,
        "EBIT": 613,
        "Net Income": 293
    },
    "2019-12-31": {
        "Diluted EPS": 0.06,
        "Total Revenue": NaN,
        "Gross Profit": NaN,
        "Operating Income": 399,
        "EBIT": 562,
        "Net Income": 243
    },
    "2019-09-30": {
        "Diluted EPS": 0.05,
        "Total Revenue": NaN,
        "Gross Profit": NaN,
        "Operating Income": 476,
        "EBIT": 609,
        "Net Income": 246
    },
    "2019-06-30": {
        "Diluted EPS": 0.06,
        "Total Revenue": NaN,
        "Gross Profit": NaN,
        "Operating Income": 439,
        "EBIT": 558,
        "Net Income": 263
    },
    "2019-03-31": {
        "Diluted EPS": 0.03,
        "Total Revenue": NaN,
        "Gross Profit": 996,
        "Operating Income": 333,
        "EBIT": 439,
        "Net Income": 162
    },
    "2018-12-31": {
        "Diluted EPS": 0.07,
        "Total Revenue": NaN,
        "Gross Profit": 924,
        "Operating Income": 459,
        "EBIT": 537,
        "Net Income": 251
    },
    "2018-09-30": {
        "Diluted EPS": 0.07,
        "Total Revenue": NaN,
        "Gross Profit": 902,
        "Operating Income": 483,
        "EBIT": 557,
        "Net Income": 343
    },
    "2018-06-30": {
        "Diluted EPS": 0.06,
        "Total Revenue": NaN,
        "Gross Profit": 795,
        "Operating Income": 362,
        "EBIT": 437,
        "Net Income": 293
    },
    "2018-03-31": {
        "Diluted EPS": 0.06,
        "Total Revenue": NaN,
        "Gross Profit": 841,
        "Operating Income": 423,
        "EBIT": 494,
        "Net Income": 289
    },
    "2017-12-31": {
        "Diluted EPS": 0.0,
        "Total Revenue": NaN,
        "Gross Profit": 832,
        "Operating Income": 397,
        "EBIT": 465,
        "Net Income": -37
    },
    "2017-09-30": {
        "Diluted EPS": 0.06,
        "Total Revenue": NaN,
        "Gross Profit": 861,
        "Operating Income": 434,
        "EBIT": 513,
        "Net Income": 276
    },
    "2017-06-30": {
        "Diluted EPS": 0.04,
        "Total Revenue": NaN,
        "Gross Profit": 834,
        "Operating Income": 416,
        "EBIT": 489,
        "Net Income": 202
    },
    "2017-03-31": {
        "Diluted EPS": 0.04,
        "Total Revenue": NaN,
        "Gross Profit": 797,
        "Operating Income": 394,
        "EBIT": 470,
        "Net Income": 207
    },
    "2016-12-31": {
        "Diluted EPS": 0.04,
        "Total Revenue": NaN,
        "Gross Profit": 752,
        "Operating Income": 330,
        "EBIT": 396,
        "Net Income": 205
    },
    "2016-09-30": {
        "Diluted EPS": 0.04,
        "Total Revenue": NaN,
        "Gross Profit": 789,
        "Operating Income": 392,
        "EBIT": 459,
        "Net Income": 194
    },
    "2016-06-30": {
        "Diluted EPS": 0.04,
        "Total Revenue": NaN,
        "Gross Profit": 749,
        "Operating Income": 362,
        "EBIT": 428,
        "Net Income": 175
    },
    "2016-03-31": {
        "Diluted EPS": 0.03,
        "Total Revenue": NaN,
        "Gross Profit": 734,
        "Operating Income": 348,
        "EBIT": 415,
        "Net Income": 172
    },
    "2015-12-31": {
        "Diluted EPS": 0.02,
        "Total Revenue": NaN,
        "Gross Profit": 726,
        "Operating Income": 294,
        "EBIT": 363,
        "Net Income": 135
    },
    "2015-09-30": {
        "Diluted EPS": 0.03,
        "Total Revenue": NaN,
        "Gross Profit": 729,
        "Operating Income": 352,
        "EBIT": 421,
        "Net Income": 167
    },
    "2015-06-30": {
        "Diluted EPS": 0.02,
        "Total Revenue": NaN,
        "Gross Profit": 598,
        "Operating Income": 219,
        "EBIT": 286,
        "Net Income": 103
    },
    "2015-03-31": {
        "Diluted EPS": 0.02,
        "Total Revenue": NaN,
        "Gross Profit": 675,
        "Operating Income": 314,
        "EBIT": 378,
        "Net Income": 106
    },
    "2014-12-31": {
        "Diluted EPS": 0.02,
        "Total Revenue": NaN,
        "Gross Profit": 670,
        "Operating Income": 294,
        "EBIT": 359,
        "Net Income": 143
    },
    "2014-09-30": {
        "Diluted EPS": 0.02,
        "Total Revenue": NaN,
        "Gross Profit": 654,
        "Operating Income": 294,
        "EBIT": 358,
        "Net Income": 136
    },
    "2014-06-30": {
        "Diluted EPS": 0.02,
        "Total Revenue": NaN,
        "Gross Profit": 642,
        "Operating Income": 285,
        "EBIT": 351,
        "Net Income": 120
    },
    "2014-03-31": {
        "Diluted EPS": 0.02,
        "Total Revenue": 998,
        "Gross Profit": 607,
        "Operating Income": 247,
        "EBIT": 315,
        "Net Income": 94
    },
    "2013-12-31": {
        "Diluted EPS": 0.01,
        "Total Revenue": NaN,
        "Gross Profit": 604,
        "Operating Income": 245,
        "EBIT": 305,
        "Net Income": 66
    },
    "2013-09-30": {
        "Diluted EPS": 0.01,
        "Total Revenue": 962,
        "Gross Profit": 625,
        "Operating Income": 285,
        "EBIT": 342,
        "Net Income": 63
    },
    "2013-06-30": {
        "Diluted EPS": 0.02,
        "Total Revenue": 940,
        "Gross Profit": 609,
        "Operating Income": 268,
        "EBIT": 334,
        "Net Income": 126
    },
    "2013-03-31": {
        "Diluted EPS": 0.02,
        "Total Revenue": 897,
        "Gross Profit": 567,
        "Operating Income": 247,
        "EBIT": 313,
        "Net Income": 119
    },
    "2012-12-31": {
        "Diluted EPS": 0.0,
        "Total Revenue": 892,
        "Gross Profit": 564,
        "Operating Income": 213,
        "EBIT": 279,
        "Net Income": 355
    },
    "2012-09-30": {
        "Diluted EPS": 0.01,
        "Total Revenue": 867,
        "Gross Profit": 553,
        "Operating Income": 232,
        "EBIT": 298,
        "Net Income": 47
    },
    "2012-06-30": {
        "Diluted EPS": 0.48,
        "Total Revenue": 838,
        "Gross Profit": 544,
        "Operating Income": 228,
        "EBIT": 294,
        "Net Income": NaN
    },
    "2012-03-31": {
        "Diluted EPS": 0.02,
        "Total Revenue": 805,
        "Gross Profit": 512,
        "Operating Income": 199,
        "EBIT": 265,
        "Net Income": 64
    },
    "2011-12-31": {
        "Diluted EPS": 0.01,
        "Total Revenue": 784,
        "Gross Profit": 484,
        "Operating Income": 154,
        "EBIT": 221,
        "Net Income": -70
    },
    "2011-09-30": {
        "Diluted EPS": 0.02,
        "Total Revenue": 763,
        "Gross Profit": 485,
        "Operating Income": 184,
        "EBIT": 249,
        "Net Income": 62
    },
    "2011-06-30": {
        "Diluted EPS": 0.03,
        "Total Revenue": 744,
        "Gross Profit": 471,
        "Operating Income": 173,
        "EBIT": 239,
        "Net Income": 183
    },
    "2011-03-31": {
        "Diluted EPS": 0.01,
        "Total Revenue": 724,
        "Gross Profit": 453,
        "Operating Income": 164,
        "EBIT": 232,
        "Net Income": 78
    },
    "2010-12-31": {
        "Diluted EPS": -0.01,
        "Total Revenue": 736,
        "Gross Profit": 444,
        "Operating Income": 72,
        "EBIT": 138,
        "Net Income": -99
    },
    "2010-09-30": {
        "Diluted EPS": 0.01,
        "Total Revenue": 718,
        "Gross Profit": 437,
        "Operating Income": 143,
        "EBIT": 211,
        "Net Income": 68
    },
    "2010-06-30": {
        "Diluted EPS": 0.0,
        "Total Revenue": 700,
        "Gross Profit": 434,
        "Operating Income": 126,
        "EBIT": 195,
        "Net Income": 15
    },
    "2010-03-31": {
        "Diluted EPS": 0.01,
        "Total Revenue": 664,
        "Gross Profit": 403,
        "Operating Income": 125,
        "EBIT": 193,
        "Net Income": 42
    },
    "2009-12-31": {
        "Diluted EPS": 0.0,
        "Total Revenue": 676,
        "Gross Profit": 403,
        "Operating Income": 84,
        "EBIT": 161,
        "Net Income": 12
    },
    "2009-09-30": {
        "Diluted EPS": -0.04,
        "Total Revenue": 619,
        "Gross Profit": 352,
        "Operating Income": 66,
        "EBIT": 138,
        "Net Income": -152
    },
    "2009-06-30": {
        "Diluted EPS": -0.04,
        "Total Revenue": 591,
        "Gross Profit": 336,
        "Operating Income": 37,
        "EBIT": 114,
        "Net Income": -160
    },
    "2009-03-31": {
        "Diluted EPS": -0.07,
        "Total Revenue": 587,
        "Gross Profit": 318,
        "Operating Income": 41,
        "EBIT": 123,
        "Net Income": -239
    },
    "2023-09-30": {
        "Tax Effect Of Unusual Items": NaN,
        "Tax Rate For Calcs": NaN,
        "Normalized EBITDA": NaN,
        "Total Unusual Items": NaN,
        "Total Unusual Items Excluding Goodwill": NaN,
        "Net Income From Continuing Operation Net Minority Interest": NaN,
        "Reconciled Depreciation": NaN,
        "Reconciled Cost Of Revenue": NaN,
        "EBITDA": NaN,
        "EBIT": NaN,
        "Net Interest Income": NaN,
        "Interest Expense": NaN,
        "Normalized Income": NaN,
        "Net Income From Continuing And Discontinued Operation": NaN,
        "Total Expenses": NaN,
        "Total Operating Income As Reported": NaN,
        "Diluted Average Shares": NaN,
        "Basic Average Shares": NaN,
        "Diluted EPS": NaN,
        "Basic EPS": NaN,
        "Diluted NI Availto Com Stockholders": NaN,
        "Average Dilution Earnings": NaN,
        "Net Income Common Stockholders": NaN,
        "Otherunder Preferred Stock Dividend": NaN,
        "Net Income": NaN,
        "Minority Interests": -57000000.0,
        "Net Income Including Noncontrolling Interests": NaN,
        "Net Income Continuous Operations": NaN,
        "Tax Provision": NaN,
        "Pretax Income": NaN,
        "Other Income Expense": NaN,
        "Other Non Operating Income Expenses": NaN,
        "Special Income Charges": NaN,
        "Other Special Charges": -27000000.0,
        "Write Off": 6000000.0,
        "Impairment Of Capital Assets": 6000000.0,
        "Net Non Operating Interest Income Expense": NaN,
        "Interest Expense Non Operating": NaN,
        "Operating Income": NaN,
        "Operating Expense": NaN,
        "Depreciation Amortization Depletion Income Statement": NaN,
        "Depreciation And Amortization In Income Statement": NaN,
        "Amortization": NaN,
        "Amortization Of Intangibles Income Statement": NaN,
        "Depreciation Income Statement": NaN,
        "Research And Development": NaN,
        "Selling General And Administration": NaN,
        "Selling And Marketing Expense": NaN,
        "General And Administrative Expense": NaN,
        "Other Gand A": NaN,
        "Gross Profit": NaN,
        "Cost Of Revenue": NaN,
        "Total Revenue": NaN,
        "Operating Revenue": NaN
    },
    "2023-12-31": {
        "Tax Effect Of Unusual Items": NaN,
        "Tax Rate For Calcs": NaN,
        "Normalized EBITDA": NaN,
        "Total Unusual Items": NaN,
        "Total Unusual Items Excluding Goodwill": NaN,
        "Net Income From Continuing Operation Net Minority Interest": NaN,
        "Reconciled Depreciation": NaN,
        "Reconciled Cost Of Revenue": NaN,
        "EBITDA": NaN,
        "EBIT": NaN,
        "Net Interest Income": NaN,
        "Interest Expense": NaN,
        "Normalized Income": NaN,
        "Net Income From Continuing And Discontinued Operation": NaN,
        "Total Expenses": NaN,
        "Total Operating Income As Reported": NaN,
        "Diluted Average Shares": NaN,
        "Basic Average Shares": NaN,
        "Diluted EPS": NaN,
        "Basic EPS": NaN,
        "Diluted NI Availto Com Stockholders": NaN,
        "Average Dilution Earnings": NaN,
        "Net Income Common Stockholders": NaN,
        "Otherunder Preferred Stock Dividend": NaN,
        "Net Income": NaN,
        "Minority Interests": NaN,
        "Net Income Including Noncontrolling Interests": NaN,
        "Net Income Continuous Operations": NaN,
        "Tax Provision": NaN,
        "Pretax Income": NaN,
        "Other Income Expense": NaN,
        "Other Non Operating Income Expenses": NaN,
        "Special Income Charges": NaN,
        "Write Off": 26000000.0,
        "Impairment Of Capital Assets": 26000000.0,
        "Net Non Operating Interest Income Expense": NaN,
        "Interest Expense Non Operating": NaN,
        "Operating Income": NaN,
        "Operating Expense": NaN,
        "Depreciation Amortization Depletion Income Statement": NaN,
        "Depreciation And Amortization In Income Statement": NaN,
        "Amortization": NaN,
        "Amortization Of Intangibles Income Statement": NaN,
        "Depreciation Income Statement": NaN,
        "Research And Development": NaN,
        "Selling General And Administration": NaN,
        "Selling And Marketing Expense": NaN,
        "General And Administrative Expense": NaN,
        "Other Gand A": NaN,
        "Gross Profit": NaN,
        "Cost Of Revenue": NaN,
        "Total Revenue": NaN,
        "Operating Revenue": NaN
    },
    "2024-03-31": {
        "Tax Effect Of Unusual Items": NaN,
        "Tax Rate For Calcs": NaN,
        "Normalized EBITDA": NaN,
        "Total Unusual Items": NaN,
        "Total Unusual Items Excluding Goodwill": NaN,
        "Net Income From Continuing Operation Net Minority Interest": NaN,
        "Reconciled Depreciation": NaN,
        "Reconciled Cost Of Revenue": NaN,
        "EBITDA": NaN,
        "EBIT": NaN,
        "Net Interest Income": NaN,
        "Interest Expense": NaN,
        "Normalized Income": NaN,
        "Net Income From Continuing And Discontinued Operation": NaN,
        "Total Expenses": NaN,
        "Total Operating Income As Reported": NaN,
        "Diluted Average Shares": NaN,
        "Basic Average Shares": NaN,
        "Diluted EPS": NaN,
        "Basic EPS": NaN,
        "Diluted NI Availto Com Stockholders": NaN,
        "Average Dilution Earnings": NaN,
        "Net Income Common Stockholders": NaN,
        "Otherunder Preferred Stock Dividend": -42000000.0,
        "Net Income": NaN,
        "Minority Interests": NaN,
        "Net Income Including Noncontrolling Interests": NaN,
        "Net Income Continuous Operations": NaN,
        "Tax Provision": NaN,
        "Pretax Income": NaN,
        "Other Income Expense": NaN,
        "Other Non Operating Income Expenses": NaN,
        "Special Income Charges": NaN,
        "Write Off": NaN,
        "Impairment Of Capital Assets": NaN,
        "Net Non Operating Interest Income Expense": NaN,
        "Interest Expense Non Operating": NaN,
        "Operating Income": NaN,
        "Operating Expense": NaN,
        "Depreciation Amortization Depletion Income Statement": NaN,
        "Depreciation And Amortization In Income Statement": NaN,
        "Amortization": NaN,
        "Amortization Of Intangibles Income Statement": NaN,
        "Depreciation Income Statement": NaN,
        "Research And Development": NaN,
        "Selling General And Administration": NaN,
        "Selling And Marketing Expense": NaN,
        "General And Administrative Expense": NaN,
        "Other Gand A": NaN,
        "Gross Profit": NaN,
        "Cost Of Revenue": NaN,
        "Total Revenue": NaN,
        "Operating Revenue": NaN
    },
    "2024-06-30": {
        "Tax Effect Of Unusual Items": NaN,
        "Tax Rate For Calcs": NaN,
        "Normalized EBITDA": NaN,
        "Total Unusual Items": NaN,
        "Total Unusual Items Excluding Goodwill": NaN,
        "Net Income From Continuing Operation Net Minority Interest": NaN,
        "Reconciled Depreciation": NaN,
        "Reconciled Cost Of Revenue": NaN,
        "EBITDA": NaN,
        "EBIT": NaN,
        "Net Interest Income": NaN,
        "Interest Expense": NaN,
        "Normalized Income": NaN,
        "Net Income From Continuing And Discontinued Operation": NaN,
        "Total Expenses": NaN,
        "Total Operating Income As Reported": NaN,
        "Diluted Average Shares": NaN,
        "Basic Average Shares": NaN,
        "Diluted EPS": NaN,
        "Basic EPS": NaN,
        "Diluted NI Availto Com Stockholders": NaN,
        "Average Dilution Earnings": NaN,
        "Net Income Common Stockholders": NaN,
        "Otherunder Preferred Stock Dividend": NaN,
        "Net Income": NaN,
        "Minority Interests": NaN,
        "Net Income Including Noncontrolling Interests": NaN,
        "Net Income Continuous Operations": NaN,
        "Tax Provision": NaN,
        "Pretax Income": NaN,
        "Other Income Expense": NaN,
        "Other Non Operating Income Expenses": NaN,
        "Special Income Charges": NaN,
        "Write Off": NaN,
        "Impairment Of Capital Assets": NaN,
        "Net Non Operating Interest Income Expense": NaN,
        "Interest Expense Non Operating": NaN,
        "Operating Income": NaN,
        "Operating Expense": NaN,
        "Depreciation Amortization Depletion Income Statement": NaN,
        "Depreciation And Amortization In Income Statement": NaN,
        "Amortization": 18000000.0,
        "Amortization Of Intangibles Income Statement": 18000000.0,
        "Depreciation Income Statement": 115000000.0,
        "Research And Development": NaN,
        "Selling General And Administration": NaN,
        "Selling And Marketing Expense": NaN,
        "General And Administrative Expense": NaN,
        "Other Gand A": NaN,
        "Gross Profit": NaN,
        "Cost Of Revenue": NaN,
        "Total Revenue": NaN,
        "Operating Revenue": NaN
    },
    "2024-09-30": {
        "Tax Effect Of Unusual Items": NaN,
        "Tax Rate For Calcs": NaN,
        "Normalized EBITDA": NaN,
        "Total Unusual Items": NaN,
        "Total Unusual Items Excluding Goodwill": NaN,
        "Net Income From Continuing Operation Net Minority Interest": NaN,
        "Reconciled Depreciation": NaN,
        "Reconciled Cost Of Revenue": NaN,
        "EBITDA": NaN,
        "EBIT": NaN,
        "Net Interest Income": NaN,
        "Interest Expense": NaN,
        "Normalized Income": NaN,
        "Net Income From Continuing And Discontinued Operation": NaN,
        "Total Expenses": NaN,
        "Total Operating Income As Reported": NaN,
        "Diluted Average Shares": NaN,
        "Basic Average Shares": NaN,
        "Diluted EPS": NaN,
        "Basic EPS": NaN,
        "Diluted NI Availto Com Stockholders": NaN,
        "Average Dilution Earnings": NaN,
        "Net Income Common Stockholders": NaN,
        "Otherunder Preferred Stock Dividend": NaN,
        "Net Income": NaN,
        "Minority Interests": NaN,
        "Net Income Including Noncontrolling Interests": NaN,
        "Net Income Continuous Operations": NaN,
        "Tax Provision": NaN,
        "Pretax Income": NaN,
        "Other Income Expense": NaN,
        "Other Non Operating Income Expenses": NaN,
        "Special Income Charges": NaN,
        "Write Off": 3388000000.0,
        "Impairment Of Capital Assets": 3388000000.0,
        "Net Non Operating Interest Income Expense": NaN,
        "Interest Expense Non Operating": NaN,
        "Operating Income": NaN,
        "Operating Expense": NaN,
        "Depreciation Amortization Depletion Income Statement": NaN,
        "Depreciation And Amortization In Income Statement": NaN,
        "Amortization": NaN,
        "Amortization Of Intangibles Income Statement": NaN,
        "Depreciation Income Statement": NaN,
        "Research And Development": NaN,
        "Selling General And Administration": NaN,
        "Selling And Marketing Expense": NaN,
        "General And Administrative Expense": NaN,
        "Other Gand A": NaN,
        "Gross Profit": NaN,
        "Cost Of Revenue": NaN,
        "Total Revenue": NaN,
        "Operating Revenue": NaN
    },
    "2024-12-31": {
        "Tax Effect Of Unusual Items": 0.0,
        "Tax Rate For Calcs": 0.271574,
        "Normalized EBITDA": 645000000.0,
        "Total Unusual Items": 0.0,
        "Total Unusual Items Excluding Goodwill": 0.0,
        "Net Income From Continuing Operation Net Minority Interest": 287000000.0,
        "Reconciled Depreciation": 134000000.0,
        "Reconciled Cost Of Revenue": 1127000000.0,
        "EBITDA": 645000000.0,
        "EBIT": 511000000.0,
        "Net Interest Income": -117000000.0,
        "Interest Expense": 117000000.0,
        "Normalized Income": 287000000.0,
        "Net Income From Continuing And Discontinued Operation": 287000000.0,
        "Total Expenses": 1671000000.0,
        "Total Operating Income As Reported": 505000000.0,
        "Diluted Average Shares": 359000000.0,
        "Basic Average Shares": 339000000.0,
        "Diluted EPS": 0.83,
        "Basic EPS": 0.85,
        "Diluted NI Availto Com Stockholders": 287000000.0,
        "Average Dilution Earnings": 0.0,
        "Net Income Common Stockholders": 287000000.0,
        "Otherunder Preferred Stock Dividend": NaN,
        "Net Income": 287000000.0,
        "Minority Interests": 0.0,
        "Net Income Including Noncontrolling Interests": 287000000.0,
        "Net Income Continuous Operations": 287000000.0,
        "Tax Provision": 107000000.0,
        "Pretax Income": 394000000.0,
        "Other Income Expense": -6000000.0,
        "Other Non Operating Income Expenses": -6000000.0,
        "Special Income Charges": 0.0,
        "Write Off": 12000000.0,
        "Impairment Of Capital Assets": NaN,
        "Net Non Operating Interest Income Expense": -117000000.0,
        "Interest Expense Non Operating": 117000000.0,
        "Operating Income": 517000000.0,
        "Operating Expense": 533000000.0,
        "Depreciation Amortization Depletion Income Statement": 123000000.0,
        "Depreciation And Amortization In Income Statement": 123000000.0,
        "Amortization": NaN,
        "Amortization Of Intangibles Income Statement": NaN,
        "Depreciation Income Statement": NaN,
        "Research And Development": 72000000.0,
        "Selling General And Administration": 338000000.0,
        "Selling And Marketing Expense": 219000000.0,
        "General And Administrative Expense": 119000000.0,
        "Other Gand A": 119000000.0,
        "Gross Profit": 1050000000.0,
        "Cost Of Revenue": 1138000000.0,
        "Total Revenue": 2188000000.0,
        "Operating Revenue": 2153000000.0
    },
    "2025-03-31": {
        "Tax Effect Of Unusual Items": -11616000.0,
        "Tax Rate For Calcs": 0.242,
        "Normalized EBITDA": 589000000.0,
        "Total Unusual Items": -48000000.0,
        "Total Unusual Items Excluding Goodwill": -48000000.0,
        "Net Income From Continuing Operation Net Minority Interest": 204000000.0,
        "Reconciled Depreciation": 155000000.0,
        "Reconciled Cost Of Revenue": 1093000000.0,
        "EBITDA": 541000000.0,
        "EBIT": 386000000.0,
        "Net Interest Income": -117000000.0,
        "Interest Expense": 117000000.0,
        "Normalized Income": 240384000.0,
        "Net Income From Continuing And Discontinued Operation": 204000000.0,
        "Total Expenses": 1633000000.0,
        "Total Operating Income As Reported": 387000000.0,
        "Diluted Average Shares": 357000000.0,
        "Basic Average Shares": 339000000.0,
        "Diluted EPS": 0.59,
        "Basic EPS": 0.6,
        "Diluted NI Availto Com Stockholders": 211000000.0,
        "Average Dilution Earnings": 7000000.0,
        "Net Income Common Stockholders": 204000000.0,
        "Otherunder Preferred Stock Dividend": 0.0,
        "Net Income": 204000000.0,
        "Minority Interests": 0.0,
        "Net Income Including Noncontrolling Interests": 204000000.0,
        "Net Income Continuous Operations": 204000000.0,
        "Tax Provision": 65000000.0,
        "Pretax Income": 269000000.0,
        "Other Income Expense": -49000000.0,
        "Other Non Operating Income Expenses": -1000000.0,
        "Special Income Charges": -48000000.0,
        "Write Off": NaN,
        "Impairment Of Capital Assets": NaN,
        "Net Non Operating Interest Income Expense": -117000000.0,
        "Interest Expense Non Operating": 117000000.0,
        "Operating Income": 435000000.0,
        "Operating Expense": 529000000.0,
        "Depreciation Amortization Depletion Income Statement": 144000000.0,
        "Depreciation And Amortization In Income Statement": 144000000.0,
        "Amortization": NaN,
        "Amortization Of Intangibles Income Statement": NaN,
        "Depreciation Income Statement": NaN,
        "Research And Development": 73000000.0,
        "Selling General And Administration": 312000000.0,
        "Selling And Marketing Expense": 190000000.0,
        "General And Administrative Expense": 122000000.0,
        "Other Gand A": 122000000.0,
        "Gross Profit": 964000000.0,
        "Cost Of Revenue": 1104000000.0,
        "Total Revenue": 2068000000.0,
        "Operating Revenue": 2037000000.0
    },
    "2025-06-30": {
        "Tax Effect Of Unusual Items": -23861000.0,
        "Tax Rate For Calcs": 0.223,
        "Normalized EBITDA": 618000000.0,
        "Total Unusual Items": -107000000.0,
        "Total Unusual Items Excluding Goodwill": -107000000.0,
        "Net Income From Continuing Operation Net Minority Interest": 205000000.0,
        "Reconciled Depreciation": 131000000.0,
        "Reconciled Cost Of Revenue": 1128000000.0,
        "EBITDA": 511000000.0,
        "EBIT": 380000000.0,
        "Net Interest Income": -116000000.0,
        "Interest Expense": 116000000.0,
        "Normalized Income": 288139000.0,
        "Net Income From Continuing And Discontinued Operation": 205000000.0,
        "Total Expenses": 1666000000.0,
        "Total Operating Income As Reported": 365000000.0,
        "Diluted Average Shares": 357000000.0,
        "Basic Average Shares": 338000000.0,
        "Diluted EPS": 0.57,
        "Basic EPS": 0.61,
        "Diluted NI Availto Com Stockholders": 202000000.0,
        "Average Dilution Earnings": -3000000.0,
        "Net Income Common Stockholders": 205000000.0,
        "Otherunder Preferred Stock Dividend": NaN,
        "Net Income": 205000000.0,
        "Minority Interests": 0.0,
        "Net Income Including Noncontrolling Interests": 205000000.0,
        "Net Income Continuous Operations": 205000000.0,
        "Tax Provision": 59000000.0,
        "Pretax Income": 264000000.0,
        "Other Income Expense": -92000000.0,
        "Other Non Operating Income Expenses": 15000000.0,
        "Special Income Charges": -107000000.0,
        "Write Off": 107000000.0,
        "Impairment Of Capital Assets": NaN,
        "Net Non Operating Interest Income Expense": -116000000.0,
        "Interest Expense Non Operating": 116000000.0,
        "Operating Income": 472000000.0,
        "Operating Expense": 528000000.0,
        "Depreciation Amortization Depletion Income Statement": 121000000.0,
        "Depreciation And Amortization In Income Statement": 121000000.0,
        "Amortization": NaN,
        "Amortization Of Intangibles Income Statement": NaN,
        "Depreciation Income Statement": NaN,
        "Research And Development": 56000000.0,
        "Selling General And Administration": 351000000.0,
        "Selling And Marketing Expense": 185000000.0,
        "General And Administrative Expense": 166000000.0,
        "Other Gand A": 166000000.0,
        "Gross Profit": 1000000000.0,
        "Cost Of Revenue": 1138000000.0,
        "Total Revenue": 2138000000.0,
        "Operating Revenue": 2107000000.0
    },
    "2025-09-30": {
        "Tax Effect Of Unusual Items": -2115000.0,
        "Tax Rate For Calcs": 0.235,
        "Normalized EBITDA": 664000000.0,
        "Total Unusual Items": -9000000.0,
        "Total Unusual Items Excluding Goodwill": -9000000.0,
        "Net Income From Continuing Operation Net Minority Interest": 297000000.0,
        "Reconciled Depreciation": 152000000.0,
        "Reconciled Cost Of Revenue": 1138000000.0,
        "EBITDA": 655000000.0,
        "EBIT": 503000000.0,
        "Net Interest Income": -115000000.0,
        "Interest Expense": 115000000.0,
        "Normalized Income": 303885000.0,
        "Net Income From Continuing And Discontinued Operation": 297000000.0,
        "Total Expenses": 1657000000.0,
        "Total Operating Income As Reported": 493000000.0,
        "Diluted Average Shares": 356000000.0,
        "Basic Average Shares": 337000000.0,
        "Diluted EPS": 0.84,
        "Basic EPS": 0.88,
        "Diluted NI Availto Com Stockholders": 298000000.0,
        "Average Dilution Earnings": 1000000.0,
        "Net Income Common Stockholders": 297000000.0,
        "Otherunder Preferred Stock Dividend": 0.0,
        "Net Income": 297000000.0,
        "Minority Interests": 0.0,
        "Net Income Including Noncontrolling Interests": 297000000.0,
        "Net Income Continuous Operations": 297000000.0,
        "Tax Provision": 91000000.0,
        "Pretax Income": 388000000.0,
        "Other Income Expense": 1000000.0,
        "Other Non Operating Income Expenses": 10000000.0,
        "Special Income Charges": -9000000.0,
        "Write Off": 9000000.0,
        "Impairment Of Capital Assets": NaN,
        "Net Non Operating Interest Income Expense": -115000000.0,
        "Interest Expense Non Operating": 115000000.0,
        "Operating Income": 502000000.0,
        "Operating Expense": 508000000.0,
        "Depreciation Amortization Depletion Income Statement": 141000000.0,
        "Depreciation And Amortization In Income Statement": 141000000.0,
        "Amortization": NaN,
        "Amortization Of Intangibles Income Statement": NaN,
        "Depreciation Income Statement": NaN,
        "Research And Development": 62000000.0,
        "Selling General And Administration": 305000000.0,
        "Selling And Marketing Expense": 186000000.0,
        "General And Administrative Expense": 119000000.0,
        "Other Gand A": 119000000.0,
        "Gross Profit": 1010000000.0,
        "Cost Of Revenue": 1149000000.0,
        "Total Revenue": 2159000000.0,
        "Operating Revenue": 2127000000.0
    },
    "2025-12-31": {
        "Tax Effect Of Unusual Items": -72533333.333333,
        "Tax Rate For Calcs": 0.266667,
        "Normalized EBITDA": 669000000.0,
        "Total Unusual Items": -272000000.0,
        "Total Unusual Items Excluding Goodwill": -272000000.0,
        "Net Income From Continuing Operation Net Minority Interest": 99000000.0,
        "Reconciled Depreciation": 151000000.0,
        "Reconciled Cost Of Revenue": 1131000000.0,
        "EBITDA": 397000000.0,
        "EBIT": 246000000.0,
        "Net Interest Income": -111000000.0,
        "Interest Expense": 111000000.0,
        "Normalized Income": 298466666.666667,
        "Net Income From Continuing And Discontinued Operation": 99000000.0,
        "Total Expenses": 1695000000.0,
        "Total Operating Income As Reported": 226000000.0,
        "Diluted Average Shares": 356000000.0,
        "Basic Average Shares": 336000000.0,
        "Diluted EPS": 0.24,
        "Basic EPS": 0.29,
        "Diluted NI Availto Com Stockholders": 85000000.0,
        "Average Dilution Earnings": -14000000.0,
        "Net Income Common Stockholders": 99000000.0,
        "Otherunder Preferred Stock Dividend": NaN,
        "Net Income": 99000000.0,
        "Minority Interests": 0.0,
        "Net Income Including Noncontrolling Interests": 99000000.0,
        "Net Income Continuous Operations": 99000000.0,
        "Tax Provision": 36000000.0,
        "Pretax Income": 135000000.0,
        "Other Income Expense": -252000000.0,
        "Other Non Operating Income Expenses": 20000000.0,
        "Special Income Charges": -272000000.0,
        "Write Off": 272000000.0,
        "Impairment Of Capital Assets": NaN,
        "Net Non Operating Interest Income Expense": -111000000.0,
        "Interest Expense Non Operating": 111000000.0,
        "Operating Income": 498000000.0,
        "Operating Expense": 554000000.0,
        "Depreciation Amortization Depletion Income Statement": 141000000.0,
        "Depreciation And Amortization In Income Statement": 141000000.0,
        "Amortization": NaN,
        "Amortization Of Intangibles Income Statement": NaN,
        "Depreciation Income Statement": NaN,
        "Research And Development": 72000000.0,
        "Selling General And Administration": 341000000.0,
        "Selling And Marketing Expense": 199000000.0,
        "General And Administrative Expense": 142000000.0,
        "Other Gand A": 142000000.0,
        "Gross Profit": 1052000000.0,
        "Cost Of Revenue": 1141000000.0,
        "Total Revenue": 2193000000.0,
        "Operating Revenue": 2165000000.0
    }
}