{
    "2023-03-31": {
        "Tax Effect Of Unusual Items": NaN,
        "Tax Rate For Calcs": NaN,
        "Normalized EBITDA": NaN,
        "Total Unusual Items": 0.0,
        "Total Unusual Items Excluding Goodwill": 0.0,
        "Net Income From Continuing Operation Net Minority Interest": NaN,
        "Reconciled Depreciation": NaN,
        "Reconciled Cost Of Revenue": NaN,
        "EBITDA": NaN,
        "EBIT": NaN,
        "Net Interest Income": NaN,
        "Interest Income": NaN,
        "Normalized Income": NaN,
        "Net Income From Continuing And Discontinued Operation": NaN,
        "Total Expenses": NaN,
        "Total Operating Income As Reported": NaN,
        "Diluted Average Shares": NaN,
        "Basic Average Shares": NaN,
        "Diluted EPS": NaN,
        "Basic EPS": NaN,
        "Diluted NI Availto Com Stockholders": NaN,
        "Net Income Common Stockholders": NaN,
        "Net Income": NaN,
        "Net Income Including Noncontrolling Interests": NaN,
        "Net Income Continuous Operations": NaN,
        "Tax Provision": NaN,
        "Pretax Income": NaN,
        "Other Income Expense": NaN,
        "Other Non Operating Income Expenses": NaN,
        "Special Income Charges": 0.0,
        "Restructuring And Mergern Acquisition": 0.0,
        "Net Non Operating Interest Income Expense": NaN,
        "Interest Income Non Operating": NaN,
        "Operating Income": NaN,
        "Operating Expense": NaN,
        "Research And Development": NaN,
        "Selling General And Administration": NaN,
        "Gross Profit": NaN,
        "Cost Of Revenue": NaN,
        "Total Revenue": NaN,
        "Operating Revenue": NaN
    },
    "2022-12-31": {
        "Tax Effect Of Unusual Items": 0.0,
        "Tax Rate For Calcs": 0.026131,
        "Normalized EBITDA": -2386000.0,
        "Net Income From Continuing Operation Net Minority Interest": -1528000.0,
        "Reconciled Depreciation": 3346000.0,
        "Reconciled Cost Of Revenue": 23080000.0,
        "EBITDA": -2386000.0,
        "EBIT": -5732000.0,
        "Net Interest Income": 3996000.0,
        "Interest Income": 3996000.0,
        "Normalized Income": -1528000.0,
        "Net Income From Continuing And Discontinued Operation": -1528000.0,
        "Total Expenses": 66571000.0,
        "Total Operating Income As Reported": -5732000.0,
        "Diluted Average Shares": 21544000.0,
        "Basic Average Shares": 21544000.0,
        "Diluted EPS": -0.07,
        "Basic EPS": -0.07,
        "Diluted NI Availto Com Stockholders": -1528000.0,
        "Net Income Common Stockholders": -1528000.0,
        "Net Income": -1528000.0,
        "Net Income Including Noncontrolling Interests": -1528000.0,
        "Net Income Continuous Operations": -1528000.0,
        "Tax Provision": -41000.0,
        "Pretax Income": -1569000.0,
        "Other Income Expense": 167000.0,
        "Other Non Operating Income Expenses": 167000.0,
        "Net Non Operating Interest Income Expense": 3996000.0,
        "Interest Income Non Operating": 3996000.0,
        "Operating Income": -5732000.0,
        "Operating Expense": 43491000.0,
        "Research And Development": 23798000.0,
        "Selling General And Administration": 19693000.0,
        "Gross Profit": 37759000.0,
        "Cost Of Revenue": 23080000.0,
        "Total Revenue": 60839000.0,
        "Operating Revenue": 60839000.0
    },
    "2022-09-30": {
        "Tax Effect Of Unusual Items": 0.0,
        "Tax Rate For Calcs": 0.000518,
        "Normalized EBITDA": 3532000.0,
        "Net Income From Continuing Operation Net Minority Interest": 5783000.0,
        "Reconciled Depreciation": 3228000.0,
        "Reconciled Cost Of Revenue": 25799000.0,
        "EBITDA": 3532000.0,
        "EBIT": 3532000.0,
        "Net Interest Income": 2492000.0,
        "Interest Income": 2492000.0,
        "Normalized Income": 5783000.0,
        "Net Income From Continuing And Discontinued Operation": 5783000.0,
        "Total Expenses": 69563000.0,
        "Total Operating Income As Reported": 3532000.0,
        "Diluted Average Shares": 22614000.0,
        "Basic Average Shares": 21353000.0,
        "Diluted EPS": 0.26,
        "Basic EPS": 0.27,
        "Diluted NI Availto Com Stockholders": 5783000.0,
        "Net Income Common Stockholders": 5783000.0,
        "Net Income": 5783000.0,
        "Net Income Including Noncontrolling Interests": 5783000.0,
        "Net Income Continuous Operations": 5783000.0,
        "Tax Provision": 3000.0,
        "Pretax Income": 5786000.0,
        "Other Income Expense": -238000.0,
        "Other Non Operating Income Expenses": -238000.0,
        "Net Non Operating Interest Income Expense": 2492000.0,
        "Interest Income Non Operating": 2492000.0,
        "Operating Income": 3532000.0,
        "Operating Expense": 43764000.0,
        "Research And Development": 23878000.0,
        "Selling General And Administration": 19886000.0,
        "Gross Profit": 47296000.0,
        "Cost Of Revenue": 25799000.0,
        "Total Revenue": 73095000.0,
        "Operating Revenue": 73095000.0
    },
    "2022-06-30": {
        "Tax Effect Of Unusual Items": 0.0,
        "Tax Rate For Calcs": 0.004028,
        "Normalized EBITDA": 12281000.0,
        "Net Income From Continuing Operation Net Minority Interest": 12859000.0,
        "Reconciled Depreciation": 2725000.0,
        "Reconciled Cost Of Revenue": 26744000.0,
        "EBITDA": 12281000.0,
        "EBIT": 12281000.0,
        "Net Interest Income": 803000.0,
        "Interest Income": 803000.0,
        "Normalized Income": 12859000.0,
        "Net Income From Continuing And Discontinued Operation": 12859000.0,
        "Total Expenses": 67137000.0,
        "Total Operating Income As Reported": 12281000.0,
        "Diluted Average Shares": 22721000.0,
        "Basic Average Shares": 21148000.0,
        "Diluted EPS": 0.57,
        "Basic EPS": 0.61,
        "Diluted NI Availto Com Stockholders": 12859000.0,
        "Net Income Common Stockholders": 12859000.0,
        "Net Income": 12859000.0,
        "Net Income Including Noncontrolling Interests": 12859000.0,
        "Net Income Continuous Operations": 12859000.0,
        "Tax Provision": 52000.0,
        "Pretax Income": 12911000.0,
        "Other Income Expense": -173000.0,
        "Other Non Operating Income Expenses": -173000.0,
        "Net Non Operating Interest Income Expense": 803000.0,
        "Interest Income Non Operating": 803000.0,
        "Operating Income": 12281000.0,
        "Operating Expense": 40393000.0,
        "Research And Development": 22017000.0,
        "Selling General And Administration": 18376000.0,
        "Gross Profit": 52674000.0,
        "Cost Of Revenue": 26744000.0,
        "Total Revenue": 79418000.0,
        "Operating Revenue": 79418000.0
    },
    "2023-06-30": {
        "Tax Effect Of Unusual Items": NaN,
        "Tax Rate For Calcs": NaN,
        "Normalized EBITDA": NaN,
        "Total Unusual Items": 0.0,
        "Total Unusual Items Excluding Goodwill": 0.0,
        "Net Income From Continuing Operation Net Minority Interest": NaN,
        "Reconciled Depreciation": NaN,
        "Reconciled Cost Of Revenue": NaN,
        "EBITDA": NaN,
        "EBIT": NaN,
        "Net Interest Income": NaN,
        "Interest Income": NaN,
        "Normalized Income": NaN,
        "Net Income From Continuing And Discontinued Operation": NaN,
        "Total Expenses": NaN,
        "Total Operating Income As Reported": NaN,
        "Diluted Average Shares": NaN,
        "Basic Average Shares": NaN,
        "Diluted EPS": NaN,
        "Basic EPS": NaN,
        "Diluted NI Availto Com Stockholders": NaN,
        "Net Income Common Stockholders": NaN,
        "Net Income": NaN,
        "Net Income Including Noncontrolling Interests": NaN,
        "Net Income Continuous Operations": NaN,
        "Tax Provision": NaN,
        "Pretax Income": NaN,
        "Other Income Expense": NaN,
        "Other Non Operating Income Expenses": NaN,
        "Special Income Charges": 0.0,
        "Restructuring And Mergern Acquisition": 0.0,
        "Net Non Operating Interest Income Expense": NaN,
        "Interest Income Non Operating": NaN,
        "Operating Income": NaN,
        "Operating Expense": NaN,
        "Research And Development": NaN,
        "Selling General And Administration": NaN,
        "Gross Profit": NaN,
        "Cost Of Revenue": NaN,
        "Total Revenue": NaN,
        "Operating Revenue": NaN
    },
    "2022-03-31": {
        "Diluted EPS": 0.27,
        "Total Revenue": 70,
        "Gross Profit": 45,
        "Operating Income": 6,
        "EBIT": 9,
        "Net Income": 6
    },
    "2021-12-31": {
        "Diluted EPS": 0.97,
        "Total Revenue": 76,
        "Gross Profit": 52,
        "Operating Income": 20,
        "EBIT": 23,
        "Net Income": 20
    },
    "2021-09-30": {
        "Diluted EPS": 0.66,
        "Total Revenue": 63,
        "Gross Profit": 42,
        "Operating Income": 14,
        "EBIT": 16,
        "Net Income": 14
    },
    "2021-06-30": {
        "Diluted EPS": 0.1,
        "Total Revenue": 44,
        "Gross Profit": 27,
        "Operating Income": 2,
        "EBIT": 4,
        "Net Income": 2
    },
    "2021-03-31": {
        "Diluted EPS": -0.2,
        "Total Revenue": 36,
        "Gross Profit": 19,
        "Operating Income": -3,
        "EBIT": -2,
        "Net Income": -4
    },
    "2020-12-31": {
        "Diluted EPS": 0.16,
        "Total Revenue": 40,
        "Gross Profit": 21,
        "Operating Income": 2,
        "EBIT": 4,
        "Net Income": 2
    },
    "2020-09-30": {
        "Diluted EPS": -0.04,
        "Total Revenue": 33,
        "Gross Profit": 17,
        "Operating Income": -1,
        "EBIT": 1,
        "Net Income": -1
    },
    "2020-06-30": {
        "Diluted EPS": -0.36,
        "Total Revenue": 21,
        "Gross Profit": 10,
        "Operating Income": -5,
        "EBIT": -4,
        "Net Income": -6
    },
    "2020-03-31": {
        "Diluted EPS": -0.34,
        "Total Revenue": 22,
        "Gross Profit": 10,
        "Operating Income": -5,
        "EBIT": -3,
        "Net Income": -5
    },
    "2019-12-31": {
        "Diluted EPS": 0.05,
        "Total Revenue": 28,
        "Gross Profit": 13,
        "Operating Income": -5,
        "EBIT": -3,
        "Net Income": 1
    },
    "2019-09-30": {
        "Diluted EPS": 0.11,
        "Total Revenue": 25,
        "Gross Profit": 12,
        "Operating Income": 2,
        "EBIT": 4,
        "Net Income": 1
    },
    "2019-06-30": {
        "Diluted EPS": -0.54,
        "Total Revenue": 16,
        "Gross Profit": 6,
        "Operating Income": -5,
        "EBIT": -3,
        "Net Income": -5
    },
    "2019-03-31": {
        "Diluted EPS": -0.29,
        "Total Revenue": 15,
        "Gross Profit": 8,
        "Operating Income": -2,
        "EBIT": -1,
        "Net Income": -3
    },
    "2018-12-31": {
        "Diluted EPS": 0.0,
        "Total Revenue": NaN,
        "Gross Profit": NaN,
        "Operating Income": NaN,
        "EBIT": NaN,
        "Net Income": NaN
    },
    "2010-03-31": {
        "Diluted EPS": 0.0,
        "Total Revenue": 15,
        "Gross Profit": 8,
        "Operating Income": -2,
        "EBIT": -2,
        "Net Income": -3
    },
    "2023-09-30": {
        "Tax Effect Of Unusual Items": NaN,
        "Tax Rate For Calcs": NaN,
        "Normalized EBITDA": NaN,
        "Total Unusual Items": 0.0,
        "Total Unusual Items Excluding Goodwill": 0.0,
        "Net Income From Continuing Operation Net Minority Interest": NaN,
        "Reconciled Depreciation": NaN,
        "Reconciled Cost Of Revenue": NaN,
        "EBITDA": NaN,
        "EBIT": NaN,
        "Net Interest Income": NaN,
        "Interest Income": NaN,
        "Normalized Income": NaN,
        "Net Income From Continuing And Discontinued Operation": NaN,
        "Total Expenses": NaN,
        "Total Operating Income As Reported": NaN,
        "Diluted Average Shares": 22326000.0,
        "Basic Average Shares": 22326000.0,
        "Diluted EPS": -0.81,
        "Basic EPS": -0.81,
        "Diluted NI Availto Com Stockholders": NaN,
        "Net Income Common Stockholders": NaN,
        "Net Income": NaN,
        "Net Income Including Noncontrolling Interests": NaN,
        "Net Income Continuous Operations": NaN,
        "Tax Provision": NaN,
        "Pretax Income": NaN,
        "Other Income Expense": NaN,
        "Other Non Operating Income Expenses": NaN,
        "Special Income Charges": 0.0,
        "Restructuring And Mergern Acquisition": 0.0,
        "Net Non Operating Interest Income Expense": NaN,
        "Interest Income Non Operating": NaN,
        "Operating Income": NaN,
        "Operating Expense": NaN,
        "Research And Development": NaN,
        "Selling General And Administration": NaN,
        "Gross Profit": NaN,
        "Cost Of Revenue": NaN,
        "Total Revenue": NaN,
        "Operating Revenue": NaN
    },
    "2023-12-31": {
        "Tax Effect Of Unusual Items": NaN,
        "Tax Rate For Calcs": NaN,
        "Normalized EBITDA": NaN,
        "Total Unusual Items": NaN,
        "Total Unusual Items Excluding Goodwill": NaN,
        "Net Income From Continuing Operation Net Minority Interest": NaN,
        "Reconciled Depreciation": NaN,
        "Reconciled Cost Of Revenue": NaN,
        "EBITDA": NaN,
        "EBIT": NaN,
        "Net Interest Income": NaN,
        "Interest Income": NaN,
        "Normalized Income": NaN,
        "Net Income From Continuing And Discontinued Operation": NaN,
        "Total Expenses": NaN,
        "Total Operating Income As Reported": NaN,
        "Diluted Average Shares": 22553000.0,
        "Basic Average Shares": 22553000.0,
        "Diluted EPS": -0.89,
        "Basic EPS": -0.89,
        "Diluted NI Availto Com Stockholders": NaN,
        "Net Income Common Stockholders": NaN,
        "Net Income": NaN,
        "Net Income Including Noncontrolling Interests": NaN,
        "Net Income Continuous Operations": NaN,
        "Tax Provision": NaN,
        "Pretax Income": NaN,
        "Other Income Expense": NaN,
        "Other Non Operating Income Expenses": NaN,
        "Special Income Charges": NaN,
        "Restructuring And Mergern Acquisition": NaN,
        "Net Non Operating Interest Income Expense": NaN,
        "Interest Income Non Operating": NaN,
        "Operating Income": NaN,
        "Operating Expense": NaN,
        "Research And Development": NaN,
        "Selling General And Administration": NaN,
        "Gross Profit": NaN,
        "Cost Of Revenue": NaN,
        "Total Revenue": NaN,
        "Operating Revenue": NaN
    },
    "2024-03-31": {
        "Tax Effect Of Unusual Items": NaN,
        "Tax Rate For Calcs": NaN,
        "Normalized EBITDA": NaN,
        "Total Unusual Items": NaN,
        "Total Unusual Items Excluding Goodwill": NaN,
        "Net Income From Continuing Operation Net Minority Interest": NaN,
        "Reconciled Depreciation": NaN,
        "Reconciled Cost Of Revenue": NaN,
        "EBITDA": NaN,
        "EBIT": NaN,
        "Net Interest Income": NaN,
        "Interest Income": NaN,
        "Normalized Income": NaN,
        "Net Income From Continuing And Discontinued Operation": NaN,
        "Total Expenses": NaN,
        "Total Operating Income As Reported": NaN,
        "Diluted Average Shares": 22765000.0,
        "Basic Average Shares": 22765000.0,
        "Diluted EPS": -1.26,
        "Basic EPS": -1.26,
        "Diluted NI Availto Com Stockholders": NaN,
        "Net Income Common Stockholders": NaN,
        "Net Income": NaN,
        "Net Income Including Noncontrolling Interests": NaN,
        "Net Income Continuous Operations": NaN,
        "Tax Provision": NaN,
        "Pretax Income": NaN,
        "Other Income Expense": NaN,
        "Other Non Operating Income Expenses": NaN,
        "Special Income Charges": NaN,
        "Restructuring And Mergern Acquisition": NaN,
        "Net Non Operating Interest Income Expense": NaN,
        "Interest Income Non Operating": NaN,
        "Operating Income": NaN,
        "Operating Expense": NaN,
        "Research And Development": NaN,
        "Selling General And Administration": NaN,
        "Gross Profit": NaN,
        "Cost Of Revenue": NaN,
        "Total Revenue": NaN,
        "Operating Revenue": NaN
    },
    "2024-06-30": {
        "Tax Effect Of Unusual Items": 0.0,
        "Tax Rate For Calcs": 0.0,
        "Normalized EBITDA": -18069000.0,
        "Total Unusual Items": -3163000.0,
        "Total Unusual Items Excluding Goodwill": -3163000.0,
        "Net Income From Continuing Operation Net Minority Interest": -26769000.0,
        "Reconciled Depreciation": 7925000.0,
        "Reconciled Cost Of Revenue": 22343000.0,
        "EBITDA": -21232000.0,
        "EBIT": -29157000.0,
        "Net Interest Income": 5736000.0,
        "Interest Income": 5736000.0,
        "Normalized Income": -23606000.0,
        "Net Income From Continuing And Discontinued Operation": -26769000.0,
        "Total Expenses": 73023000.0,
        "Total Operating Income As Reported": -32320000.0,
        "Diluted Average Shares": 22997000.0,
        "Basic Average Shares": 22997000.0,
        "Diluted EPS": -1.16,
        "Basic EPS": -1.16,
        "Diluted NI Availto Com Stockholders": -26769000.0,
        "Net Income Common Stockholders": -26769000.0,
        "Net Income": -26769000.0,
        "Net Income Including Noncontrolling Interests": -26769000.0,
        "Net Income Continuous Operations": -26769000.0,
        "Tax Provision": -18000.0,
        "Pretax Income": -26787000.0,
        "Other Income Expense": -3366000.0,
        "Other Non Operating Income Expenses": -203000.0,
        "Special Income Charges": -3163000.0,
        "Restructuring And Mergern Acquisition": 3163000.0,
        "Net Non Operating Interest Income Expense": 5736000.0,
        "Interest Income Non Operating": 5736000.0,
        "Operating Income": -29157000.0,
        "Operating Expense": 50680000.0,
        "Research And Development": 25490000.0,
        "Selling General And Administration": 25190000.0,
        "Gross Profit": 21523000.0,
        "Cost Of Revenue": 22343000.0,
        "Total Revenue": 43866000.0,
        "Operating Revenue": 43866000.0
    },
    "2024-09-30": {
        "Tax Effect Of Unusual Items": -521220.0,
        "Tax Rate For Calcs": 0.21,
        "Normalized EBITDA": -11993000.0,
        "Total Unusual Items": -2482000.0,
        "Total Unusual Items Excluding Goodwill": -2482000.0,
        "Net Income From Continuing Operation Net Minority Interest": -19315000.0,
        "Reconciled Depreciation": 7906000.0,
        "Reconciled Cost Of Revenue": 28231000.0,
        "EBITDA": -14475000.0,
        "EBIT": -22381000.0,
        "Net Interest Income": 5499000.0,
        "Interest Income": 5499000.0,
        "Normalized Income": -17354220.0,
        "Net Income From Continuing And Discontinued Operation": -19315000.0,
        "Total Expenses": 80079000.0,
        "Total Operating Income As Reported": -24863000.0,
        "Diluted Average Shares": 23237000.0,
        "Basic Average Shares": 23237000.0,
        "Diluted EPS": -0.83,
        "Basic EPS": -0.83,
        "Diluted NI Availto Com Stockholders": -19315000.0,
        "Net Income Common Stockholders": -19315000.0,
        "Net Income": -19315000.0,
        "Net Income Including Noncontrolling Interests": -19315000.0,
        "Net Income Continuous Operations": -19315000.0,
        "Tax Provision": 119000.0,
        "Pretax Income": -19196000.0,
        "Other Income Expense": -2314000.0,
        "Other Non Operating Income Expenses": 168000.0,
        "Special Income Charges": -2482000.0,
        "Restructuring And Mergern Acquisition": 2482000.0,
        "Net Non Operating Interest Income Expense": 5499000.0,
        "Interest Income Non Operating": 5499000.0,
        "Operating Income": -22381000.0,
        "Operating Expense": 51848000.0,
        "Research And Development": 26489000.0,
        "Selling General And Administration": 25359000.0,
        "Gross Profit": 29467000.0,
        "Cost Of Revenue": 28231000.0,
        "Total Revenue": 57698000.0,
        "Operating Revenue": 57698000.0
    },
    "2024-12-31": {
        "Tax Effect Of Unusual Items": -385560.0,
        "Tax Rate For Calcs": 0.21,
        "Normalized EBITDA": -10707000.0,
        "Total Unusual Items": -1836000.0,
        "Total Unusual Items Excluding Goodwill": -1836000.0,
        "Net Income From Continuing Operation Net Minority Interest": -18813000.0,
        "Reconciled Depreciation": 8640000.0,
        "Reconciled Cost Of Revenue": 32267000.0,
        "EBITDA": -12543000.0,
        "EBIT": -21183000.0,
        "Net Interest Income": 5088000.0,
        "Interest Income": 5088000.0,
        "Normalized Income": -17362560.0,
        "Net Income From Continuing And Discontinued Operation": -18813000.0,
        "Total Expenses": 89294000.0,
        "Total Operating Income As Reported": -23019000.0,
        "Diluted Average Shares": NaN,
        "Basic Average Shares": NaN,
        "Diluted EPS": NaN,
        "Basic EPS": NaN,
        "Diluted NI Availto Com Stockholders": -18813000.0,
        "Net Income Common Stockholders": -18813000.0,
        "Net Income": -18813000.0,
        "Net Income Including Noncontrolling Interests": -18813000.0,
        "Net Income Continuous Operations": -18813000.0,
        "Tax Provision": 372000.0,
        "Pretax Income": -18441000.0,
        "Other Income Expense": -2346000.0,
        "Other Non Operating Income Expenses": -510000.0,
        "Special Income Charges": -1836000.0,
        "Restructuring And Mergern Acquisition": 1836000.0,
        "Net Non Operating Interest Income Expense": 5088000.0,
        "Interest Income Non Operating": 5088000.0,
        "Operating Income": -21183000.0,
        "Operating Expense": 57027000.0,
        "Research And Development": 29332000.0,
        "Selling General And Administration": 27695000.0,
        "Gross Profit": 35844000.0,
        "Cost Of Revenue": 32267000.0,
        "Total Revenue": 68111000.0,
        "Operating Revenue": 68111000.0
    },
    "2025-03-31": {
        "Tax Effect Of Unusual Items": -328020.0,
        "Tax Rate For Calcs": 0.21,
        "Normalized EBITDA": -15947000.0,
        "Total Unusual Items": -1562000.0,
        "Total Unusual Items Excluding Goodwill": -1562000.0,
        "Net Income From Continuing Operation Net Minority Interest": -23877000.0,
        "Reconciled Depreciation": 9037000.0,
        "Reconciled Cost Of Revenue": 29978000.0,
        "EBITDA": -17509000.0,
        "EBIT": -26546000.0,
        "Net Interest Income": 4294000.0,
        "Interest Income": 4294000.0,
        "Normalized Income": -22643020.0,
        "Net Income From Continuing And Discontinued Operation": -23877000.0,
        "Total Expenses": 86860000.0,
        "Total Operating Income As Reported": -28108000.0,
        "Diluted Average Shares": 23653000.0,
        "Basic Average Shares": 23653000.0,
        "Diluted EPS": -1.01,
        "Basic EPS": -1.01,
        "Diluted NI Availto Com Stockholders": -23877000.0,
        "Net Income Common Stockholders": -23877000.0,
        "Net Income": -23877000.0,
        "Net Income Including Noncontrolling Interests": -23877000.0,
        "Net Income Continuous Operations": -23877000.0,
        "Tax Provision": 67000.0,
        "Pretax Income": -23810000.0,
        "Other Income Expense": -1558000.0,
        "Other Non Operating Income Expenses": 4000.0,
        "Special Income Charges": -1562000.0,
        "Restructuring And Mergern Acquisition": 1562000.0,
        "Net Non Operating Interest Income Expense": 4294000.0,
        "Interest Income Non Operating": 4294000.0,
        "Operating Income": -26546000.0,
        "Operating Expense": 56882000.0,
        "Research And Development": 30026000.0,
        "Selling General And Administration": 26856000.0,
        "Gross Profit": 30336000.0,
        "Cost Of Revenue": 29978000.0,
        "Total Revenue": 60314000.0,
        "Operating Revenue": 60314000.0
    },
    "2025-06-30": {
        "Tax Effect Of Unusual Items": 0.0,
        "Tax Rate For Calcs": 0.0,
        "Normalized EBITDA": -11090000.0,
        "Total Unusual Items": -1872000.0,
        "Total Unusual Items Excluding Goodwill": -1872000.0,
        "Net Income From Continuing Operation Net Minority Interest": -20179000.0,
        "Reconciled Depreciation": 9777000.0,
        "Reconciled Cost Of Revenue": 33442000.0,
        "EBITDA": -12962000.0,
        "EBIT": -22739000.0,
        "Net Interest Income": 4263000.0,
        "Interest Income": 4263000.0,
        "Normalized Income": -18307000.0,
        "Net Income From Continuing And Discontinued Operation": -20179000.0,
        "Total Expenses": 92233000.0,
        "Total Operating Income As Reported": -24611000.0,
        "Diluted Average Shares": 23923000.0,
        "Basic Average Shares": 23923000.0,
        "Diluted EPS": -0.84,
        "Basic EPS": -0.84,
        "Diluted NI Availto Com Stockholders": -20179000.0,
        "Net Income Common Stockholders": -20179000.0,
        "Net Income": -20179000.0,
        "Net Income Including Noncontrolling Interests": -20179000.0,
        "Net Income Continuous Operations": -20179000.0,
        "Tax Provision": 35000.0,
        "Pretax Income": -20144000.0,
        "Other Income Expense": -1668000.0,
        "Other Non Operating Income Expenses": 204000.0,
        "Special Income Charges": -1872000.0,
        "Restructuring And Mergern Acquisition": 1872000.0,
        "Net Non Operating Interest Income Expense": 4263000.0,
        "Interest Income Non Operating": 4263000.0,
        "Operating Income": -22739000.0,
        "Operating Expense": 58791000.0,
        "Research And Development": 30563000.0,
        "Selling General And Administration": 28228000.0,
        "Gross Profit": 36052000.0,
        "Cost Of Revenue": 33442000.0,
        "Total Revenue": 69494000.0,
        "Operating Revenue": 69494000.0
    }
}