{
    "2023-06-30": {
        "Tax Effect Of Unusual Items": NaN,
        "Tax Rate For Calcs": NaN,
        "Normalized EBITDA": NaN,
        "Net Income From Continuing Operation Net Minority Interest": NaN,
        "Reconciled Depreciation": NaN,
        "Reconciled Cost Of Revenue": NaN,
        "EBITDA": NaN,
        "EBIT": NaN,
        "Net Interest Income": NaN,
        "Interest Expense": NaN,
        "Normalized Income": NaN,
        "Net Income From Continuing And Discontinued Operation": NaN,
        "Total Expenses": NaN,
        "Total Operating Income As Reported": NaN,
        "Diluted Average Shares": NaN,
        "Basic Average Shares": NaN,
        "Diluted EPS": NaN,
        "Basic EPS": NaN,
        "Diluted NI Availto Com Stockholders": NaN,
        "Net Income Common Stockholders": NaN,
        "Net Income": NaN,
        "Minority Interests": 9000.0,
        "Net Income Including Noncontrolling Interests": NaN,
        "Net Income Continuous Operations": NaN,
        "Tax Provision": NaN,
        "Pretax Income": NaN,
        "Other Income Expense": NaN,
        "Other Non Operating Income Expenses": NaN,
        "Net Non Operating Interest Income Expense": NaN,
        "Interest Expense Non Operating": NaN,
        "Operating Income": NaN,
        "Operating Expense": NaN,
        "Other Taxes": NaN,
        "Depreciation Amortization Depletion Income Statement": NaN,
        "Depreciation And Amortization In Income Statement": NaN,
        "Selling General And Administration": NaN,
        "General And Administrative Expense": NaN,
        "Other Gand A": NaN,
        "Salaries And Wages": 102000.0,
        "Gross Profit": NaN,
        "Cost Of Revenue": NaN,
        "Total Revenue": NaN,
        "Operating Revenue": NaN
    },
    "2023-03-31": {
        "Tax Effect Of Unusual Items": 0.0,
        "Tax Rate For Calcs": 0.09,
        "Normalized EBITDA": 55222000.0,
        "Total Unusual Items": NaN,
        "Total Unusual Items Excluding Goodwill": NaN,
        "Net Income From Continuing Operation Net Minority Interest": 11530000.0,
        "Reconciled Depreciation": 26842000.0,
        "Reconciled Cost Of Revenue": 52531000.0,
        "EBITDA": 55222000.0,
        "EBIT": 28380000.0,
        "Net Interest Income": -15772000.0,
        "Interest Expense": 15772000.0,
        "Normalized Income": 11530000.0,
        "Net Income From Continuing And Discontinued Operation": 11530000.0,
        "Total Expenses": 112118000.0,
        "Total Operating Income As Reported": 25178000.0,
        "Diluted Average Shares": 31040897.0,
        "Basic Average Shares": 30936476.0,
        "Diluted EPS": 0.37,
        "Basic EPS": 0.37,
        "Diluted NI Availto Com Stockholders": 11530000.0,
        "Net Income Common Stockholders": 11530000.0,
        "Net Income": 11530000.0,
        "Minority Interests": NaN,
        "Net Income Including Noncontrolling Interests": 11530000.0,
        "Net Income Continuous Operations": 11530000.0,
        "Tax Provision": 1078000.0,
        "Pretax Income": 12608000.0,
        "Other Income Expense": 3202000.0,
        "Other Non Operating Income Expenses": 3202000.0,
        "Special Income Charges": NaN,
        "Gain On Sale Of Business": NaN,
        "Gain On Sale Of Security": NaN,
        "Net Non Operating Interest Income Expense": -15772000.0,
        "Interest Expense Non Operating": 15772000.0,
        "Operating Income": 25178000.0,
        "Operating Expense": 59041000.0,
        "Other Taxes": 8401000.0,
        "Depreciation Amortization Depletion Income Statement": 26296000.0,
        "Depreciation And Amortization In Income Statement": 26296000.0,
        "Selling General And Administration": 24344000.0,
        "General And Administrative Expense": 24344000.0,
        "Other Gand A": 24344000.0,
        "Gross Profit": 84219000.0,
        "Cost Of Revenue": 53077000.0,
        "Total Revenue": 137296000.0,
        "Operating Revenue": 137296000.0
    },
    "2022-12-31": {
        "Tax Effect Of Unusual Items": NaN,
        "Tax Rate For Calcs": NaN,
        "Normalized EBITDA": NaN,
        "Total Unusual Items": 665000.0,
        "Total Unusual Items Excluding Goodwill": 665000.0,
        "Net Income From Continuing Operation Net Minority Interest": NaN,
        "Reconciled Depreciation": NaN,
        "Reconciled Cost Of Revenue": NaN,
        "EBITDA": NaN,
        "EBIT": NaN,
        "Net Interest Income": NaN,
        "Interest Expense": NaN,
        "Normalized Income": NaN,
        "Net Income From Continuing And Discontinued Operation": NaN,
        "Total Expenses": NaN,
        "Total Operating Income As Reported": NaN,
        "Diluted Average Shares": NaN,
        "Basic Average Shares": NaN,
        "Diluted EPS": NaN,
        "Basic EPS": NaN,
        "Diluted NI Availto Com Stockholders": NaN,
        "Net Income Common Stockholders": NaN,
        "Net Income": NaN,
        "Minority Interests": NaN,
        "Net Income Including Noncontrolling Interests": NaN,
        "Net Income Continuous Operations": NaN,
        "Tax Provision": NaN,
        "Pretax Income": NaN,
        "Other Income Expense": NaN,
        "Other Non Operating Income Expenses": NaN,
        "Special Income Charges": 0.0,
        "Gain On Sale Of Business": 0.0,
        "Gain On Sale Of Security": 665000.0,
        "Net Non Operating Interest Income Expense": NaN,
        "Interest Expense Non Operating": NaN,
        "Operating Income": NaN,
        "Operating Expense": NaN,
        "Other Taxes": NaN,
        "Depreciation Amortization Depletion Income Statement": NaN,
        "Depreciation And Amortization In Income Statement": NaN,
        "Selling General And Administration": NaN,
        "General And Administrative Expense": NaN,
        "Other Gand A": NaN,
        "Salaries And Wages": NaN,
        "Gross Profit": NaN,
        "Cost Of Revenue": NaN,
        "Total Revenue": NaN,
        "Operating Revenue": NaN
    },
    "2022-09-30": {
        "Tax Effect Of Unusual Items": NaN,
        "Tax Rate For Calcs": NaN,
        "Normalized EBITDA": NaN,
        "Total Unusual Items": 82000.0,
        "Total Unusual Items Excluding Goodwill": 82000.0,
        "Net Income From Continuing Operation Net Minority Interest": NaN,
        "Reconciled Depreciation": NaN,
        "Reconciled Cost Of Revenue": NaN,
        "EBITDA": NaN,
        "EBIT": NaN,
        "Net Interest Income": NaN,
        "Interest Expense": NaN,
        "Normalized Income": NaN,
        "Net Income From Continuing And Discontinued Operation": NaN,
        "Total Expenses": NaN,
        "Total Operating Income As Reported": NaN,
        "Diluted Average Shares": NaN,
        "Basic Average Shares": NaN,
        "Diluted EPS": NaN,
        "Basic EPS": NaN,
        "Diluted NI Availto Com Stockholders": NaN,
        "Net Income Common Stockholders": NaN,
        "Net Income": NaN,
        "Minority Interests": NaN,
        "Net Income Including Noncontrolling Interests": NaN,
        "Net Income Continuous Operations": NaN,
        "Tax Provision": NaN,
        "Pretax Income": NaN,
        "Other Income Expense": NaN,
        "Other Non Operating Income Expenses": NaN,
        "Special Income Charges": 0.0,
        "Gain On Sale Of Business": 0.0,
        "Gain On Sale Of Security": 82000.0,
        "Net Non Operating Interest Income Expense": NaN,
        "Interest Expense Non Operating": NaN,
        "Operating Income": NaN,
        "Operating Expense": NaN,
        "Other Taxes": NaN,
        "Depreciation Amortization Depletion Income Statement": NaN,
        "Depreciation And Amortization In Income Statement": NaN,
        "Selling General And Administration": NaN,
        "General And Administrative Expense": NaN,
        "Other Gand A": NaN,
        "Gross Profit": NaN,
        "Cost Of Revenue": NaN,
        "Total Revenue": NaN,
        "Operating Revenue": NaN
    },
    "2022-06-30": {
        "Tax Effect Of Unusual Items": 0.0,
        "Tax Rate For Calcs": 0.170042,
        "Normalized EBITDA": 53374000.0,
        "Total Unusual Items": 0.0,
        "Total Unusual Items Excluding Goodwill": 0.0,
        "Net Income From Continuing Operation Net Minority Interest": 11310000.0,
        "Reconciled Depreciation": 25207000.0,
        "Reconciled Cost Of Revenue": 66593000.0,
        "EBITDA": 53374000.0,
        "EBIT": 28167000.0,
        "Net Interest Income": -14241000.0,
        "Interest Expense": 14241000.0,
        "Normalized Income": 11310000.0,
        "Net Income From Continuing And Discontinued Operation": 11310000.0,
        "Total Expenses": 122639000.0,
        "Total Operating Income As Reported": 26402000.0,
        "Diluted Average Shares": 30346040.0,
        "Basic Average Shares": 30244511.0,
        "Diluted EPS": 0.38,
        "Basic EPS": 0.38,
        "Diluted NI Availto Com Stockholders": 11310000.0,
        "Net Income Common Stockholders": 11310000.0,
        "Net Income": 11310000.0,
        "Minority Interests": -248000.0,
        "Net Income Including Noncontrolling Interests": 11558000.0,
        "Net Income Continuous Operations": 11558000.0,
        "Tax Provision": 2368000.0,
        "Pretax Income": 13926000.0,
        "Other Income Expense": 1765000.0,
        "Other Non Operating Income Expenses": 1765000.0,
        "Special Income Charges": 0.0,
        "Gain On Sale Of Business": 0.0,
        "Impairment Of Capital Assets": NaN,
        "Gain On Sale Of Security": NaN,
        "Net Non Operating Interest Income Expense": -14241000.0,
        "Interest Expense Non Operating": 14241000.0,
        "Operating Income": 26402000.0,
        "Operating Expense": 56046000.0,
        "Other Taxes": 7579000.0,
        "Depreciation Amortization Depletion Income Statement": 25207000.0,
        "Depreciation And Amortization In Income Statement": 25207000.0,
        "Selling General And Administration": 23260000.0,
        "General And Administrative Expense": 23260000.0,
        "Other Gand A": 23260000.0,
        "Gross Profit": 82448000.0,
        "Cost Of Revenue": 66593000.0,
        "Total Revenue": 149041000.0,
        "Operating Revenue": 149041000.0
    },
    "2022-03-31": {
        "Diluted EPS": 0.12,
        "Total Revenue": 124,
        "Gross Profit": 78,
        "Operating Income": 17,
        "EBIT": 45,
        "Net Income": 4
    },
    "2021-12-31": {
        "Diluted EPS": 0.61,
        "Total Revenue": 140,
        "Gross Profit": 87,
        "Operating Income": 32,
        "EBIT": 56,
        "Net Income": 18
    },
    "2021-09-30": {
        "Diluted EPS": 0.64,
        "Total Revenue": 167,
        "Gross Profit": 95,
        "Operating Income": 34,
        "EBIT": 57,
        "Net Income": 19
    },
    "2021-06-30": {
        "Diluted EPS": 0.69,
        "Total Revenue": 152,
        "Gross Profit": 91,
        "Operating Income": 33,
        "EBIT": 57,
        "Net Income": 21
    },
    "2021-03-31": {
        "Diluted EPS": 0.09,
        "Total Revenue": 115,
        "Gross Profit": 71,
        "Operating Income": 13,
        "EBIT": 37,
        "Net Income": 3
    },
    "2020-12-31": {
        "Diluted EPS": 0.46,
        "Total Revenue": 136,
        "Gross Profit": 82,
        "Operating Income": 24,
        "EBIT": 47,
        "Net Income": 13
    },
    "2020-09-30": {
        "Diluted EPS": 0.91,
        "Total Revenue": 166,
        "Gross Profit": 96,
        "Operating Income": 42,
        "EBIT": 65,
        "Net Income": 26
    },
    "2020-06-30": {
        "Diluted EPS": 0.69,
        "Total Revenue": 147,
        "Gross Profit": 89,
        "Operating Income": 36,
        "EBIT": 59,
        "Net Income": 20
    },
    "2020-03-31": {
        "Diluted EPS": 0.08,
        "Total Revenue": 116,
        "Gross Profit": 72,
        "Operating Income": 15,
        "EBIT": 38,
        "Net Income": 2
    },
    "2019-12-31": {
        "Diluted EPS": -0.19,
        "Total Revenue": 126,
        "Gross Profit": 75,
        "Operating Income": 6,
        "EBIT": 27,
        "Net Income": -5
    },
    "2019-09-30": {
        "Diluted EPS": 0.33,
        "Total Revenue": 114,
        "Gross Profit": 58,
        "Operating Income": 17,
        "EBIT": 33,
        "Net Income": 9
    },
    "2019-06-30": {
        "Diluted EPS": 0.47,
        "Total Revenue": 103,
        "Gross Profit": 61,
        "Operating Income": 22,
        "EBIT": 38,
        "Net Income": 14
    },
    "2019-03-31": {
        "Diluted EPS": 0.21,
        "Total Revenue": 78,
        "Gross Profit": 51,
        "Operating Income": 12,
        "EBIT": 28,
        "Net Income": 6
    },
    "2018-12-31": {
        "Diluted EPS": 0.38,
        "Total Revenue": 99,
        "Gross Profit": 55,
        "Operating Income": 17,
        "EBIT": 32,
        "Net Income": 9
    },
    "2018-09-30": {
        "Diluted EPS": 0.76,
        "Total Revenue": 125,
        "Gross Profit": 70,
        "Operating Income": 26,
        "EBIT": 40,
        "Net Income": 16
    },
    "2018-06-30": {
        "Diluted EPS": 0.62,
        "Total Revenue": 99,
        "Gross Profit": 59,
        "Operating Income": 23,
        "EBIT": 37,
        "Net Income": 13
    },
    "2018-03-31": {
        "Diluted EPS": 0.06,
        "Total Revenue": 75,
        "Gross Profit": 45,
        "Operating Income": 7,
        "EBIT": 21,
        "Net Income": 1
    },
    "2017-12-31": {
        "Diluted EPS": 0.84,
        "Total Revenue": 94,
        "Gross Profit": 54,
        "Operating Income": 19,
        "EBIT": 32,
        "Net Income": 17
    },
    "2017-09-30": {
        "Diluted EPS": 0.94,
        "Total Revenue": 125,
        "Gross Profit": 71,
        "Operating Income": 39,
        "EBIT": 52,
        "Net Income": 20
    },
    "2017-06-30": {
        "Diluted EPS": 0.9,
        "Total Revenue": 102,
        "Gross Profit": 63,
        "Operating Income": 32,
        "EBIT": 44,
        "Net Income": 19
    },
    "2017-03-31": {
        "Diluted EPS": 0.18,
        "Total Revenue": 69,
        "Gross Profit": 43,
        "Operating Income": 12,
        "EBIT": 24,
        "Net Income": 4
    },
    "2016-12-31": {
        "Diluted EPS": 0.67,
        "Total Revenue": 79,
        "Gross Profit": 47,
        "Operating Income": 21,
        "EBIT": 32,
        "Net Income": 14
    },
    "2016-09-30": {
        "Diluted EPS": 0.92,
        "Total Revenue": 112,
        "Gross Profit": 67,
        "Operating Income": 36,
        "EBIT": 48,
        "Net Income": 19
    },
    "2016-06-30": {
        "Diluted EPS": 0.82,
        "Total Revenue": 87,
        "Gross Profit": 59,
        "Operating Income": 30,
        "EBIT": 41,
        "Net Income": 17
    },
    "2016-03-31": {
        "Diluted EPS": 0.16,
        "Total Revenue": 61,
        "Gross Profit": 40,
        "Operating Income": 11,
        "EBIT": 22,
        "Net Income": 3
    },
    "2015-12-31": {
        "Diluted EPS": 0.8,
        "Total Revenue": 88,
        "Gross Profit": 61,
        "Operating Income": 32,
        "EBIT": 42,
        "Net Income": 16
    },
    "2015-09-30": {
        "Diluted EPS": 0.46,
        "Total Revenue": 83,
        "Gross Profit": 47,
        "Operating Income": 18,
        "EBIT": 29,
        "Net Income": 10
    },
    "2015-06-30": {
        "Diluted EPS": 0.36,
        "Total Revenue": 72,
        "Gross Profit": 46,
        "Operating Income": 17,
        "EBIT": 28,
        "Net Income": 7
    },
    "2015-03-31": {
        "Diluted EPS": 0.23,
        "Total Revenue": 62,
        "Gross Profit": 41,
        "Operating Income": 13,
        "EBIT": 23,
        "Net Income": 5
    },
    "2014-12-31": {
        "Diluted EPS": 0.28,
        "Total Revenue": 69,
        "Gross Profit": 43,
        "Operating Income": 16,
        "EBIT": 25,
        "Net Income": 6
    },
    "2014-09-30": {
        "Diluted EPS": 1.88,
        "Total Revenue": 125,
        "Gross Profit": 86,
        "Operating Income": 59,
        "EBIT": 69,
        "Net Income": 38
    },
    "2014-06-30": {
        "Diluted EPS": 0.34,
        "Total Revenue": 70,
        "Gross Profit": 37,
        "Operating Income": 12,
        "EBIT": 22,
        "Net Income": 7
    },
    "2014-03-31": {
        "Diluted EPS": 0.04,
        "Total Revenue": 55,
        "Gross Profit": 31,
        "Operating Income": 6,
        "EBIT": 16,
        "Net Income": 1
    },
    "2013-12-31": {
        "Diluted EPS": 0.24,
        "Total Revenue": 67,
        "Gross Profit": 38,
        "Operating Income": 11,
        "EBIT": 20,
        "Net Income": 5
    },
    "2013-09-30": {
        "Diluted EPS": 0.44,
        "Total Revenue": 85,
        "Gross Profit": 45,
        "Operating Income": 19,
        "EBIT": 29,
        "Net Income": 9
    },
    "2013-06-30": {
        "Diluted EPS": 0.37,
        "Total Revenue": 74,
        "Gross Profit": 42,
        "Operating Income": 17,
        "EBIT": 26,
        "Net Income": 7
    },
    "2013-03-31": {
        "Diluted EPS": 0.07,
        "Total Revenue": 50,
        "Gross Profit": 32,
        "Operating Income": 6,
        "EBIT": 15,
        "Net Income": 1
    },
    "2012-12-31": {
        "Diluted EPS": 0.31,
        "Total Revenue": 62,
        "Gross Profit": 39,
        "Operating Income": 14,
        "EBIT": 23,
        "Net Income": 6
    },
    "2012-09-30": {
        "Diluted EPS": 0.53,
        "Total Revenue": 82,
        "Gross Profit": 46,
        "Operating Income": 21,
        "EBIT": 30,
        "Net Income": 10
    },
    "2012-06-30": {
        "Diluted EPS": 0.28,
        "Total Revenue": 66,
        "Gross Profit": 38,
        "Operating Income": 14,
        "EBIT": 22,
        "Net Income": 5
    },
    "2012-03-31": {
        "Diluted EPS": 0.06,
        "Total Revenue": 51,
        "Gross Profit": 31,
        "Operating Income": 7,
        "EBIT": 15,
        "Net Income": 1
    },
    "2011-12-31": {
        "Diluted EPS": 0.35,
        "Total Revenue": 62,
        "Gross Profit": 40,
        "Operating Income": 17,
        "EBIT": 25,
        "Net Income": 7
    },
    "2011-09-30": {
        "Diluted EPS": 0.44,
        "Total Revenue": 74,
        "Gross Profit": 42,
        "Operating Income": 18,
        "EBIT": 27,
        "Net Income": 8
    },
    "2011-06-30": {
        "Diluted EPS": 0.29,
        "Total Revenue": 59,
        "Gross Profit": 37,
        "Operating Income": 14,
        "EBIT": 22,
        "Net Income": 5
    },
    "2011-03-31": {
        "Diluted EPS": 0.03,
        "Total Revenue": 44,
        "Gross Profit": 28,
        "Operating Income": 6,
        "EBIT": 14,
        "Net Income": 1
    },
    "2010-12-31": {
        "Diluted EPS": 0.43,
        "Total Revenue": 51,
        "Gross Profit": 30,
        "Operating Income": 3,
        "EBIT": 12,
        "Net Income": 8
    },
    "2010-09-30": {
        "Diluted EPS": 0.58,
        "Total Revenue": 70,
        "Gross Profit": 40,
        "Operating Income": 18,
        "EBIT": 25,
        "Net Income": 11
    },
    "2010-06-30": {
        "Diluted EPS": 0.24,
        "Total Revenue": 54,
        "Gross Profit": 32,
        "Operating Income": 11,
        "EBIT": 18,
        "Net Income": 5
    },
    "2010-03-31": {
        "Diluted EPS": 0.05,
        "Total Revenue": 40,
        "Gross Profit": 26,
        "Operating Income": 5,
        "EBIT": 12,
        "Net Income": 1
    },
    "2009-12-31": {
        "Diluted EPS": 0.14,
        "Total Revenue": 49,
        "Gross Profit": 21,
        "Operating Income": 17,
        "EBIT": 24,
        "Net Income": 3
    },
    "2009-09-30": {
        "Diluted EPS": 0.43,
        "Total Revenue": 69,
        "Gross Profit": 41,
        "Operating Income": 12,
        "EBIT": 18,
        "Net Income": 8
    },
    "2009-06-30": {
        "Diluted EPS": 0.23,
        "Total Revenue": 58,
        "Gross Profit": 34,
        "Operating Income": 8,
        "EBIT": 14,
        "Net Income": 4
    },
    "2009-03-31": {
        "Diluted EPS": 0.01,
        "Total Revenue": 40,
        "Gross Profit": 26,
        "Operating Income": 3,
        "EBIT": 10,
        "Net Income": 0
    },
    "2023-09-30": {
        "Tax Effect Of Unusual Items": 0.0,
        "Tax Rate For Calcs": 0.11,
        "Normalized EBITDA": 84561000.0,
        "Net Income From Continuing Operation Net Minority Interest": 36222000.0,
        "Reconciled Depreciation": 27034000.0,
        "Reconciled Cost Of Revenue": 88520000.0,
        "EBITDA": 84561000.0,
        "EBIT": 57527000.0,
        "Net Interest Income": -16744000.0,
        "Interest Expense": 16744000.0,
        "Normalized Income": 36222000.0,
        "Net Income From Continuing And Discontinued Operation": 36222000.0,
        "Total Expenses": 148237000.0,
        "Total Operating Income As Reported": 56606000.0,
        "Diluted Average Shares": 31934636.0,
        "Basic Average Shares": 31862518.0,
        "Diluted EPS": 1.13,
        "Basic EPS": 1.14,
        "Diluted NI Availto Com Stockholders": 36222000.0,
        "Net Income Common Stockholders": 36222000.0,
        "Net Income": 36222000.0,
        "Minority Interests": NaN,
        "Net Income Including Noncontrolling Interests": 36222000.0,
        "Net Income Continuous Operations": 36222000.0,
        "Tax Provision": 4561000.0,
        "Pretax Income": 40783000.0,
        "Other Income Expense": 921000.0,
        "Other Non Operating Income Expenses": 921000.0,
        "Net Non Operating Interest Income Expense": -16744000.0,
        "Interest Expense Non Operating": 16744000.0,
        "Operating Income": 56606000.0,
        "Operating Expense": 59138000.0,
        "Other Taxes": 8795000.0,
        "Depreciation Amortization Depletion Income Statement": 26455000.0,
        "Depreciation And Amortization In Income Statement": 26455000.0,
        "Selling General And Administration": 23888000.0,
        "General And Administrative Expense": 23888000.0,
        "Other Gand A": 23888000.0,
        "Salaries And Wages": NaN,
        "Gross Profit": 115744000.0,
        "Cost Of Revenue": 89099000.0,
        "Total Revenue": 204843000.0,
        "Operating Revenue": 204843000.0
    },
    "2023-12-31": {
        "Tax Effect Of Unusual Items": 0.0,
        "Tax Rate For Calcs": 0.088026,
        "Normalized EBITDA": 65603000.0,
        "Net Income From Continuing Operation Net Minority Interest": 18949000.0,
        "Reconciled Depreciation": 27594000.0,
        "Reconciled Cost Of Revenue": 70971000.0,
        "EBITDA": 65603000.0,
        "EBIT": 38009000.0,
        "Net Interest Income": -17231000.0,
        "Interest Expense": 17231000.0,
        "Normalized Income": 18949000.0,
        "Net Income From Continuing And Discontinued Operation": 18949000.0,
        "Total Expenses": 134845000.0,
        "Total Operating Income As Reported": 36493000.0,
        "Diluted Average Shares": 32068000.0,
        "Basic Average Shares": 31988000.0,
        "Diluted EPS": 0.59,
        "Basic EPS": 0.59,
        "Diluted NI Availto Com Stockholders": 18949000.0,
        "Net Income Common Stockholders": 18949000.0,
        "Net Income": 18949000.0,
        "Net Income Including Noncontrolling Interests": 18949000.0,
        "Net Income Continuous Operations": 18949000.0,
        "Tax Provision": 1829000.0,
        "Pretax Income": 20778000.0,
        "Other Income Expense": 1516000.0,
        "Other Non Operating Income Expenses": 1516000.0,
        "Net Non Operating Interest Income Expense": -17231000.0,
        "Interest Expense Non Operating": 17231000.0,
        "Operating Income": 36493000.0,
        "Operating Expense": 63276000.0,
        "Other Taxes": 9383000.0,
        "Depreciation Amortization Depletion Income Statement": 26996000.0,
        "Depreciation And Amortization In Income Statement": 26996000.0,
        "Selling General And Administration": 26897000.0,
        "General And Administrative Expense": 26897000.0,
        "Other Gand A": 26897000.0,
        "Salaries And Wages": NaN,
        "Gross Profit": 99769000.0,
        "Cost Of Revenue": 71569000.0,
        "Total Revenue": 171338000.0,
        "Operating Revenue": 171338000.0
    },
    "2024-03-31": {
        "Tax Effect Of Unusual Items": 0.0,
        "Tax Rate For Calcs": 0.16,
        "Normalized EBITDA": 60438000.0,
        "Net Income From Continuing Operation Net Minority Interest": 11699000.0,
        "Reconciled Depreciation": 28924000.0,
        "Reconciled Cost Of Revenue": 57927000.0,
        "EBITDA": 60438000.0,
        "EBIT": 31514000.0,
        "Net Interest Income": -17584000.0,
        "Interest Expense": 17584000.0,
        "Normalized Income": 11699000.0,
        "Net Income From Continuing And Discontinued Operation": 11699000.0,
        "Total Expenses": 121469000.0,
        "Total Operating Income As Reported": 27913000.0,
        "Diluted Average Shares": 32145000.0,
        "Basic Average Shares": 32077000.0,
        "Diluted EPS": 0.36,
        "Basic EPS": 0.36,
        "Diluted NI Availto Com Stockholders": 11699000.0,
        "Net Income Common Stockholders": 11699000.0,
        "Net Income": 11699000.0,
        "Net Income Including Noncontrolling Interests": 11699000.0,
        "Net Income Continuous Operations": 11699000.0,
        "Tax Provision": 2231000.0,
        "Pretax Income": 13930000.0,
        "Other Income Expense": 3601000.0,
        "Other Non Operating Income Expenses": 3601000.0,
        "Net Non Operating Interest Income Expense": -17584000.0,
        "Interest Expense Non Operating": 17584000.0,
        "Operating Income": 27913000.0,
        "Operating Expense": 62988000.0,
        "Other Taxes": 8830000.0,
        "Depreciation Amortization Depletion Income Statement": 28370000.0,
        "Depreciation And Amortization In Income Statement": 28370000.0,
        "Selling General And Administration": 25788000.0,
        "General And Administrative Expense": 25788000.0,
        "Other Gand A": 25788000.0,
        "Salaries And Wages": NaN,
        "Gross Profit": 90901000.0,
        "Cost Of Revenue": 58481000.0,
        "Total Revenue": 149382000.0,
        "Operating Revenue": 149382000.0
    },
    "2024-06-30": {
        "Tax Effect Of Unusual Items": 0.0,
        "Tax Rate For Calcs": 0.15,
        "Normalized EBITDA": 71637000.0,
        "Net Income From Continuing Operation Net Minority Interest": 20696000.0,
        "Reconciled Depreciation": 28923000.0,
        "Reconciled Cost Of Revenue": 77794000.0,
        "EBITDA": 71637000.0,
        "EBIT": 42714000.0,
        "Net Interest Income": -18294000.0,
        "Interest Expense": 18294000.0,
        "Normalized Income": 20696000.0,
        "Net Income From Continuing And Discontinued Operation": 20696000.0,
        "Total Expenses": 135604000.0,
        "Total Operating Income As Reported": 40570000.0,
        "Diluted Average Shares": 32460894.0,
        "Basic Average Shares": 32397501.0,
        "Diluted EPS": 0.64,
        "Basic EPS": 0.64,
        "Diluted NI Availto Com Stockholders": 20696000.0,
        "Net Income Common Stockholders": 20696000.0,
        "Net Income": 20696000.0,
        "Net Income Including Noncontrolling Interests": 20696000.0,
        "Net Income Continuous Operations": 20696000.0,
        "Tax Provision": 3724000.0,
        "Pretax Income": 24420000.0,
        "Other Income Expense": 2144000.0,
        "Other Non Operating Income Expenses": 2144000.0,
        "Net Non Operating Interest Income Expense": -18294000.0,
        "Interest Expense Non Operating": 18294000.0,
        "Operating Income": 40570000.0,
        "Operating Expense": 57253000.0,
        "Other Taxes": 8419000.0,
        "Depreciation Amortization Depletion Income Statement": 28366000.0,
        "Depreciation And Amortization In Income Statement": 28366000.0,
        "Selling General And Administration": 20468000.0,
        "General And Administrative Expense": 20468000.0,
        "Other Gand A": 20468000.0,
        "Salaries And Wages": -939000.0,
        "Gross Profit": 97823000.0,
        "Cost Of Revenue": 78351000.0,
        "Total Revenue": 176174000.0,
        "Operating Revenue": 176174000.0
    },
    "2024-09-30": {
        "Tax Effect Of Unusual Items": 0.0,
        "Tax Rate For Calcs": 0.05,
        "Normalized EBITDA": 86060000.0,
        "Net Income From Continuing Operation Net Minority Interest": 38652000.0,
        "Reconciled Depreciation": 27964000.0,
        "Reconciled Cost Of Revenue": 103677000.0,
        "EBITDA": 86060000.0,
        "EBIT": 58096000.0,
        "Net Interest Income": -17516000.0,
        "Interest Expense": 17516000.0,
        "Normalized Income": 38652000.0,
        "Net Income From Continuing And Discontinued Operation": 38652000.0,
        "Total Expenses": 166710000.0,
        "Total Operating Income As Reported": 58353000.0,
        "Diluted Average Shares": 32982580.0,
        "Basic Average Shares": 32896967.0,
        "Diluted EPS": 1.17,
        "Basic EPS": 1.17,
        "Diluted NI Availto Com Stockholders": 38652000.0,
        "Net Income Common Stockholders": 38652000.0,
        "Net Income": 38652000.0,
        "Net Income Including Noncontrolling Interests": 38652000.0,
        "Net Income Continuous Operations": 38652000.0,
        "Tax Provision": 1928000.0,
        "Pretax Income": 40580000.0,
        "Other Income Expense": -257000.0,
        "Other Non Operating Income Expenses": -257000.0,
        "Net Non Operating Interest Income Expense": -17516000.0,
        "Interest Expense Non Operating": 17516000.0,
        "Operating Income": 58353000.0,
        "Operating Expense": 62492000.0,
        "Other Taxes": 9361000.0,
        "Depreciation Amortization Depletion Income Statement": 27423000.0,
        "Depreciation And Amortization In Income Statement": 27423000.0,
        "Selling General And Administration": 25708000.0,
        "General And Administrative Expense": 25708000.0,
        "Other Gand A": 25708000.0,
        "Salaries And Wages": NaN,
        "Gross Profit": 120845000.0,
        "Cost Of Revenue": 104218000.0,
        "Total Revenue": 225063000.0,
        "Operating Revenue": 225063000.0
    },
    "2024-12-31": {
        "Tax Effect Of Unusual Items": 0.0,
        "Tax Rate For Calcs": 0.045278,
        "Normalized EBITDA": 71242000.0,
        "Net Income From Continuing Operation Net Minority Interest": 22920000.0,
        "Reconciled Depreciation": 29239000.0,
        "Reconciled Cost Of Revenue": 81730000.0,
        "EBITDA": 71242000.0,
        "EBIT": 42003000.0,
        "Net Interest Income": -17996000.0,
        "Interest Expense": 17996000.0,
        "Normalized Income": 22920000.0,
        "Net Income From Continuing And Discontinued Operation": 22920000.0,
        "Total Expenses": 154153000.0,
        "Total Operating Income As Reported": 43667000.0,
        "Diluted Average Shares": 33520161.0,
        "Basic Average Shares": 33423902.0,
        "Diluted EPS": 0.68,
        "Basic EPS": 0.69,
        "Diluted NI Availto Com Stockholders": 22920000.0,
        "Net Income Common Stockholders": 22920000.0,
        "Net Income": 22920000.0,
        "Net Income Including Noncontrolling Interests": 22920000.0,
        "Net Income Continuous Operations": 22920000.0,
        "Tax Provision": 1087000.0,
        "Pretax Income": 24007000.0,
        "Other Income Expense": -1664000.0,
        "Other Non Operating Income Expenses": -1664000.0,
        "Net Non Operating Interest Income Expense": -17996000.0,
        "Interest Expense Non Operating": 17996000.0,
        "Operating Income": 43667000.0,
        "Operating Expense": 71880000.0,
        "Other Taxes": 9318000.0,
        "Depreciation Amortization Depletion Income Statement": 28696000.0,
        "Depreciation And Amortization In Income Statement": 28696000.0,
        "Selling General And Administration": 33866000.0,
        "General And Administrative Expense": 33866000.0,
        "Other Gand A": 33866000.0,
        "Salaries And Wages": NaN,
        "Gross Profit": 115547000.0,
        "Cost Of Revenue": 82273000.0,
        "Total Revenue": 197820000.0,
        "Operating Revenue": 197820000.0
    }
}