{
    "2023-03-31": {
        "Tax Effect Of Unusual Items": NaN,
        "Tax Rate For Calcs": NaN,
        "Normalized EBITDA": NaN,
        "Total Unusual Items": NaN,
        "Total Unusual Items Excluding Goodwill": NaN,
        "Net Income From Continuing Operation Net Minority Interest": NaN,
        "Reconciled Depreciation": NaN,
        "Reconciled Cost Of Revenue": NaN,
        "EBITDA": NaN,
        "EBIT": NaN,
        "Net Interest Income": NaN,
        "Interest Expense": NaN,
        "Interest Income": NaN,
        "Normalized Income": NaN,
        "Net Income From Continuing And Discontinued Operation": NaN,
        "Total Expenses": NaN,
        "Total Operating Income As Reported": NaN,
        "Diluted Average Shares": 132420762.0,
        "Basic Average Shares": 132420762.0,
        "Diluted EPS": -0.15,
        "Basic EPS": -0.15,
        "Diluted NI Availto Com Stockholders": NaN,
        "Average Dilution Earnings": NaN,
        "Net Income Common Stockholders": NaN,
        "Net Income": NaN,
        "Net Income Including Noncontrolling Interests": NaN,
        "Net Income Continuous Operations": NaN,
        "Tax Provision": NaN,
        "Pretax Income": NaN,
        "Other Income Expense": NaN,
        "Other Non Operating Income Expenses": NaN,
        "Gain On Sale Of Security": NaN,
        "Net Non Operating Interest Income Expense": NaN,
        "Interest Expense Non Operating": NaN,
        "Interest Income Non Operating": NaN,
        "Operating Income": NaN,
        "Operating Expense": NaN,
        "Research And Development": NaN,
        "Selling General And Administration": NaN,
        "Selling And Marketing Expense": NaN,
        "General And Administrative Expense": NaN,
        "Other Gand A": NaN,
        "Gross Profit": NaN,
        "Cost Of Revenue": NaN,
        "Total Revenue": NaN,
        "Operating Revenue": NaN
    },
    "2022-12-31": {
        "Tax Effect Of Unusual Items": NaN,
        "Tax Rate For Calcs": NaN,
        "Normalized EBITDA": NaN,
        "Total Unusual Items": NaN,
        "Total Unusual Items Excluding Goodwill": NaN,
        "Net Income From Continuing Operation Net Minority Interest": NaN,
        "Reconciled Depreciation": NaN,
        "Reconciled Cost Of Revenue": NaN,
        "EBITDA": NaN,
        "EBIT": NaN,
        "Net Interest Income": NaN,
        "Interest Expense": NaN,
        "Interest Income": NaN,
        "Normalized Income": NaN,
        "Net Income From Continuing And Discontinued Operation": NaN,
        "Total Expenses": NaN,
        "Total Operating Income As Reported": NaN,
        "Diluted Average Shares": 138198781.0,
        "Basic Average Shares": 138198781.0,
        "Diluted EPS": 0.03,
        "Basic EPS": 0.03,
        "Diluted NI Availto Com Stockholders": NaN,
        "Average Dilution Earnings": NaN,
        "Net Income Common Stockholders": NaN,
        "Net Income": NaN,
        "Net Income Including Noncontrolling Interests": NaN,
        "Net Income Continuous Operations": NaN,
        "Tax Provision": NaN,
        "Pretax Income": NaN,
        "Other Income Expense": NaN,
        "Other Non Operating Income Expenses": NaN,
        "Gain On Sale Of Security": NaN,
        "Net Non Operating Interest Income Expense": NaN,
        "Interest Expense Non Operating": NaN,
        "Interest Income Non Operating": NaN,
        "Operating Income": NaN,
        "Operating Expense": NaN,
        "Research And Development": NaN,
        "Selling General And Administration": NaN,
        "Selling And Marketing Expense": NaN,
        "General And Administrative Expense": NaN,
        "Other Gand A": NaN,
        "Gross Profit": NaN,
        "Cost Of Revenue": NaN,
        "Total Revenue": NaN,
        "Operating Revenue": NaN
    },
    "2022-09-30": {
        "Tax Effect Of Unusual Items": 907620.0,
        "Tax Rate For Calcs": 0.21,
        "Normalized EBITDA": -1632000.0,
        "Total Unusual Items": 4322000.0,
        "Total Unusual Items Excluding Goodwill": 4322000.0,
        "Net Income From Continuing Operation Net Minority Interest": 131000.0,
        "Reconciled Depreciation": 5693000.0,
        "Reconciled Cost Of Revenue": 27217000.0,
        "EBITDA": 2690000.0,
        "EBIT": 2690000.0,
        "Net Interest Income": -3380000.0,
        "Interest Expense": 3380000.0,
        "Interest Income": NaN,
        "Normalized Income": -3283380.0,
        "Net Income From Continuing And Discontinued Operation": 131000.0,
        "Total Expenses": 92933000.0,
        "Total Operating Income As Reported": -4141000.0,
        "Diluted Average Shares": 151417710.0,
        "Basic Average Shares": 150788695.0,
        "Diluted EPS": -0.03,
        "Basic EPS": 0.000869,
        "Diluted NI Availto Com Stockholders": 131000.0,
        "Average Dilution Earnings": -4284000.0,
        "Net Income Common Stockholders": 131000.0,
        "Net Income": 131000.0,
        "Net Income Including Noncontrolling Interests": 131000.0,
        "Net Income Continuous Operations": 131000.0,
        "Tax Provision": -821000.0,
        "Pretax Income": -690000.0,
        "Other Income Expense": 6831000.0,
        "Other Non Operating Income Expenses": 2509000.0,
        "Gain On Sale Of Security": 4322000.0,
        "Net Non Operating Interest Income Expense": -3380000.0,
        "Interest Expense Non Operating": 3380000.0,
        "Interest Income Non Operating": NaN,
        "Operating Income": -4141000.0,
        "Operating Expense": 65716000.0,
        "Research And Development": 2167000.0,
        "Selling General And Administration": 63549000.0,
        "Selling And Marketing Expense": 39767000.0,
        "General And Administrative Expense": 23782000.0,
        "Other Gand A": 23782000.0,
        "Gross Profit": 61575000.0,
        "Cost Of Revenue": 27217000.0,
        "Total Revenue": 88792000.0,
        "Operating Revenue": 88792000.0
    },
    "2022-06-30": {
        "Tax Effect Of Unusual Items": 123300.5,
        "Tax Rate For Calcs": 0.0095,
        "Normalized EBITDA": 2835000.0,
        "Total Unusual Items": 12979000.0,
        "Total Unusual Items Excluding Goodwill": 12979000.0,
        "Net Income From Continuing Operation Net Minority Interest": 7931000.0,
        "Reconciled Depreciation": 4590000.0,
        "Reconciled Cost Of Revenue": 31882000.0,
        "EBITDA": 15814000.0,
        "EBIT": 11224000.0,
        "Net Interest Income": -3217000.0,
        "Interest Expense": 3217000.0,
        "Interest Income": NaN,
        "Normalized Income": -4924699.5,
        "Net Income From Continuing And Discontinued Operation": 7931000.0,
        "Total Expenses": 106949000.0,
        "Total Operating Income As Reported": -3413000.0,
        "Diluted Average Shares": 151719451.0,
        "Basic Average Shares": 150731491.0,
        "Diluted EPS": -0.06,
        "Basic EPS": 0.04,
        "Diluted NI Availto Com Stockholders": -7254000.0,
        "Average Dilution Earnings": -15185000.0,
        "Net Income Common Stockholders": 7931000.0,
        "Net Income": 7931000.0,
        "Net Income Including Noncontrolling Interests": 7931000.0,
        "Net Income Continuous Operations": 7931000.0,
        "Tax Provision": 76000.0,
        "Pretax Income": 8007000.0,
        "Other Income Expense": 14637000.0,
        "Other Non Operating Income Expenses": 1658000.0,
        "Gain On Sale Of Security": 12979000.0,
        "Net Non Operating Interest Income Expense": -3217000.0,
        "Interest Expense Non Operating": 3217000.0,
        "Interest Income Non Operating": NaN,
        "Operating Income": -3413000.0,
        "Operating Expense": 75067000.0,
        "Research And Development": 2601000.0,
        "Selling General And Administration": 72466000.0,
        "Selling And Marketing Expense": 44881000.0,
        "General And Administrative Expense": 27585000.0,
        "Other Gand A": 27585000.0,
        "Gross Profit": 71654000.0,
        "Cost Of Revenue": 31882000.0,
        "Total Revenue": 103536000.0,
        "Operating Revenue": 103536000.0
    },
    "2023-06-30": {
        "Tax Effect Of Unusual Items": NaN,
        "Tax Rate For Calcs": NaN,
        "Normalized EBITDA": NaN,
        "Total Unusual Items": NaN,
        "Total Unusual Items Excluding Goodwill": NaN,
        "Net Income From Continuing Operation Net Minority Interest": NaN,
        "Reconciled Depreciation": NaN,
        "Reconciled Cost Of Revenue": NaN,
        "EBITDA": NaN,
        "EBIT": NaN,
        "Net Interest Income": NaN,
        "Interest Expense": NaN,
        "Interest Income": NaN,
        "Normalized Income": NaN,
        "Net Income From Continuing And Discontinued Operation": NaN,
        "Total Expenses": NaN,
        "Total Operating Income As Reported": NaN,
        "Diluted Average Shares": 132716024.0,
        "Basic Average Shares": 132716024.0,
        "Diluted EPS": 0.03,
        "Basic EPS": 0.03,
        "Diluted NI Availto Com Stockholders": NaN,
        "Average Dilution Earnings": NaN,
        "Net Income Common Stockholders": NaN,
        "Net Income": NaN,
        "Net Income Including Noncontrolling Interests": NaN,
        "Net Income Continuous Operations": NaN,
        "Tax Provision": NaN,
        "Pretax Income": NaN,
        "Other Income Expense": NaN,
        "Other Non Operating Income Expenses": NaN,
        "Gain On Sale Of Security": NaN,
        "Net Non Operating Interest Income Expense": NaN,
        "Interest Expense Non Operating": NaN,
        "Interest Income Non Operating": NaN,
        "Operating Income": NaN,
        "Operating Expense": NaN,
        "Research And Development": NaN,
        "Selling General And Administration": NaN,
        "Selling And Marketing Expense": NaN,
        "General And Administrative Expense": NaN,
        "Other Gand A": NaN,
        "Gross Profit": NaN,
        "Cost Of Revenue": NaN,
        "Total Revenue": NaN,
        "Operating Revenue": NaN
    },
    "2022-03-31": {
        "Diluted EPS": 0.76,
        "Total Revenue": 605,
        "Gross Profit": 443,
        "Operating Income": 52,
        "EBIT": 69,
        "Net Income": 39
    },
    "2021-12-31": {
        "Diluted EPS": -0.17,
        "Total Revenue": 673,
        "Gross Profit": 500,
        "Operating Income": 20,
        "EBIT": 39,
        "Net Income": -9
    },
    "2021-09-30": {
        "Diluted EPS": 0.97,
        "Total Revenue": 641,
        "Gross Profit": 482,
        "Operating Income": 65,
        "EBIT": 85,
        "Net Income": 50
    },
    "2021-06-30": {
        "Diluted EPS": 1.15,
        "Total Revenue": 704,
        "Gross Profit": 532,
        "Operating Income": 85,
        "EBIT": 105,
        "Net Income": 59
    },
    "2021-03-31": {
        "Diluted EPS": 0.91,
        "Total Revenue": 677,
        "Gross Profit": 506,
        "Operating Income": 63,
        "EBIT": 81,
        "Net Income": 47
    },
    "2020-12-31": {
        "Diluted EPS": 1.38,
        "Total Revenue": 748,
        "Gross Profit": 553,
        "Operating Income": 89,
        "EBIT": 107,
        "Net Income": 73
    },
    "2020-09-30": {
        "Diluted EPS": 1.08,
        "Total Revenue": 703,
        "Gross Profit": 520,
        "Operating Income": 74,
        "EBIT": 92,
        "Net Income": 56
    },
    "2020-06-30": {
        "Diluted EPS": 0.81,
        "Total Revenue": 612,
        "Gross Profit": 458,
        "Operating Income": 58,
        "EBIT": 76,
        "Net Income": 42
    },
    "2020-03-31": {
        "Diluted EPS": 0.36,
        "Total Revenue": 518,
        "Gross Profit": 392,
        "Operating Income": 37,
        "EBIT": 56,
        "Net Income": 20
    },
    "2019-12-31": {
        "Diluted EPS": 0.71,
        "Total Revenue": 583,
        "Gross Profit": 443,
        "Operating Income": 55,
        "EBIT": 73,
        "Net Income": 40
    },
    "2019-09-30": {
        "Diluted EPS": 0.79,
        "Total Revenue": 590,
        "Gross Profit": 450,
        "Operating Income": 70,
        "EBIT": 89,
        "Net Income": 44
    },
    "2019-06-30": {
        "Diluted EPS": 0.83,
        "Total Revenue": 624,
        "Gross Profit": 469,
        "Operating Income": 74,
        "EBIT": 93,
        "Net Income": 46
    },
    "2019-03-31": {
        "Diluted EPS": 0.77,
        "Total Revenue": 624,
        "Gross Profit": 477,
        "Operating Income": 69,
        "EBIT": 88,
        "Net Income": 43
    },
    "2018-12-31": {
        "Diluted EPS": -0.32,
        "Total Revenue": 683,
        "Gross Profit": 521,
        "Operating Income": 18,
        "EBIT": 39,
        "Net Income": -18
    },
    "2018-09-30": {
        "Diluted EPS": 0.94,
        "Total Revenue": 675,
        "Gross Profit": 518,
        "Operating Income": 81,
        "EBIT": 103,
        "Net Income": 53
    },
    "2018-06-30": {
        "Diluted EPS": 0.9,
        "Total Revenue": 704,
        "Gross Profit": 536,
        "Operating Income": 83,
        "EBIT": 104,
        "Net Income": 51
    },
    "2018-03-31": {
        "Diluted EPS": 0.64,
        "Total Revenue": 616,
        "Gross Profit": 470,
        "Operating Income": 59,
        "EBIT": 78,
        "Net Income": 36
    },
    "2017-12-31": {
        "Diluted EPS": 0.32,
        "Total Revenue": 666,
        "Gross Profit": 518,
        "Operating Income": 99,
        "EBIT": 118,
        "Net Income": 18
    },
    "2017-09-30": {
        "Diluted EPS": 0.76,
        "Total Revenue": 564,
        "Gross Profit": 443,
        "Operating Income": 64,
        "EBIT": 82,
        "Net Income": 42
    },
    "2017-06-30": {
        "Diluted EPS": 0.77,
        "Total Revenue": 550,
        "Gross Profit": 429,
        "Operating Income": 65,
        "EBIT": 82,
        "Net Income": 42
    },
    "2017-03-31": {
        "Diluted EPS": 0.51,
        "Total Revenue": 499,
        "Gross Profit": 388,
        "Operating Income": 46,
        "EBIT": 64,
        "Net Income": 27
    },
    "2016-12-31": {
        "Diluted EPS": 0.72,
        "Total Revenue": 531,
        "Gross Profit": 423,
        "Operating Income": 61,
        "EBIT": 80,
        "Net Income": 38
    },
    "2016-09-30": {
        "Diluted EPS": 0.98,
        "Total Revenue": 604,
        "Gross Profit": 478,
        "Operating Income": 82,
        "EBIT": 101,
        "Net Income": 57
    },
    "2016-06-30": {
        "Diluted EPS": 0.79,
        "Total Revenue": 600,
        "Gross Profit": 472,
        "Operating Income": 80,
        "EBIT": 98,
        "Net Income": 45
    },
    "2016-03-31": {
        "Diluted EPS": 0.06,
        "Total Revenue": 472,
        "Gross Profit": 334,
        "Operating Income": 8,
        "EBIT": 25,
        "Net Income": 3
    },
    "2015-12-31": {
        "Diluted EPS": 0.62,
        "Total Revenue": 572,
        "Gross Profit": 451,
        "Operating Income": 62,
        "EBIT": 81,
        "Net Income": 36
    },
    "2015-09-30": {
        "Diluted EPS": 0.28,
        "Total Revenue": 571,
        "Gross Profit": 419,
        "Operating Income": 43,
        "EBIT": 61,
        "Net Income": 16
    },
    "2015-06-30": {
        "Diluted EPS": 0.75,
        "Total Revenue": 560,
        "Gross Profit": 450,
        "Operating Income": 72,
        "EBIT": 89,
        "Net Income": 45
    },
    "2015-03-31": {
        "Diluted EPS": 0.6,
        "Total Revenue": 543,
        "Gross Profit": 438,
        "Operating Income": 69,
        "EBIT": 85,
        "Net Income": 36
    },
    "2014-12-31": {
        "Diluted EPS": 0.77,
        "Total Revenue": 610,
        "Gross Profit": 503,
        "Operating Income": 91,
        "EBIT": 107,
        "Net Income": 47
    },
    "2014-09-30": {
        "Diluted EPS": 1.12,
        "Total Revenue": 639,
        "Gross Profit": 530,
        "Operating Income": 105,
        "EBIT": 119,
        "Net Income": 68
    },
    "2014-06-30": {
        "Diluted EPS": 0.32,
        "Total Revenue": 650,
        "Gross Profit": 494,
        "Operating Income": 55,
        "EBIT": 67,
        "Net Income": 20
    },
    "2014-03-31": {
        "Diluted EPS": 0.9,
        "Total Revenue": 671,
        "Gross Profit": 564,
        "Operating Income": 101,
        "EBIT": 113,
        "Net Income": 55
    },
    "2013-12-31": {
        "Diluted EPS": 2.02,
        "Total Revenue": NaN,
        "Gross Profit": 891,
        "Operating Income": 189,
        "EBIT": 199,
        "Net Income": 125
    },
    "2013-09-30": {
        "Diluted EPS": 1.8,
        "Total Revenue": 908,
        "Gross Profit": 768,
        "Operating Income": 168,
        "EBIT": 177,
        "Net Income": 111
    },
    "2013-06-30": {
        "Diluted EPS": 1.22,
        "Total Revenue": 671,
        "Gross Profit": 560,
        "Operating Income": 115,
        "EBIT": 122,
        "Net Income": 74
    },
    "2013-03-31": {
        "Diluted EPS": 0.9,
        "Total Revenue": 541,
        "Gross Profit": 451,
        "Operating Income": 83,
        "EBIT": 90,
        "Net Income": 54
    },
    "2012-12-31": {
        "Diluted EPS": 0.97,
        "Total Revenue": 551,
        "Gross Profit": 456,
        "Operating Income": 89,
        "EBIT": 97,
        "Net Income": 59
    },
    "2012-09-30": {
        "Diluted EPS": 0.87,
        "Total Revenue": 526,
        "Gross Profit": 439,
        "Operating Income": 82,
        "EBIT": 91,
        "Net Income": 54
    },
    "2012-06-30": {
        "Diluted EPS": 0.94,
        "Total Revenue": 593,
        "Gross Profit": 498,
        "Operating Income": 98,
        "EBIT": 106,
        "Net Income": 60
    },
    "2012-03-31": {
        "Diluted EPS": 0.74,
        "Total Revenue": 462,
        "Gross Profit": 386,
        "Operating Income": 72,
        "EBIT": 80,
        "Net Income": 48
    },
    "2011-12-31": {
        "Diluted EPS": 0.77,
        "Total Revenue": 471,
        "Gross Profit": 391,
        "Operating Income": 76,
        "EBIT": 84,
        "Net Income": 50
    },
    "2011-09-30": {
        "Diluted EPS": 0.72,
        "Total Revenue": 428,
        "Gross Profit": 358,
        "Operating Income": 67,
        "EBIT": 75,
        "Net Income": 47
    },
    "2011-06-30": {
        "Diluted EPS": 0.65,
        "Total Revenue": 424,
        "Gross Profit": 353,
        "Operating Income": 66,
        "EBIT": 74,
        "Net Income": 42
    },
    "2011-03-31": {
        "Diluted EPS": 0.24,
        "Total Revenue": 396,
        "Gross Profit": 295,
        "Operating Income": 25,
        "EBIT": 33,
        "Net Income": 15
    },
    "2010-12-31": {
        "Diluted EPS": 0.58,
        "Total Revenue": 401,
        "Gross Profit": 330,
        "Operating Income": 59,
        "EBIT": 66,
        "Net Income": 37
    },
    "2010-09-30": {
        "Diluted EPS": 0.55,
        "Total Revenue": 384,
        "Gross Profit": 315,
        "Operating Income": 53,
        "EBIT": 60,
        "Net Income": 35
    },
    "2010-06-30": {
        "Diluted EPS": 0.5,
        "Total Revenue": 388,
        "Gross Profit": 320,
        "Operating Income": 59,
        "EBIT": 67,
        "Net Income": 32
    },
    "2010-03-31": {
        "Diluted EPS": 0.48,
        "Total Revenue": 364,
        "Gross Profit": 299,
        "Operating Income": 46,
        "EBIT": 53,
        "Net Income": 31
    },
    "2009-12-31": {
        "Diluted EPS": 0.46,
        "Total Revenue": 378,
        "Gross Profit": 311,
        "Operating Income": 52,
        "EBIT": 59,
        "Net Income": 30
    },
    "2009-09-30": {
        "Diluted EPS": 0.4,
        "Total Revenue": 334,
        "Gross Profit": 272,
        "Operating Income": 41,
        "EBIT": 48,
        "Net Income": 26
    },
    "2009-06-30": {
        "Diluted EPS": 0.35,
        "Total Revenue": 323,
        "Gross Profit": 262,
        "Operating Income": 34,
        "EBIT": 42,
        "Net Income": 22
    },
    "2009-03-31": {
        "Diluted EPS": 0.19,
        "Total Revenue": 296,
        "Gross Profit": 242,
        "Operating Income": 20,
        "EBIT": 28,
        "Net Income": 12
    },
    "2023-09-30": {
        "Tax Effect Of Unusual Items": NaN,
        "Tax Rate For Calcs": NaN,
        "Normalized EBITDA": NaN,
        "Total Unusual Items": NaN,
        "Total Unusual Items Excluding Goodwill": NaN,
        "Net Income From Continuing Operation Net Minority Interest": NaN,
        "Reconciled Depreciation": NaN,
        "Reconciled Cost Of Revenue": NaN,
        "EBITDA": NaN,
        "EBIT": NaN,
        "Net Interest Income": NaN,
        "Interest Expense": NaN,
        "Interest Income": NaN,
        "Normalized Income": NaN,
        "Net Income From Continuing And Discontinued Operation": NaN,
        "Total Expenses": NaN,
        "Total Operating Income As Reported": NaN,
        "Diluted Average Shares": 132896626.0,
        "Basic Average Shares": 132896626.0,
        "Diluted EPS": -0.56,
        "Basic EPS": -0.56,
        "Diluted NI Availto Com Stockholders": NaN,
        "Average Dilution Earnings": NaN,
        "Net Income Common Stockholders": NaN,
        "Net Income": NaN,
        "Net Income Including Noncontrolling Interests": NaN,
        "Net Income Continuous Operations": NaN,
        "Tax Provision": NaN,
        "Pretax Income": NaN,
        "Other Income Expense": NaN,
        "Other Non Operating Income Expenses": NaN,
        "Gain On Sale Of Security": NaN,
        "Net Non Operating Interest Income Expense": NaN,
        "Interest Expense Non Operating": NaN,
        "Interest Income Non Operating": NaN,
        "Operating Income": NaN,
        "Operating Expense": NaN,
        "Research And Development": NaN,
        "Selling General And Administration": NaN,
        "Selling And Marketing Expense": NaN,
        "General And Administrative Expense": NaN,
        "Other Gand A": NaN,
        "Gross Profit": NaN,
        "Cost Of Revenue": NaN,
        "Total Revenue": NaN,
        "Operating Revenue": NaN
    },
    "2023-12-31": {
        "Tax Effect Of Unusual Items": 1399440.0,
        "Tax Rate For Calcs": 0.21,
        "Normalized EBITDA": -2133000.0,
        "Total Unusual Items": 6664000.0,
        "Total Unusual Items Excluding Goodwill": 6664000.0,
        "Net Income From Continuing Operation Net Minority Interest": -9403000.0,
        "Reconciled Depreciation": 9973000.0,
        "Reconciled Cost Of Revenue": 51135000.0,
        "EBITDA": 4531000.0,
        "EBIT": -5442000.0,
        "Net Interest Income": 3033000.0,
        "Interest Expense": 3358000.0,
        "Interest Income": 6391000.0,
        "Normalized Income": -14667560.0,
        "Net Income From Continuing And Discontinued Operation": -9403000.0,
        "Total Expenses": 115181000.0,
        "Total Operating Income As Reported": -18360000.0,
        "Diluted Average Shares": NaN,
        "Basic Average Shares": NaN,
        "Diluted EPS": NaN,
        "Basic EPS": NaN,
        "Diluted NI Availto Com Stockholders": -9403000.0,
        "Average Dilution Earnings": 0.0,
        "Net Income Common Stockholders": -9403000.0,
        "Net Income": -9403000.0,
        "Net Income Including Noncontrolling Interests": -9403000.0,
        "Net Income Continuous Operations": -9403000.0,
        "Tax Provision": 603000.0,
        "Pretax Income": -8800000.0,
        "Other Income Expense": 6527000.0,
        "Other Non Operating Income Expenses": -137000.0,
        "Gain On Sale Of Security": 6664000.0,
        "Net Non Operating Interest Income Expense": 3033000.0,
        "Interest Expense Non Operating": 3358000.0,
        "Interest Income Non Operating": 6391000.0,
        "Operating Income": -18360000.0,
        "Operating Expense": 64046000.0,
        "Research And Development": 3046000.0,
        "Selling General And Administration": 61000000.0,
        "Selling And Marketing Expense": 32025000.0,
        "General And Administrative Expense": 28975000.0,
        "Other Gand A": 28975000.0,
        "Gross Profit": 45686000.0,
        "Cost Of Revenue": 51135000.0,
        "Total Revenue": 96821000.0,
        "Operating Revenue": 96821000.0
    },
    "2024-03-31": {
        "Tax Effect Of Unusual Items": -579810.0,
        "Tax Rate For Calcs": 0.21,
        "Normalized EBITDA": 13100000.0,
        "Total Unusual Items": -2761000.0,
        "Total Unusual Items Excluding Goodwill": -2761000.0,
        "Net Income From Continuing Operation Net Minority Interest": -679000.0,
        "Reconciled Depreciation": 8648000.0,
        "Reconciled Cost Of Revenue": 33042000.0,
        "EBITDA": 10339000.0,
        "EBIT": 1691000.0,
        "Net Interest Income": 2327000.0,
        "Interest Expense": 3029000.0,
        "Interest Income": 5356000.0,
        "Normalized Income": 1502190.0,
        "Net Income From Continuing And Discontinued Operation": -679000.0,
        "Total Expenses": 98394000.0,
        "Total Operating Income As Reported": -16991000.0,
        "Diluted Average Shares": 144477208.0,
        "Basic Average Shares": 123120426.0,
        "Diluted EPS": -0.1,
        "Basic EPS": -0.01,
        "Diluted NI Availto Com Stockholders": -13751000.0,
        "Average Dilution Earnings": -13072000.0,
        "Net Income Common Stockholders": -679000.0,
        "Net Income": -679000.0,
        "Net Income Including Noncontrolling Interests": -679000.0,
        "Net Income Continuous Operations": -679000.0,
        "Tax Provision": -659000.0,
        "Pretax Income": -1338000.0,
        "Other Income Expense": 13326000.0,
        "Other Non Operating Income Expenses": 16087000.0,
        "Gain On Sale Of Security": -2761000.0,
        "Net Non Operating Interest Income Expense": 2327000.0,
        "Interest Expense Non Operating": 3029000.0,
        "Interest Income Non Operating": 5356000.0,
        "Operating Income": -16991000.0,
        "Operating Expense": 65352000.0,
        "Research And Development": 2807000.0,
        "Selling General And Administration": 62545000.0,
        "Selling And Marketing Expense": 33684000.0,
        "General And Administrative Expense": 28861000.0,
        "Other Gand A": 28861000.0,
        "Gross Profit": 48361000.0,
        "Cost Of Revenue": 33042000.0,
        "Total Revenue": 81403000.0,
        "Operating Revenue": 81403000.0
    },
    "2024-06-30": {
        "Tax Effect Of Unusual Items": 608790.0,
        "Tax Rate For Calcs": 0.21,
        "Normalized EBITDA": 8319000.0,
        "Total Unusual Items": 2899000.0,
        "Total Unusual Items Excluding Goodwill": 2899000.0,
        "Net Income From Continuing Operation Net Minority Interest": 202000.0,
        "Reconciled Depreciation": 8917000.0,
        "Reconciled Cost Of Revenue": 49654000.0,
        "EBITDA": 11218000.0,
        "EBIT": 2301000.0,
        "Net Interest Income": 1742000.0,
        "Interest Expense": 2452000.0,
        "Interest Income": 4194000.0,
        "Normalized Income": -2088210.0,
        "Net Income From Continuing And Discontinued Operation": 202000.0,
        "Total Expenses": 112705000.0,
        "Total Operating Income As Reported": -22111000.0,
        "Diluted Average Shares": 141927750.0,
        "Basic Average Shares": 123718797.0,
        "Diluted EPS": -0.1,
        "Basic EPS": 0.001633,
        "Diluted NI Availto Com Stockholders": -14449000.0,
        "Average Dilution Earnings": -14651000.0,
        "Net Income Common Stockholders": 202000.0,
        "Net Income": 202000.0,
        "Net Income Including Noncontrolling Interests": 202000.0,
        "Net Income Continuous Operations": 202000.0,
        "Tax Provision": -353000.0,
        "Pretax Income": -151000.0,
        "Other Income Expense": 20218000.0,
        "Other Non Operating Income Expenses": 17319000.0,
        "Gain On Sale Of Security": 2899000.0,
        "Net Non Operating Interest Income Expense": 1742000.0,
        "Interest Expense Non Operating": 2452000.0,
        "Interest Income Non Operating": 4194000.0,
        "Operating Income": -22111000.0,
        "Operating Expense": 63051000.0,
        "Research And Development": 1159000.0,
        "Selling General And Administration": 61892000.0,
        "Selling And Marketing Expense": 30482000.0,
        "General And Administrative Expense": 31410000.0,
        "Other Gand A": 31410000.0,
        "Gross Profit": 40940000.0,
        "Cost Of Revenue": 49654000.0,
        "Total Revenue": 90594000.0,
        "Operating Revenue": 90594000.0
    },
    "2024-09-30": {
        "Tax Effect Of Unusual Items": 565950.0,
        "Tax Rate For Calcs": 0.21,
        "Normalized EBITDA": -7014000.0,
        "Total Unusual Items": 2695000.0,
        "Total Unusual Items Excluding Goodwill": 2695000.0,
        "Net Income From Continuing Operation Net Minority Interest": -18291000.0,
        "Reconciled Depreciation": 9556000.0,
        "Reconciled Cost Of Revenue": 38153000.0,
        "EBITDA": -4319000.0,
        "EBIT": -13875000.0,
        "Net Interest Income": 2408000.0,
        "Interest Expense": 2468000.0,
        "Interest Income": 4876000.0,
        "Normalized Income": -20420050.0,
        "Net Income From Continuing And Discontinued Operation": -18291000.0,
        "Total Expenses": 100317000.0,
        "Total Operating Income As Reported": -21515000.0,
        "Diluted Average Shares": 124057602.0,
        "Basic Average Shares": 124057602.0,
        "Diluted EPS": -0.15,
        "Basic EPS": -0.15,
        "Diluted NI Availto Com Stockholders": -18291000.0,
        "Average Dilution Earnings": 0.0,
        "Net Income Common Stockholders": -18291000.0,
        "Net Income": -18291000.0,
        "Net Income Including Noncontrolling Interests": -18291000.0,
        "Net Income Continuous Operations": -18291000.0,
        "Tax Provision": 1948000.0,
        "Pretax Income": -16343000.0,
        "Other Income Expense": 2764000.0,
        "Other Non Operating Income Expenses": 69000.0,
        "Gain On Sale Of Security": 2695000.0,
        "Net Non Operating Interest Income Expense": 2408000.0,
        "Interest Expense Non Operating": 2468000.0,
        "Interest Income Non Operating": 4876000.0,
        "Operating Income": -21515000.0,
        "Operating Expense": 62164000.0,
        "Research And Development": 1108000.0,
        "Selling General And Administration": 61056000.0,
        "Selling And Marketing Expense": 27620000.0,
        "General And Administrative Expense": 33436000.0,
        "Other Gand A": 33436000.0,
        "Gross Profit": 40649000.0,
        "Cost Of Revenue": 38153000.0,
        "Total Revenue": 78802000.0,
        "Operating Revenue": 78802000.0
    },
    "2024-12-31": {
        "Tax Effect Of Unusual Items": -521654.889913,
        "Tax Rate For Calcs": 0.11845,
        "Normalized EBITDA": 1708000.0,
        "Total Unusual Items": -4404000.0,
        "Total Unusual Items Excluding Goodwill": -4404000.0,
        "Net Income From Continuing Operation Net Minority Interest": -10330000.0,
        "Reconciled Depreciation": 6559000.0,
        "Reconciled Cost Of Revenue": 31149000.0,
        "EBITDA": -2696000.0,
        "EBIT": -9255000.0,
        "Net Interest Income": -245000.0,
        "Interest Expense": 2463000.0,
        "Interest Income": 2218000.0,
        "Normalized Income": -6447654.889913,
        "Net Income From Continuing And Discontinued Operation": -10330000.0,
        "Total Expenses": 90652000.0,
        "Total Operating Income As Reported": -7157000.0,
        "Diluted Average Shares": 124401969.0,
        "Basic Average Shares": 124401969.0,
        "Diluted EPS": -0.08,
        "Basic EPS": -0.08,
        "Diluted NI Availto Com Stockholders": -7815000.0,
        "Average Dilution Earnings": 2515000.0,
        "Net Income Common Stockholders": -10330000.0,
        "Net Income": -10330000.0,
        "Net Income Including Noncontrolling Interests": -10330000.0,
        "Net Income Continuous Operations": -10330000.0,
        "Tax Provision": -1388000.0,
        "Pretax Income": -11718000.0,
        "Other Income Expense": -4316000.0,
        "Other Non Operating Income Expenses": 88000.0,
        "Gain On Sale Of Security": -4404000.0,
        "Net Non Operating Interest Income Expense": -245000.0,
        "Interest Expense Non Operating": 2463000.0,
        "Interest Income Non Operating": 2218000.0,
        "Operating Income": -7157000.0,
        "Operating Expense": 59503000.0,
        "Research And Development": 1222000.0,
        "Selling General And Administration": 58281000.0,
        "Selling And Marketing Expense": 26525000.0,
        "General And Administrative Expense": 31756000.0,
        "Other Gand A": 31756000.0,
        "Gross Profit": 52346000.0,
        "Cost Of Revenue": 31149000.0,
        "Total Revenue": 83495000.0,
        "Operating Revenue": 83495000.0
    }
}