{
    "2023-03-31": {
        "Tax Effect Of Unusual Items": NaN,
        "Tax Rate For Calcs": NaN,
        "Normalized EBITDA": NaN,
        "Total Unusual Items": NaN,
        "Total Unusual Items Excluding Goodwill": NaN,
        "Net Income From Continuing Operation Net Minority Interest": NaN,
        "Reconciled Depreciation": NaN,
        "Reconciled Cost Of Revenue": NaN,
        "EBITDA": NaN,
        "EBIT": NaN,
        "Net Interest Income": NaN,
        "Interest Expense": NaN,
        "Interest Income": NaN,
        "Normalized Income": NaN,
        "Net Income From Continuing And Discontinued Operation": NaN,
        "Total Expenses": NaN,
        "Total Operating Income As Reported": NaN,
        "Diluted Average Shares": NaN,
        "Basic Average Shares": NaN,
        "Diluted EPS": NaN,
        "Basic EPS": NaN,
        "Diluted NI Availto Com Stockholders": NaN,
        "Net Income Common Stockholders": NaN,
        "Net Income": NaN,
        "Minority Interests": NaN,
        "Net Income Including Noncontrolling Interests": NaN,
        "Net Income Continuous Operations": NaN,
        "Earnings From Equity Interest Net Of Tax": NaN,
        "Tax Provision": NaN,
        "Pretax Income": NaN,
        "Other Income Expense": NaN,
        "Other Non Operating Income Expenses": 0.0,
        "Gain On Sale Of Security": NaN,
        "Net Non Operating Interest Income Expense": NaN,
        "Interest Expense Non Operating": NaN,
        "Interest Income Non Operating": NaN,
        "Operating Income": NaN,
        "Operating Expense": NaN,
        "Selling General And Administration": NaN,
        "Gross Profit": NaN,
        "Cost Of Revenue": NaN,
        "Total Revenue": NaN,
        "Operating Revenue": NaN
    },
    "2022-12-31": {
        "Tax Effect Of Unusual Items": NaN,
        "Tax Rate For Calcs": NaN,
        "Normalized EBITDA": NaN,
        "Net Income From Continuing Operation Net Minority Interest": NaN,
        "Reconciled Depreciation": NaN,
        "Reconciled Cost Of Revenue": NaN,
        "EBITDA": NaN,
        "EBIT": NaN,
        "Net Interest Income": NaN,
        "Interest Expense": NaN,
        "Interest Income": NaN,
        "Normalized Income": NaN,
        "Net Income From Continuing And Discontinued Operation": NaN,
        "Total Expenses": NaN,
        "Total Operating Income As Reported": NaN,
        "Diluted Average Shares": 57377000.0,
        "Basic Average Shares": 56971000.0,
        "Diluted EPS": 1.44,
        "Basic EPS": 1.45,
        "Diluted NI Availto Com Stockholders": NaN,
        "Net Income Common Stockholders": NaN,
        "Net Income": NaN,
        "Net Income Including Noncontrolling Interests": NaN,
        "Net Income Continuous Operations": NaN,
        "Tax Provision": NaN,
        "Pretax Income": NaN,
        "Other Income Expense": NaN,
        "Other Non Operating Income Expenses": NaN,
        "Net Non Operating Interest Income Expense": NaN,
        "Interest Expense Non Operating": NaN,
        "Interest Income Non Operating": NaN,
        "Operating Income": NaN,
        "Operating Expense": NaN,
        "Selling General And Administration": NaN,
        "Gross Profit": NaN,
        "Cost Of Revenue": NaN,
        "Total Revenue": NaN,
        "Operating Revenue": NaN
    },
    "2022-09-30": {
        "Tax Effect Of Unusual Items": 0.0,
        "Tax Rate For Calcs": 0.250165,
        "Normalized EBITDA": 197132000.0,
        "Net Income From Continuing Operation Net Minority Interest": 144092000.0,
        "Reconciled Depreciation": 6941000.0,
        "Reconciled Cost Of Revenue": 532719000.0,
        "EBITDA": 197132000.0,
        "EBIT": 190191000.0,
        "Net Interest Income": 1974000.0,
        "Interest Expense": 992000.0,
        "Interest Income": 2966000.0,
        "Normalized Income": 144092000.0,
        "Net Income From Continuing And Discontinued Operation": 144092000.0,
        "Total Expenses": 616634000.0,
        "Total Operating Income As Reported": 190191000.0,
        "Diluted Average Shares": 57406000.0,
        "Basic Average Shares": 56956000.0,
        "Diluted EPS": 2.51,
        "Basic EPS": 2.53,
        "Diluted NI Availto Com Stockholders": 144092000.0,
        "Net Income Common Stockholders": 144092000.0,
        "Net Income": 144092000.0,
        "Net Income Including Noncontrolling Interests": 144092000.0,
        "Net Income Continuous Operations": 144092000.0,
        "Tax Provision": 48073000.0,
        "Pretax Income": 192165000.0,
        "Other Income Expense": NaN,
        "Other Non Operating Income Expenses": NaN,
        "Net Non Operating Interest Income Expense": 1974000.0,
        "Total Other Finance Cost": -1974000.0,
        "Interest Expense Non Operating": 992000.0,
        "Interest Income Non Operating": 2966000.0,
        "Operating Income": 190191000.0,
        "Operating Expense": 83915000.0,
        "Selling General And Administration": 83915000.0,
        "Gross Profit": 274106000.0,
        "Cost Of Revenue": 532719000.0,
        "Total Revenue": 806825000.0,
        "Operating Revenue": 806825000.0
    },
    "2022-06-30": {
        "Tax Effect Of Unusual Items": 0.0,
        "Tax Rate For Calcs": 0.256642,
        "Normalized EBITDA": 163303000.0,
        "Net Income From Continuing Operation Net Minority Interest": 117151000.0,
        "Reconciled Depreciation": 5616000.0,
        "Reconciled Cost Of Revenue": 496546000.0,
        "EBITDA": 163303000.0,
        "EBIT": 157687000.0,
        "Net Interest Income": -90000.0,
        "Interest Expense": 90000.0,
        "Interest Income": 813000.0,
        "Normalized Income": 117151000.0,
        "Net Income From Continuing And Discontinued Operation": 117151000.0,
        "Total Expenses": 568828000.0,
        "Total Operating Income As Reported": 157053000.0,
        "Diluted Average Shares": 57297000.0,
        "Basic Average Shares": 56910000.0,
        "Diluted EPS": 2.04,
        "Basic EPS": 2.06,
        "Diluted NI Availto Com Stockholders": 117151000.0,
        "Net Income Common Stockholders": 117151000.0,
        "Net Income": 117151000.0,
        "Net Income Including Noncontrolling Interests": 117151000.0,
        "Net Income Continuous Operations": 117151000.0,
        "Tax Provision": 40446000.0,
        "Pretax Income": 157597000.0,
        "Other Income Expense": 634000.0,
        "Other Non Operating Income Expenses": 634000.0,
        "Net Non Operating Interest Income Expense": -90000.0,
        "Total Other Finance Cost": NaN,
        "Interest Expense Non Operating": 90000.0,
        "Interest Income Non Operating": 813000.0,
        "Operating Income": 157053000.0,
        "Operating Expense": 72282000.0,
        "Selling General And Administration": 72282000.0,
        "Gross Profit": 229335000.0,
        "Cost Of Revenue": 496546000.0,
        "Total Revenue": 725881000.0,
        "Operating Revenue": 725881000.0
    },
    "2023-06-30": {
        "Tax Effect Of Unusual Items": NaN,
        "Tax Rate For Calcs": NaN,
        "Normalized EBITDA": NaN,
        "Total Unusual Items": NaN,
        "Total Unusual Items Excluding Goodwill": NaN,
        "Net Income From Continuing Operation Net Minority Interest": NaN,
        "Reconciled Depreciation": NaN,
        "Reconciled Cost Of Revenue": NaN,
        "EBITDA": NaN,
        "EBIT": NaN,
        "Net Interest Income": NaN,
        "Interest Expense": NaN,
        "Interest Income": NaN,
        "Normalized Income": NaN,
        "Net Income From Continuing And Discontinued Operation": NaN,
        "Total Expenses": NaN,
        "Total Operating Income As Reported": NaN,
        "Diluted Average Shares": NaN,
        "Basic Average Shares": NaN,
        "Diluted EPS": NaN,
        "Basic EPS": NaN,
        "Diluted NI Availto Com Stockholders": NaN,
        "Net Income Common Stockholders": NaN,
        "Net Income": NaN,
        "Minority Interests": NaN,
        "Net Income Including Noncontrolling Interests": NaN,
        "Net Income Continuous Operations": NaN,
        "Earnings From Equity Interest Net Of Tax": 0.0,
        "Tax Provision": NaN,
        "Pretax Income": NaN,
        "Other Income Expense": NaN,
        "Other Non Operating Income Expenses": NaN,
        "Gain On Sale Of Security": NaN,
        "Net Non Operating Interest Income Expense": NaN,
        "Interest Expense Non Operating": NaN,
        "Interest Income Non Operating": NaN,
        "Operating Income": NaN,
        "Operating Expense": NaN,
        "Selling General And Administration": NaN,
        "Gross Profit": NaN,
        "Cost Of Revenue": NaN,
        "Total Revenue": NaN,
        "Operating Revenue": NaN
    },
    "2022-03-31": {
        "Diluted EPS": 1.51,
        "Total Revenue": 638,
        "Gross Profit": 191,
        "Operating Income": 116,
        "EBIT": 121,
        "Net Income": 87
    },
    "2021-12-31": {
        "Diluted EPS": 1.18,
        "Total Revenue": 535,
        "Gross Profit": 157,
        "Operating Income": 91,
        "EBIT": 97,
        "Net Income": 68
    },
    "2021-09-30": {
        "Diluted EPS": 0.89,
        "Total Revenue": 524,
        "Gross Profit": 129,
        "Operating Income": 68,
        "EBIT": 74,
        "Net Income": 51
    },
    "2021-06-30": {
        "Diluted EPS": 0.75,
        "Total Revenue": 510,
        "Gross Profit": 112,
        "Operating Income": 58,
        "EBIT": 63,
        "Net Income": 43
    },
    "2021-03-31": {
        "Diluted EPS": 0.59,
        "Total Revenue": 448,
        "Gross Profit": 99,
        "Operating Income": 47,
        "EBIT": 51,
        "Net Income": 34
    },
    "2020-12-31": {
        "Diluted EPS": 0.38,
        "Total Revenue": 378,
        "Gross Profit": 72,
        "Operating Income": 27,
        "EBIT": 32,
        "Net Income": 22
    },
    "2020-09-30": {
        "Diluted EPS": 0.31,
        "Total Revenue": 322,
        "Gross Profit": 63,
        "Operating Income": 21,
        "EBIT": 26,
        "Net Income": 17
    },
    "2020-06-30": {
        "Diluted EPS": 0.21,
        "Total Revenue": 273,
        "Gross Profit": 54,
        "Operating Income": 13,
        "EBIT": 18,
        "Net Income": 12
    },
    "2020-03-31": {
        "Diluted EPS": 0.1,
        "Total Revenue": 301,
        "Gross Profit": 60,
        "Operating Income": 13,
        "EBIT": 18,
        "Net Income": 6
    },
    "2019-12-31": {
        "Diluted EPS": 0.3,
        "Total Revenue": 342,
        "Gross Profit": 69,
        "Operating Income": 24,
        "EBIT": 28,
        "Net Income": 17
    },
    "2019-09-30": {
        "Diluted EPS": 0.31,
        "Total Revenue": 354,
        "Gross Profit": 74,
        "Operating Income": 26,
        "EBIT": 31,
        "Net Income": 18
    },
    "2019-06-30": {
        "Diluted EPS": 0.31,
        "Total Revenue": 372,
        "Gross Profit": 76,
        "Operating Income": 24,
        "EBIT": 29,
        "Net Income": 17
    },
    "2019-03-31": {
        "Diluted EPS": 0.16,
        "Total Revenue": 328,
        "Gross Profit": 66,
        "Operating Income": 13,
        "EBIT": 18,
        "Net Income": 9
    },
    "2018-12-31": {
        "Diluted EPS": 0.19,
        "Total Revenue": 355,
        "Gross Profit": 65,
        "Operating Income": 16,
        "EBIT": 21,
        "Net Income": 10
    },
    "2018-09-30": {
        "Diluted EPS": -1.42,
        "Total Revenue": 355,
        "Gross Profit": 59,
        "Operating Income": -69,
        "EBIT": -65,
        "Net Income": -77
    },
    "2018-06-30": {
        "Diluted EPS": -0.02,
        "Total Revenue": 322,
        "Gross Profit": 55,
        "Operating Income": 10,
        "EBIT": 13,
        "Net Income": -1
    },
    "2018-03-31": {
        "Diluted EPS": -0.35,
        "Total Revenue": 654,
        "Gross Profit": -84,
        "Operating Income": -10,
        "EBIT": -2,
        "Net Income": 9
    },
    "2018-02-28": {
        "Diluted EPS": 0.14,
        "Total Revenue": 58,
        "Gross Profit": 8,
        "Operating Income": 1,
        "EBIT": 3,
        "Net Income": 1
    },
    "2017-12-31": {
        "Diluted EPS": 0.11,
        "Total Revenue": 294,
        "Gross Profit": 56,
        "Operating Income": 23,
        "EBIT": 24,
        "Net Income": 5
    },
    "2017-11-30": {
        "Diluted EPS": 0.35,
        "Total Revenue": 58,
        "Gross Profit": 8,
        "Operating Income": 3,
        "EBIT": 3,
        "Net Income": 3
    },
    "2017-09-30": {
        "Diluted EPS": 0.16,
        "Total Revenue": 260,
        "Gross Profit": 41,
        "Operating Income": 14,
        "EBIT": 12,
        "Net Income": 7
    },
    "2017-08-31": {
        "Diluted EPS": 0.19,
        "Total Revenue": 58,
        "Gross Profit": 8,
        "Operating Income": 2,
        "EBIT": 0,
        "Net Income": 2
    },
    "2017-06-30": {
        "Diluted EPS": 0.11,
        "Total Revenue": 244,
        "Gross Profit": 36,
        "Operating Income": 9,
        "EBIT": 11,
        "Net Income": 5
    },
    "2017-05-31": {
        "Diluted EPS": 0.27,
        "Total Revenue": 59,
        "Gross Profit": 7,
        "Operating Income": 2,
        "EBIT": NaN,
        "Net Income": 2
    },
    "2017-03-31": {
        "Diluted EPS": 1.36,
        "Total Revenue": 684,
        "Gross Profit": 129,
        "Operating Income": 37,
        "EBIT": 43,
        "Net Income": 51
    },
    "2017-02-28": {
        "Diluted EPS": -0.29,
        "Total Revenue": 52,
        "Gross Profit": 3,
        "Operating Income": -2,
        "EBIT": -2,
        "Net Income": -2
    },
    "2016-11-30": {
        "Diluted EPS": -0.07,
        "Total Revenue": 64,
        "Gross Profit": 5,
        "Operating Income": -1,
        "EBIT": 0,
        "Net Income": -1
    },
    "2016-08-31": {
        "Diluted EPS": 0.09,
        "Total Revenue": 61,
        "Gross Profit": 7,
        "Operating Income": 1,
        "EBIT": 0,
        "Net Income": 1
    },
    "2016-05-31": {
        "Diluted EPS": 0.16,
        "Total Revenue": 57,
        "Gross Profit": 7,
        "Operating Income": 2,
        "EBIT": 2,
        "Net Income": 1
    },
    "2016-02-29": {
        "Diluted EPS": -0.06,
        "Total Revenue": 48,
        "Gross Profit": 5,
        "Operating Income": 0,
        "EBIT": 0,
        "Net Income": -1
    },
    "2015-11-30": {
        "Diluted EPS": 0.2,
        "Total Revenue": 59,
        "Gross Profit": 7,
        "Operating Income": 2,
        "EBIT": 2,
        "Net Income": 2
    },
    "2015-08-31": {
        "Diluted EPS": -0.1,
        "Total Revenue": 49,
        "Gross Profit": 5,
        "Operating Income": -1,
        "EBIT": -1,
        "Net Income": -1
    },
    "2015-05-31": {
        "Diluted EPS": -0.02,
        "Total Revenue": 50,
        "Gross Profit": 6,
        "Operating Income": 0,
        "EBIT": 1,
        "Net Income": 0
    },
    "2015-02-28": {
        "Diluted EPS": -0.36,
        "Total Revenue": 38,
        "Gross Profit": 2,
        "Operating Income": -3,
        "EBIT": -2,
        "Net Income": -3
    },
    "2014-11-30": {
        "Diluted EPS": -0.41,
        "Total Revenue": 50,
        "Gross Profit": 5,
        "Operating Income": 0,
        "EBIT": 0,
        "Net Income": -3
    },
    "2014-08-31": {
        "Diluted EPS": -0.45,
        "Total Revenue": 50,
        "Gross Profit": 4,
        "Operating Income": -1,
        "EBIT": -2,
        "Net Income": -4
    },
    "2014-05-31": {
        "Diluted EPS": -0.3,
        "Total Revenue": 35,
        "Gross Profit": 2,
        "Operating Income": -1,
        "EBIT": NaN,
        "Net Income": -3
    },
    "2014-02-28": {
        "Diluted EPS": -0.68,
        "Total Revenue": 30,
        "Gross Profit": 1,
        "Operating Income": -4,
        "EBIT": -3,
        "Net Income": -6
    },
    "2013-11-30": {
        "Diluted EPS": -0.27,
        "Total Revenue": 39,
        "Gross Profit": 4,
        "Operating Income": -1,
        "EBIT": 0,
        "Net Income": -2
    },
    "2013-08-31": {
        "Diluted EPS": -0.16,
        "Total Revenue": 49,
        "Gross Profit": 4,
        "Operating Income": -1,
        "EBIT": -2,
        "Net Income": -1
    },
    "2013-05-31": {
        "Diluted EPS": 0.01,
        "Total Revenue": 49,
        "Gross Profit": 5,
        "Operating Income": 0,
        "EBIT": NaN,
        "Net Income": 0
    },
    "2013-02-28": {
        "Diluted EPS": -0.64,
        "Total Revenue": 37,
        "Gross Profit": 0,
        "Operating Income": -5,
        "EBIT": -4,
        "Net Income": -5
    },
    "2012-11-30": {
        "Diluted EPS": -0.21,
        "Total Revenue": 42,
        "Gross Profit": 3,
        "Operating Income": -2,
        "EBIT": -1,
        "Net Income": -2
    },
    "2012-08-31": {
        "Diluted EPS": -0.41,
        "Total Revenue": 50,
        "Gross Profit": 3,
        "Operating Income": -3,
        "EBIT": -4,
        "Net Income": -3
    },
    "2012-05-31": {
        "Diluted EPS": -0.21,
        "Total Revenue": 50,
        "Gross Profit": 3,
        "Operating Income": -2,
        "EBIT": -1,
        "Net Income": -2
    },
    "2012-02-29": {
        "Diluted EPS": -0.88,
        "Total Revenue": 37,
        "Gross Profit": -1,
        "Operating Income": -7,
        "EBIT": -6,
        "Net Income": -7
    },
    "2011-11-30": {
        "Diluted EPS": -0.4,
        "Total Revenue": 45,
        "Gross Profit": 1,
        "Operating Income": -3,
        "EBIT": -3,
        "Net Income": -3
    },
    "2011-08-31": {
        "Diluted EPS": -0.82,
        "Total Revenue": 50,
        "Gross Profit": 1,
        "Operating Income": -7,
        "EBIT": -8,
        "Net Income": -7
    },
    "2011-05-31": {
        "Diluted EPS": -0.48,
        "Total Revenue": 48,
        "Gross Profit": 2,
        "Operating Income": -4,
        "EBIT": -3,
        "Net Income": -4
    },
    "2011-02-28": {
        "Diluted EPS": -1.04,
        "Total Revenue": 32,
        "Gross Profit": -2,
        "Operating Income": -9,
        "EBIT": -7,
        "Net Income": -9
    },
    "2010-11-30": {
        "Diluted EPS": -0.93,
        "Total Revenue": 37,
        "Gross Profit": -1,
        "Operating Income": -8,
        "EBIT": -7,
        "Net Income": -8
    },
    "2010-08-31": {
        "Diluted EPS": -0.72,
        "Total Revenue": 46,
        "Gross Profit": 2,
        "Operating Income": -6,
        "EBIT": -7,
        "Net Income": -6
    },
    "2010-05-31": {
        "Diluted EPS": -2.1,
        "Total Revenue": 41,
        "Gross Profit": 4,
        "Operating Income": -2,
        "EBIT": NaN,
        "Net Income": -18
    },
    "2010-02-28": {
        "Diluted EPS": -0.44,
        "Total Revenue": 25,
        "Gross Profit": -1,
        "Operating Income": -6,
        "EBIT": -4,
        "Net Income": -4
    },
    "2009-11-30": {
        "Diluted EPS": -0.45,
        "Total Revenue": 34,
        "Gross Profit": 1,
        "Operating Income": -6,
        "EBIT": -6,
        "Net Income": -4
    },
    "2009-08-31": {
        "Diluted EPS": -0.47,
        "Total Revenue": 36,
        "Gross Profit": 0,
        "Operating Income": -6,
        "EBIT": -7,
        "Net Income": -4
    },
    "2009-05-31": {
        "Diluted EPS": -0.28,
        "Total Revenue": 32,
        "Gross Profit": 1,
        "Operating Income": -4,
        "EBIT": -3,
        "Net Income": -2
    },
    "2009-02-28": {
        "Diluted EPS": -0.58,
        "Total Revenue": 24,
        "Gross Profit": -3,
        "Operating Income": -8,
        "EBIT": -6,
        "Net Income": -5
    },
    "2023-09-30": {
        "Tax Effect Of Unusual Items": NaN,
        "Tax Rate For Calcs": NaN,
        "Normalized EBITDA": NaN,
        "Total Unusual Items": NaN,
        "Total Unusual Items Excluding Goodwill": NaN,
        "Net Income From Continuing Operation Net Minority Interest": NaN,
        "Reconciled Depreciation": NaN,
        "Reconciled Cost Of Revenue": NaN,
        "EBITDA": NaN,
        "EBIT": NaN,
        "Net Interest Income": NaN,
        "Interest Expense": NaN,
        "Interest Income": NaN,
        "Normalized Income": NaN,
        "Net Income From Continuing And Discontinued Operation": NaN,
        "Total Expenses": NaN,
        "Total Operating Income As Reported": NaN,
        "Diluted Average Shares": NaN,
        "Basic Average Shares": NaN,
        "Diluted EPS": NaN,
        "Basic EPS": NaN,
        "Diluted NI Availto Com Stockholders": NaN,
        "Net Income Common Stockholders": NaN,
        "Net Income": NaN,
        "Minority Interests": 0.0,
        "Net Income Including Noncontrolling Interests": NaN,
        "Net Income Continuous Operations": NaN,
        "Earnings From Equity Interest Net Of Tax": NaN,
        "Tax Provision": NaN,
        "Pretax Income": NaN,
        "Other Income Expense": NaN,
        "Other Non Operating Income Expenses": NaN,
        "Special Income Charges": NaN,
        "Other Special Charges": NaN,
        "Restructuring And Mergern Acquisition": NaN,
        "Gain On Sale Of Security": NaN,
        "Net Non Operating Interest Income Expense": NaN,
        "Interest Expense Non Operating": NaN,
        "Interest Income Non Operating": NaN,
        "Operating Income": NaN,
        "Operating Expense": NaN,
        "Selling General And Administration": NaN,
        "Gross Profit": NaN,
        "Cost Of Revenue": NaN,
        "Total Revenue": NaN,
        "Operating Revenue": NaN
    },
    "2023-12-31": {
        "Tax Effect Of Unusual Items": NaN,
        "Tax Rate For Calcs": NaN,
        "Normalized EBITDA": NaN,
        "Total Unusual Items": NaN,
        "Total Unusual Items Excluding Goodwill": NaN,
        "Net Income From Continuing Operation Net Minority Interest": NaN,
        "Reconciled Depreciation": NaN,
        "Reconciled Cost Of Revenue": NaN,
        "EBITDA": NaN,
        "EBIT": NaN,
        "Net Interest Income": NaN,
        "Interest Expense": NaN,
        "Interest Income": NaN,
        "Normalized Income": NaN,
        "Net Income From Continuing And Discontinued Operation": NaN,
        "Total Expenses": NaN,
        "Total Operating Income As Reported": NaN,
        "Diluted Average Shares": NaN,
        "Basic Average Shares": NaN,
        "Diluted EPS": NaN,
        "Basic EPS": NaN,
        "Diluted NI Availto Com Stockholders": NaN,
        "Net Income Common Stockholders": NaN,
        "Net Income": NaN,
        "Minority Interests": NaN,
        "Net Income Including Noncontrolling Interests": NaN,
        "Net Income Continuous Operations": NaN,
        "Earnings From Equity Interest Net Of Tax": NaN,
        "Tax Provision": NaN,
        "Pretax Income": NaN,
        "Other Income Expense": NaN,
        "Other Non Operating Income Expenses": -756000.0,
        "Special Income Charges": NaN,
        "Other Special Charges": NaN,
        "Restructuring And Mergern Acquisition": NaN,
        "Gain On Sale Of Security": NaN,
        "Net Non Operating Interest Income Expense": NaN,
        "Interest Expense Non Operating": NaN,
        "Interest Income Non Operating": NaN,
        "Operating Income": NaN,
        "Operating Expense": NaN,
        "Selling General And Administration": NaN,
        "Gross Profit": NaN,
        "Cost Of Revenue": NaN,
        "Total Revenue": NaN,
        "Operating Revenue": NaN
    },
    "2024-03-31": {
        "Tax Effect Of Unusual Items": NaN,
        "Tax Rate For Calcs": NaN,
        "Normalized EBITDA": NaN,
        "Total Unusual Items": NaN,
        "Total Unusual Items Excluding Goodwill": NaN,
        "Net Income From Continuing Operation Net Minority Interest": NaN,
        "Reconciled Depreciation": NaN,
        "Reconciled Cost Of Revenue": NaN,
        "EBITDA": NaN,
        "EBIT": NaN,
        "Net Interest Income": NaN,
        "Interest Expense": NaN,
        "Interest Income": NaN,
        "Normalized Income": NaN,
        "Net Income From Continuing And Discontinued Operation": NaN,
        "Total Expenses": NaN,
        "Total Operating Income As Reported": NaN,
        "Diluted Average Shares": NaN,
        "Basic Average Shares": NaN,
        "Diluted EPS": NaN,
        "Basic EPS": NaN,
        "Diluted NI Availto Com Stockholders": NaN,
        "Net Income Common Stockholders": NaN,
        "Net Income": NaN,
        "Minority Interests": NaN,
        "Net Income Including Noncontrolling Interests": NaN,
        "Net Income Continuous Operations": NaN,
        "Earnings From Equity Interest Net Of Tax": NaN,
        "Tax Provision": NaN,
        "Pretax Income": NaN,
        "Other Income Expense": NaN,
        "Other Non Operating Income Expenses": 217000.0,
        "Special Income Charges": NaN,
        "Other Special Charges": NaN,
        "Restructuring And Mergern Acquisition": NaN,
        "Gain On Sale Of Security": NaN,
        "Net Non Operating Interest Income Expense": NaN,
        "Interest Expense Non Operating": NaN,
        "Interest Income Non Operating": NaN,
        "Operating Income": NaN,
        "Operating Expense": NaN,
        "Selling General And Administration": NaN,
        "Gross Profit": NaN,
        "Cost Of Revenue": NaN,
        "Total Revenue": NaN,
        "Operating Revenue": NaN
    },
    "2024-06-30": {
        "Tax Effect Of Unusual Items": 274275.0,
        "Tax Rate For Calcs": 0.225,
        "Normalized EBITDA": 72446000.0,
        "Total Unusual Items": 1219000.0,
        "Total Unusual Items Excluding Goodwill": 1219000.0,
        "Net Income From Continuing Operation Net Minority Interest": 45794000.0,
        "Reconciled Depreciation": 10612000.0,
        "Reconciled Cost Of Revenue": 463564000.0,
        "EBITDA": 73665000.0,
        "EBIT": 63053000.0,
        "Net Interest Income": 4249000.0,
        "Interest Expense": 2197000.0,
        "Interest Income": 6446000.0,
        "Normalized Income": 44849275.0,
        "Net Income From Continuing And Discontinued Operation": 45794000.0,
        "Total Expenses": 572391000.0,
        "Total Operating Income As Reported": 55388000.0,
        "Diluted Average Shares": 57967089.0,
        "Basic Average Shares": 57967089.0,
        "Diluted EPS": 0.79,
        "Basic EPS": 0.79,
        "Diluted NI Availto Com Stockholders": 45794000.0,
        "Net Income Common Stockholders": 45794000.0,
        "Net Income": 45794000.0,
        "Minority Interests": 0.0,
        "Net Income Including Noncontrolling Interests": 45794000.0,
        "Net Income Continuous Operations": 45794000.0,
        "Earnings From Equity Interest Net Of Tax": -1343000.0,
        "Tax Provision": 13719000.0,
        "Pretax Income": 60856000.0,
        "Other Income Expense": 1219000.0,
        "Other Non Operating Income Expenses": NaN,
        "Special Income Charges": NaN,
        "Other Special Charges": NaN,
        "Restructuring And Mergern Acquisition": NaN,
        "Gain On Sale Of Security": 1219000.0,
        "Net Non Operating Interest Income Expense": 4249000.0,
        "Interest Expense Non Operating": 2197000.0,
        "Interest Income Non Operating": 6446000.0,
        "Operating Income": 55388000.0,
        "Operating Expense": 108827000.0,
        "Selling General And Administration": 108827000.0,
        "Gross Profit": 164215000.0,
        "Cost Of Revenue": 463564000.0,
        "Total Revenue": 627779000.0,
        "Operating Revenue": 627779000.0
    },
    "2024-09-30": {
        "Tax Effect Of Unusual Items": 0.0,
        "Tax Rate For Calcs": 0.216,
        "Normalized EBITDA": 83025000.0,
        "Total Unusual Items": NaN,
        "Total Unusual Items Excluding Goodwill": NaN,
        "Net Income From Continuing Operation Net Minority Interest": 54734000.0,
        "Reconciled Depreciation": 9511000.0,
        "Reconciled Cost Of Revenue": 450544000.0,
        "EBITDA": 83025000.0,
        "EBIT": 73514000.0,
        "Net Interest Income": 4737000.0,
        "Interest Expense": 2113000.0,
        "Interest Income": 6850000.0,
        "Normalized Income": 54734000.0,
        "Net Income From Continuing And Discontinued Operation": 54734000.0,
        "Total Expenses": 550199000.0,
        "Total Operating Income As Reported": 66678000.0,
        "Diluted Average Shares": 58185000.0,
        "Basic Average Shares": 57648000.0,
        "Diluted EPS": 0.94,
        "Basic EPS": 0.95,
        "Diluted NI Availto Com Stockholders": 54734000.0,
        "Net Income Common Stockholders": 54734000.0,
        "Net Income": 54734000.0,
        "Minority Interests": -584000.0,
        "Net Income Including Noncontrolling Interests": 55318000.0,
        "Net Income Continuous Operations": 55318000.0,
        "Earnings From Equity Interest Net Of Tax": -691000.0,
        "Tax Provision": 15392000.0,
        "Pretax Income": 71401000.0,
        "Other Income Expense": -14000.0,
        "Other Non Operating Income Expenses": -14000.0,
        "Special Income Charges": NaN,
        "Other Special Charges": NaN,
        "Restructuring And Mergern Acquisition": NaN,
        "Gain On Sale Of Security": NaN,
        "Net Non Operating Interest Income Expense": 4737000.0,
        "Interest Expense Non Operating": 2113000.0,
        "Interest Income Non Operating": 6850000.0,
        "Operating Income": 66678000.0,
        "Operating Expense": 99655000.0,
        "Selling General And Administration": 99655000.0,
        "Gross Profit": 166333000.0,
        "Cost Of Revenue": 450544000.0,
        "Total Revenue": 616877000.0,
        "Operating Revenue": 616877000.0
    },
    "2024-12-31": {
        "Tax Effect Of Unusual Items": -337600.0,
        "Tax Rate For Calcs": 0.211,
        "Normalized EBITDA": 93329000.0,
        "Total Unusual Items": -1600000.0,
        "Total Unusual Items Excluding Goodwill": -1600000.0,
        "Net Income From Continuing Operation Net Minority Interest": 61537000.0,
        "Reconciled Depreciation": 10673000.0,
        "Reconciled Cost Of Revenue": 463903000.0,
        "EBITDA": 91729000.0,
        "EBIT": 81056000.0,
        "Net Interest Income": 3991000.0,
        "Interest Expense": 2099000.0,
        "Interest Income": 6090000.0,
        "Normalized Income": 62799400.0,
        "Net Income From Continuing And Discontinued Operation": 61537000.0,
        "Total Expenses": 572117000.0,
        "Total Operating Income As Reported": 72808000.0,
        "Diluted Average Shares": 58053774.0,
        "Basic Average Shares": 57511215.0,
        "Diluted EPS": 1.06,
        "Basic EPS": 1.07,
        "Diluted NI Availto Com Stockholders": 61537000.0,
        "Net Income Common Stockholders": 61537000.0,
        "Net Income": 61537000.0,
        "Minority Interests": -1290000.0,
        "Net Income Including Noncontrolling Interests": 62827000.0,
        "Net Income Continuous Operations": 62827000.0,
        "Earnings From Equity Interest Net Of Tax": 568000.0,
        "Tax Provision": 16698000.0,
        "Pretax Income": 78957000.0,
        "Other Income Expense": -2158000.0,
        "Other Non Operating Income Expenses": -558000.0,
        "Special Income Charges": 200000.0,
        "Other Special Charges": 1000000.0,
        "Restructuring And Mergern Acquisition": -1200000.0,
        "Gain On Sale Of Security": -1800000.0,
        "Net Non Operating Interest Income Expense": 3991000.0,
        "Interest Expense Non Operating": 2099000.0,
        "Interest Income Non Operating": 6090000.0,
        "Operating Income": 72808000.0,
        "Operating Expense": 108214000.0,
        "Selling General And Administration": 108214000.0,
        "Gross Profit": 181022000.0,
        "Cost Of Revenue": 463903000.0,
        "Total Revenue": 644925000.0,
        "Operating Revenue": 644925000.0
    },
    "2025-03-31": {
        "Tax Effect Of Unusual Items": 0.0,
        "Tax Rate For Calcs": 0.171491,
        "Normalized EBITDA": 59327000.0,
        "Total Unusual Items": NaN,
        "Total Unusual Items Excluding Goodwill": NaN,
        "Net Income From Continuing Operation Net Minority Interest": 36348000.0,
        "Reconciled Depreciation": 11114000.0,
        "Reconciled Cost Of Revenue": 441414000.0,
        "EBITDA": 59327000.0,
        "EBIT": 48213000.0,
        "Net Interest Income": 3997000.0,
        "Interest Expense": 2059000.0,
        "Interest Income": 6056000.0,
        "Normalized Income": 36348000.0,
        "Net Income From Continuing And Discontinued Operation": 36348000.0,
        "Total Expenses": 551709000.0,
        "Total Operating Income As Reported": 42158000.0,
        "Diluted Average Shares": 57695238.0,
        "Basic Average Shares": 57695238.0,
        "Diluted EPS": 0.63,
        "Basic EPS": 0.63,
        "Diluted NI Availto Com Stockholders": 36348000.0,
        "Net Income Common Stockholders": 36348000.0,
        "Net Income": 36348000.0,
        "Minority Interests": -1353000.0,
        "Net Income Including Noncontrolling Interests": 37701000.0,
        "Net Income Continuous Operations": 37701000.0,
        "Earnings From Equity Interest Net Of Tax": -538000.0,
        "Tax Provision": 7915000.0,
        "Pretax Income": 46154000.0,
        "Other Income Expense": 6725000.0,
        "Other Non Operating Income Expenses": 5525000.0,
        "Special Income Charges": NaN,
        "Other Special Charges": NaN,
        "Restructuring And Mergern Acquisition": NaN,
        "Gain On Sale Of Security": NaN,
        "Net Non Operating Interest Income Expense": 3997000.0,
        "Interest Expense Non Operating": 2059000.0,
        "Interest Income Non Operating": 6056000.0,
        "Operating Income": 42158000.0,
        "Operating Expense": 110295000.0,
        "Selling General And Administration": 110295000.0,
        "Gross Profit": 152453000.0,
        "Cost Of Revenue": 441414000.0,
        "Total Revenue": 593867000.0,
        "Operating Revenue": 593867000.0
    },
    "2025-06-30": {
        "Tax Effect Of Unusual Items": 256200.0,
        "Tax Rate For Calcs": 0.21,
        "Normalized EBITDA": 96456000.0,
        "Total Unusual Items": 1220000.0,
        "Total Unusual Items Excluding Goodwill": 1220000.0,
        "Net Income From Continuing Operation Net Minority Interest": 64687000.0,
        "Reconciled Depreciation": 11902000.0,
        "Reconciled Cost Of Revenue": 511488000.0,
        "EBITDA": 97676000.0,
        "EBIT": 85774000.0,
        "Net Interest Income": 4536000.0,
        "Interest Expense": 1497000.0,
        "Interest Income": 6033000.0,
        "Normalized Income": 63723200.0,
        "Net Income From Continuing And Discontinued Operation": 64687000.0,
        "Total Expenses": 622797000.0,
        "Total Operating Income As Reported": 78521000.0,
        "Diluted Average Shares": 57245133.0,
        "Basic Average Shares": 57245133.0,
        "Diluted EPS": 1.13,
        "Basic EPS": 1.13,
        "Diluted NI Availto Com Stockholders": 64687000.0,
        "Net Income Common Stockholders": 64687000.0,
        "Net Income": 64687000.0,
        "Minority Interests": -1306000.0,
        "Net Income Including Noncontrolling Interests": 65993000.0,
        "Net Income Continuous Operations": 65993000.0,
        "Earnings From Equity Interest Net Of Tax": -585000.0,
        "Tax Provision": 17699000.0,
        "Pretax Income": 84277000.0,
        "Other Income Expense": 1220000.0,
        "Other Non Operating Income Expenses": NaN,
        "Special Income Charges": NaN,
        "Other Special Charges": NaN,
        "Restructuring And Mergern Acquisition": NaN,
        "Gain On Sale Of Security": 1220000.0,
        "Net Non Operating Interest Income Expense": 4536000.0,
        "Interest Expense Non Operating": 1497000.0,
        "Interest Income Non Operating": 6033000.0,
        "Operating Income": 78521000.0,
        "Operating Expense": 111309000.0,
        "Selling General And Administration": 111309000.0,
        "Gross Profit": 189830000.0,
        "Cost Of Revenue": 511488000.0,
        "Total Revenue": 701318000.0,
        "Operating Revenue": 701318000.0
    }
}