{
    "2023-03-31": {
        "Tax Effect Of Unusual Items": 0.0,
        "Tax Rate For Calcs": 0.0,
        "Normalized EBITDA": 6257000.0,
        "Total Unusual Items": NaN,
        "Total Unusual Items Excluding Goodwill": NaN,
        "Net Income From Continuing Operation Net Minority Interest": -4273000.0,
        "Reconciled Depreciation": 7352000.0,
        "Reconciled Cost Of Revenue": 49626000.0,
        "EBITDA": 6257000.0,
        "EBIT": -1095000.0,
        "Net Interest Income": -2471000.0,
        "Interest Expense": 2471000.0,
        "Normalized Income": -4273000.0,
        "Net Income From Continuing And Discontinued Operation": -4273000.0,
        "Total Expenses": 67189000.0,
        "Total Operating Income As Reported": -1095000.0,
        "Diluted Average Shares": 43817417.0,
        "Basic Average Shares": 43817417.0,
        "Diluted EPS": -0.1,
        "Basic EPS": -0.1,
        "Diluted NI Availto Com Stockholders": -4273000.0,
        "Net Income Common Stockholders": -4273000.0,
        "Net Income": -4273000.0,
        "Minority Interests": -707000.0,
        "Net Income Including Noncontrolling Interests": -3566000.0,
        "Net Income Continuous Operations": -3566000.0,
        "Tax Provision": 0.0,
        "Pretax Income": -3566000.0,
        "Special Income Charges": NaN,
        "Restructuring And Mergern Acquisition": NaN,
        "Net Non Operating Interest Income Expense": -2471000.0,
        "Interest Expense Non Operating": 2471000.0,
        "Operating Income": -1095000.0,
        "Operating Expense": 17563000.0,
        "Research And Development": 2668000.0,
        "Selling General And Administration": 14895000.0,
        "Gross Profit": 16468000.0,
        "Cost Of Revenue": 49626000.0,
        "Total Revenue": 66094000.0,
        "Operating Revenue": 64927000.0
    },
    "2022-12-31": {
        "Tax Effect Of Unusual Items": NaN,
        "Tax Rate For Calcs": NaN,
        "Normalized EBITDA": NaN,
        "Total Unusual Items": -1101000.0,
        "Total Unusual Items Excluding Goodwill": -1101000.0,
        "Net Income From Continuing Operation Net Minority Interest": NaN,
        "Reconciled Depreciation": NaN,
        "Reconciled Cost Of Revenue": NaN,
        "EBITDA": NaN,
        "EBIT": NaN,
        "Net Interest Income": NaN,
        "Interest Expense": NaN,
        "Normalized Income": NaN,
        "Net Income From Continuing And Discontinued Operation": NaN,
        "Total Expenses": NaN,
        "Total Operating Income As Reported": NaN,
        "Diluted Average Shares": NaN,
        "Basic Average Shares": NaN,
        "Diluted EPS": NaN,
        "Basic EPS": NaN,
        "Diluted NI Availto Com Stockholders": NaN,
        "Net Income Common Stockholders": NaN,
        "Net Income": NaN,
        "Minority Interests": NaN,
        "Net Income Including Noncontrolling Interests": NaN,
        "Net Income Continuous Operations": NaN,
        "Tax Provision": NaN,
        "Pretax Income": NaN,
        "Special Income Charges": -1101000.0,
        "Restructuring And Mergern Acquisition": 0.0,
        "Net Non Operating Interest Income Expense": NaN,
        "Interest Expense Non Operating": NaN,
        "Operating Income": NaN,
        "Operating Expense": NaN,
        "Research And Development": NaN,
        "Selling General And Administration": NaN,
        "Gross Profit": NaN,
        "Cost Of Revenue": NaN,
        "Total Revenue": NaN,
        "Operating Revenue": NaN
    },
    "2022-09-30": {
        "Tax Effect Of Unusual Items": NaN,
        "Tax Rate For Calcs": NaN,
        "Normalized EBITDA": NaN,
        "Total Unusual Items": 0.0,
        "Total Unusual Items Excluding Goodwill": 0.0,
        "Net Income From Continuing Operation Net Minority Interest": NaN,
        "Reconciled Depreciation": NaN,
        "Reconciled Cost Of Revenue": NaN,
        "EBITDA": NaN,
        "EBIT": NaN,
        "Net Interest Income": NaN,
        "Interest Expense": NaN,
        "Normalized Income": NaN,
        "Net Income From Continuing And Discontinued Operation": NaN,
        "Total Expenses": NaN,
        "Total Operating Income As Reported": NaN,
        "Diluted Average Shares": NaN,
        "Basic Average Shares": NaN,
        "Diluted EPS": NaN,
        "Basic EPS": NaN,
        "Diluted NI Availto Com Stockholders": NaN,
        "Net Income Common Stockholders": NaN,
        "Net Income": NaN,
        "Minority Interests": NaN,
        "Net Income Including Noncontrolling Interests": NaN,
        "Net Income Continuous Operations": NaN,
        "Tax Provision": NaN,
        "Pretax Income": NaN,
        "Special Income Charges": 0.0,
        "Restructuring And Mergern Acquisition": 0.0,
        "Net Non Operating Interest Income Expense": NaN,
        "Interest Expense Non Operating": NaN,
        "Operating Income": NaN,
        "Operating Expense": NaN,
        "Research And Development": NaN,
        "Selling General And Administration": NaN,
        "Gross Profit": NaN,
        "Cost Of Revenue": NaN,
        "Total Revenue": NaN,
        "Operating Revenue": NaN
    },
    "2022-06-30": {
        "Tax Effect Of Unusual Items": 0.0,
        "Tax Rate For Calcs": 0.4,
        "Normalized EBITDA": -3877000.0,
        "Total Unusual Items": 0.0,
        "Total Unusual Items Excluding Goodwill": 0.0,
        "Net Income From Continuing Operation Net Minority Interest": -13005000.0,
        "Reconciled Depreciation": 7199000.0,
        "Reconciled Cost Of Revenue": 45327000.0,
        "EBITDA": -3877000.0,
        "EBIT": -11076000.0,
        "Net Interest Income": -1040000.0,
        "Interest Expense": 1040000.0,
        "Normalized Income": -13005000.0,
        "Net Income From Continuing And Discontinued Operation": -13005000.0,
        "Total Expenses": 58483000.0,
        "Total Operating Income As Reported": -11076000.0,
        "Diluted Average Shares": 40203050.0,
        "Basic Average Shares": 40203050.0,
        "Diluted EPS": -0.32,
        "Basic EPS": -0.32,
        "Diluted NI Availto Com Stockholders": -13005000.0,
        "Net Income Common Stockholders": -13005000.0,
        "Net Income": -13005000.0,
        "Minority Interests": -826000.0,
        "Net Income Including Noncontrolling Interests": -12179000.0,
        "Net Income Continuous Operations": -12179000.0,
        "Tax Provision": 63000.0,
        "Pretax Income": -12116000.0,
        "Other Income Expense": NaN,
        "Special Income Charges": 0.0,
        "Other Special Charges": NaN,
        "Write Off": 0.0,
        "Restructuring And Mergern Acquisition": 0.0,
        "Net Non Operating Interest Income Expense": -1040000.0,
        "Interest Expense Non Operating": 1040000.0,
        "Operating Income": -11076000.0,
        "Operating Expense": 13156000.0,
        "Research And Development": 2361000.0,
        "Selling General And Administration": 10795000.0,
        "Selling And Marketing Expense": NaN,
        "Gross Profit": 2080000.0,
        "Cost Of Revenue": 45327000.0,
        "Total Revenue": 47407000.0,
        "Operating Revenue": 47407000.0
    },
    "2022-03-31": {
        "Diluted EPS": -0.42,
        "Total Revenue": 48,
        "Gross Profit": -1,
        "Operating Income": -15,
        "EBIT": -8,
        "Net Income": -17
    },
    "2021-12-31": {
        "Diluted EPS": -0.16,
        "Total Revenue": 39,
        "Gross Profit": -17,
        "Operating Income": -28,
        "EBIT": -20,
        "Net Income": -27
    },
    "2021-09-30": {
        "Diluted EPS": -0.36,
        "Total Revenue": 35,
        "Gross Profit": -2,
        "Operating Income": -12,
        "EBIT": -5,
        "Net Income": -14
    },
    "2021-06-30": {
        "Diluted EPS": -0.2,
        "Total Revenue": 41,
        "Gross Profit": 2,
        "Operating Income": -16,
        "EBIT": -9,
        "Net Income": -7
    },
    "2021-03-31": {
        "Diluted EPS": -1.04,
        "Total Revenue": 48,
        "Gross Profit": 9,
        "Operating Income": -1,
        "EBIT": 5,
        "Net Income": -3
    },
    "2020-12-31": {
        "Diluted EPS": -0.86,
        "Total Revenue": 40,
        "Gross Profit": 4,
        "Operating Income": -6,
        "EBIT": 1,
        "Net Income": -12
    },
    "2020-09-30": {
        "Diluted EPS": 0.0,
        "Total Revenue": 33,
        "Gross Profit": 7,
        "Operating Income": 1,
        "EBIT": 5,
        "Net Income": -2
    },
    "2020-06-30": {
        "Diluted EPS": -0.29,
        "Total Revenue": 31,
        "Gross Profit": 5,
        "Operating Income": -3,
        "EBIT": 2,
        "Net Income": -5
    },
    "2020-03-31": {
        "Diluted EPS": 0.0,
        "Total Revenue": 37,
        "Gross Profit": 6,
        "Operating Income": -1,
        "EBIT": 4,
        "Net Income": -1
    },
    "2019-12-31": {
        "Diluted EPS": 0.0,
        "Total Revenue": NaN,
        "Gross Profit": NaN,
        "Operating Income": NaN,
        "EBIT": NaN,
        "Net Income": NaN
    },
    "2023-06-30": {
        "Tax Effect Of Unusual Items": 0.0,
        "Tax Rate For Calcs": 0.21,
        "Normalized EBITDA": 3658000.0,
        "Net Income From Continuing Operation Net Minority Interest": -8590000.0,
        "Reconciled Depreciation": 7207000.0,
        "Reconciled Cost Of Revenue": 53144000.0,
        "EBITDA": 3658000.0,
        "EBIT": -3549000.0,
        "Net Interest Income": -2950000.0,
        "Interest Expense": 2950000.0,
        "Normalized Income": -8590000.0,
        "Net Income From Continuing And Discontinued Operation": -8590000.0,
        "Total Expenses": 73360000.0,
        "Total Operating Income As Reported": -3549000.0,
        "Diluted Average Shares": 44743269.0,
        "Basic Average Shares": 44743269.0,
        "Diluted EPS": -0.19,
        "Basic EPS": -0.19,
        "Diluted NI Availto Com Stockholders": -8590000.0,
        "Net Income Common Stockholders": -8590000.0,
        "Net Income": -8590000.0,
        "Minority Interests": -2066000.0,
        "Net Income Including Noncontrolling Interests": -6524000.0,
        "Net Income Continuous Operations": -6524000.0,
        "Tax Provision": 25000.0,
        "Pretax Income": -6499000.0,
        "Net Non Operating Interest Income Expense": -2950000.0,
        "Interest Expense Non Operating": 2950000.0,
        "Operating Income": -3549000.0,
        "Operating Expense": 20216000.0,
        "Research And Development": 2396000.0,
        "Selling General And Administration": 17820000.0,
        "Gross Profit": 16667000.0,
        "Cost Of Revenue": 53144000.0,
        "Total Revenue": 69811000.0,
        "Operating Revenue": 69811000.0
    },
    "2023-09-30": {
        "Tax Effect Of Unusual Items": NaN,
        "Tax Rate For Calcs": NaN,
        "Normalized EBITDA": NaN,
        "Net Income From Continuing Operation Net Minority Interest": NaN,
        "Reconciled Depreciation": NaN,
        "Reconciled Cost Of Revenue": NaN,
        "EBITDA": NaN,
        "EBIT": NaN,
        "Net Interest Income": NaN,
        "Interest Expense": NaN,
        "Normalized Income": NaN,
        "Net Income From Continuing And Discontinued Operation": NaN,
        "Total Expenses": NaN,
        "Total Operating Income As Reported": NaN,
        "Diluted Average Shares": 46445000.0,
        "Basic Average Shares": 46445000.0,
        "Diluted EPS": -0.16,
        "Basic EPS": -0.16,
        "Diluted NI Availto Com Stockholders": NaN,
        "Net Income Common Stockholders": NaN,
        "Net Income": NaN,
        "Minority Interests": NaN,
        "Net Income Including Noncontrolling Interests": NaN,
        "Net Income Continuous Operations": NaN,
        "Tax Provision": NaN,
        "Pretax Income": NaN,
        "Net Non Operating Interest Income Expense": NaN,
        "Interest Expense Non Operating": NaN,
        "Operating Income": NaN,
        "Operating Expense": NaN,
        "Research And Development": NaN,
        "Selling General And Administration": NaN,
        "Gross Profit": NaN,
        "Cost Of Revenue": NaN,
        "Total Revenue": NaN,
        "Operating Revenue": NaN
    },
    "2023-12-31": {
        "Tax Effect Of Unusual Items": 0.0,
        "Tax Rate For Calcs": 0.050842,
        "Normalized EBITDA": 1326000.0,
        "Net Income From Continuing Operation Net Minority Interest": -10325000.0,
        "Reconciled Depreciation": 7279000.0,
        "Reconciled Cost Of Revenue": 67143000.0,
        "EBITDA": 1326000.0,
        "EBIT": -5953000.0,
        "Net Interest Income": -2898000.0,
        "Interest Expense": 2898000.0,
        "Normalized Income": -10325000.0,
        "Net Income From Continuing And Discontinued Operation": -10325000.0,
        "Total Expenses": 85106000.0,
        "Total Operating Income As Reported": -5953000.0,
        "Diluted Average Shares": 47020395.0,
        "Basic Average Shares": 47020395.0,
        "Diluted EPS": -0.22,
        "Basic EPS": -0.22,
        "Diluted NI Availto Com Stockholders": -10325000.0,
        "Net Income Common Stockholders": -10325000.0,
        "Net Income": -10325000.0,
        "Minority Interests": -1924000.0,
        "Net Income Including Noncontrolling Interests": -8401000.0,
        "Net Income Continuous Operations": -8401000.0,
        "Tax Provision": -450000.0,
        "Pretax Income": -8851000.0,
        "Net Non Operating Interest Income Expense": -2898000.0,
        "Interest Expense Non Operating": 2898000.0,
        "Operating Income": -5953000.0,
        "Operating Expense": 17963000.0,
        "Research And Development": 2873000.0,
        "Selling General And Administration": 15090000.0,
        "Gross Profit": 12010000.0,
        "Cost Of Revenue": 67143000.0,
        "Total Revenue": 79153000.0,
        "Operating Revenue": 82653000.0
    },
    "2024-03-31": {
        "Tax Effect Of Unusual Items": 0.0,
        "Tax Rate For Calcs": 0.21,
        "Normalized EBITDA": 2864000.0,
        "Net Income From Continuing Operation Net Minority Interest": -5729000.0,
        "Reconciled Depreciation": 5065000.0,
        "Reconciled Cost Of Revenue": 66656000.0,
        "EBITDA": 2864000.0,
        "EBIT": -2201000.0,
        "Net Interest Income": -2390000.0,
        "Interest Expense": 2390000.0,
        "Normalized Income": -5729000.0,
        "Net Income From Continuing And Discontinued Operation": -5729000.0,
        "Total Expenses": 81837000.0,
        "Total Operating Income As Reported": -2201000.0,
        "Diluted Average Shares": 47099000.0,
        "Basic Average Shares": 47099000.0,
        "Diluted EPS": -0.12,
        "Basic EPS": -0.12,
        "Diluted NI Availto Com Stockholders": -5729000.0,
        "Net Income Common Stockholders": -5729000.0,
        "Net Income": -5729000.0,
        "Minority Interests": -1097000.0,
        "Net Income Including Noncontrolling Interests": -4632000.0,
        "Net Income Continuous Operations": -4632000.0,
        "Tax Provision": 41000.0,
        "Pretax Income": -4591000.0,
        "Net Non Operating Interest Income Expense": -2390000.0,
        "Interest Expense Non Operating": 2390000.0,
        "Operating Income": -2201000.0,
        "Operating Expense": 15181000.0,
        "Research And Development": 4012000.0,
        "Selling General And Administration": 11169000.0,
        "Gross Profit": 12980000.0,
        "Cost Of Revenue": 66656000.0,
        "Total Revenue": 79636000.0,
        "Operating Revenue": 78469000.0
    },
    "2024-06-30": {
        "Tax Effect Of Unusual Items": 0.0,
        "Tax Rate For Calcs": 0.117375,
        "Normalized EBITDA": 5464000.0,
        "Net Income From Continuing Operation Net Minority Interest": -1897000.0,
        "Reconciled Depreciation": 4064000.0,
        "Reconciled Cost Of Revenue": 76215000.0,
        "EBITDA": 5464000.0,
        "EBIT": 1400000.0,
        "Net Interest Income": -2482000.0,
        "Interest Expense": 2482000.0,
        "Normalized Income": -1897000.0,
        "Net Income From Continuing And Discontinued Operation": -1897000.0,
        "Total Expenses": 91929000.0,
        "Total Operating Income As Reported": 1400000.0,
        "Diluted Average Shares": 47395000.0,
        "Basic Average Shares": 47395000.0,
        "Diluted EPS": -0.04,
        "Basic EPS": -0.04,
        "Diluted NI Availto Com Stockholders": -1897000.0,
        "Net Income Common Stockholders": -1897000.0,
        "Net Income": -1897000.0,
        "Minority Interests": -942000.0,
        "Net Income Including Noncontrolling Interests": -955000.0,
        "Net Income Continuous Operations": -955000.0,
        "Tax Provision": -127000.0,
        "Pretax Income": -1082000.0,
        "Net Non Operating Interest Income Expense": -2482000.0,
        "Interest Expense Non Operating": 2482000.0,
        "Operating Income": 1400000.0,
        "Operating Expense": 15714000.0,
        "Research And Development": 3382000.0,
        "Selling General And Administration": 12332000.0,
        "Gross Profit": 17114000.0,
        "Cost Of Revenue": 76215000.0,
        "Total Revenue": 93329000.0,
        "Operating Revenue": 93329000.0
    },
    "2024-09-30": {
        "Tax Effect Of Unusual Items": 0.0,
        "Tax Rate For Calcs": 0.034,
        "Normalized EBITDA": 8875000.0,
        "Net Income From Continuing Operation Net Minority Interest": 1512000.0,
        "Reconciled Depreciation": 4166000.0,
        "Reconciled Cost Of Revenue": 73582000.0,
        "EBITDA": 8875000.0,
        "EBIT": 4709000.0,
        "Net Interest Income": -1988000.0,
        "Interest Expense": 1988000.0,
        "Normalized Income": 1512000.0,
        "Net Income From Continuing And Discontinued Operation": 1512000.0,
        "Total Expenses": 89108000.0,
        "Total Operating Income As Reported": 4709000.0,
        "Diluted Average Shares": 47640000.0,
        "Basic Average Shares": 47523000.0,
        "Diluted EPS": 0.03,
        "Basic EPS": 0.03,
        "Diluted NI Availto Com Stockholders": 1512000.0,
        "Net Income Common Stockholders": 1512000.0,
        "Net Income": 1512000.0,
        "Minority Interests": -1116000.0,
        "Net Income Including Noncontrolling Interests": 2628000.0,
        "Net Income Continuous Operations": 2628000.0,
        "Tax Provision": 93000.0,
        "Pretax Income": 2721000.0,
        "Net Non Operating Interest Income Expense": -1988000.0,
        "Interest Expense Non Operating": 1988000.0,
        "Operating Income": 4709000.0,
        "Operating Expense": 15526000.0,
        "Research And Development": 3431000.0,
        "Selling General And Administration": 12095000.0,
        "Gross Profit": 20235000.0,
        "Cost Of Revenue": 73582000.0,
        "Total Revenue": 93817000.0,
        "Operating Revenue": 92650000.0
    },
    "2024-12-31": {
        "Tax Effect Of Unusual Items": 0.0,
        "Tax Rate For Calcs": 0.344675,
        "Normalized EBITDA": 8052000.0,
        "Net Income From Continuing Operation Net Minority Interest": -679000.0,
        "Reconciled Depreciation": 5398000.0,
        "Reconciled Cost Of Revenue": 56190000.0,
        "EBITDA": 8052000.0,
        "EBIT": 2654000.0,
        "Net Interest Income": -1978000.0,
        "Interest Expense": 1978000.0,
        "Normalized Income": -679000.0,
        "Net Income From Continuing And Discontinued Operation": -679000.0,
        "Total Expenses": 72833000.0,
        "Total Operating Income As Reported": 2654000.0,
        "Diluted Average Shares": 47659000.0,
        "Basic Average Shares": 47659000.0,
        "Diluted EPS": -0.01,
        "Basic EPS": -0.01,
        "Diluted NI Availto Com Stockholders": -679000.0,
        "Net Income Common Stockholders": -679000.0,
        "Net Income": -679000.0,
        "Minority Interests": -1122000.0,
        "Net Income Including Noncontrolling Interests": 443000.0,
        "Net Income Continuous Operations": 443000.0,
        "Tax Provision": 233000.0,
        "Pretax Income": 676000.0,
        "Net Non Operating Interest Income Expense": -1978000.0,
        "Interest Expense Non Operating": 1978000.0,
        "Operating Income": 2654000.0,
        "Operating Expense": 16643000.0,
        "Research And Development": 4215000.0,
        "Selling General And Administration": 12428000.0,
        "Gross Profit": 19297000.0,
        "Cost Of Revenue": 56190000.0,
        "Total Revenue": 75487000.0,
        "Operating Revenue": 78988000.0
    },
    "2025-03-31": {
        "Tax Effect Of Unusual Items": 0.0,
        "Tax Rate For Calcs": 0.21,
        "Normalized EBITDA": 483000.0,
        "Net Income From Continuing Operation Net Minority Interest": -7345000.0,
        "Reconciled Depreciation": 4505000.0,
        "Reconciled Cost Of Revenue": 47039000.0,
        "EBITDA": 483000.0,
        "EBIT": -4022000.0,
        "Net Interest Income": -1812000.0,
        "Interest Expense": 1812000.0,
        "Normalized Income": -7345000.0,
        "Net Income From Continuing And Discontinued Operation": -7345000.0,
        "Total Expenses": 65318000.0,
        "Total Operating Income As Reported": -4022000.0,
        "Diluted Average Shares": 47791000.0,
        "Basic Average Shares": 47791000.0,
        "Diluted EPS": -0.15,
        "Basic EPS": -0.15,
        "Diluted NI Availto Com Stockholders": -7345000.0,
        "Net Income Common Stockholders": -7345000.0,
        "Net Income": -7345000.0,
        "Minority Interests": -1127000.0,
        "Net Income Including Noncontrolling Interests": -6218000.0,
        "Net Income Continuous Operations": -6218000.0,
        "Tax Provision": 384000.0,
        "Pretax Income": -5834000.0,
        "Net Non Operating Interest Income Expense": -1812000.0,
        "Interest Expense Non Operating": 1812000.0,
        "Operating Income": -4022000.0,
        "Operating Expense": 18279000.0,
        "Research And Development": 3249000.0,
        "Selling General And Administration": 15030000.0,
        "Gross Profit": 14257000.0,
        "Cost Of Revenue": 47039000.0,
        "Total Revenue": 61296000.0,
        "Operating Revenue": 60129000.0
    },
    "2025-06-30": {
        "Tax Effect Of Unusual Items": 0.0,
        "Tax Rate For Calcs": 0.21,
        "Normalized EBITDA": -1939000.0,
        "Net Income From Continuing Operation Net Minority Interest": -9978000.0,
        "Reconciled Depreciation": 4539000.0,
        "Reconciled Cost Of Revenue": 48164000.0,
        "EBITDA": -1939000.0,
        "EBIT": -6478000.0,
        "Net Interest Income": -1637000.0,
        "Interest Expense": 1637000.0,
        "Normalized Income": -9978000.0,
        "Net Income From Continuing And Discontinued Operation": -9978000.0,
        "Total Expenses": 65541000.0,
        "Total Operating Income As Reported": -6478000.0,
        "Diluted Average Shares": 48091000.0,
        "Basic Average Shares": 48091000.0,
        "Diluted EPS": -0.21,
        "Basic EPS": -0.21,
        "Diluted NI Availto Com Stockholders": -9978000.0,
        "Net Income Common Stockholders": -9978000.0,
        "Net Income": -9978000.0,
        "Minority Interests": -1121000.0,
        "Net Income Including Noncontrolling Interests": -8857000.0,
        "Net Income Continuous Operations": -8857000.0,
        "Tax Provision": 742000.0,
        "Pretax Income": -8115000.0,
        "Net Non Operating Interest Income Expense": -1637000.0,
        "Interest Expense Non Operating": 1637000.0,
        "Operating Income": -6478000.0,
        "Operating Expense": 17377000.0,
        "Research And Development": 3368000.0,
        "Selling General And Administration": 14009000.0,
        "Gross Profit": 10899000.0,
        "Cost Of Revenue": 48164000.0,
        "Total Revenue": 59063000.0,
        "Operating Revenue": 59063000.0
    }
}