{
    "2023-03-31": {
        "Tax Effect Of Unusual Items": NaN,
        "Tax Rate For Calcs": NaN,
        "Normalized EBITDA": NaN,
        "Total Unusual Items": NaN,
        "Total Unusual Items Excluding Goodwill": NaN,
        "Net Income From Continuing Operation Net Minority Interest": NaN,
        "EBITDA": NaN,
        "EBIT": NaN,
        "Normalized Income": NaN,
        "Net Income From Continuing And Discontinued Operation": NaN,
        "Total Expenses": NaN,
        "Diluted Average Shares": 57936904.0,
        "Basic Average Shares": 57936904.0,
        "Diluted EPS": -0.01,
        "Basic EPS": -0.01,
        "Diluted NI Availto Com Stockholders": NaN,
        "Net Income Common Stockholders": NaN,
        "Net Income": NaN,
        "Net Income Including Noncontrolling Interests": NaN,
        "Net Income Continuous Operations": NaN,
        "Pretax Income": NaN,
        "Other Income Expense": NaN,
        "Other Non Operating Income Expenses": NaN,
        "Gain On Sale Of Security": NaN,
        "Operating Income": NaN,
        "Operating Expense": NaN,
        "Selling General And Administration": NaN,
        "General And Administrative Expense": NaN,
        "Other Gand A": NaN,
        "Total Revenue": NaN,
        "Operating Revenue": NaN
    },
    "2022-12-31": {
        "Tax Effect Of Unusual Items": 934586.52,
        "Tax Rate For Calcs": 0.21,
        "Normalized EBITDA": -5134328.0,
        "Total Unusual Items": 4450412.0,
        "Total Unusual Items Excluding Goodwill": 4450412.0,
        "Net Income From Continuing Operation Net Minority Interest": 3766496.0,
        "EBITDA": -683916.0,
        "EBIT": -683916.0,
        "Normalized Income": 250670.52,
        "Net Income From Continuing And Discontinued Operation": 3766496.0,
        "Total Expenses": 683916.0,
        "Diluted Average Shares": NaN,
        "Basic Average Shares": NaN,
        "Diluted EPS": NaN,
        "Basic EPS": NaN,
        "Diluted NI Availto Com Stockholders": 3766496.0,
        "Net Income Common Stockholders": 3766496.0,
        "Net Income": 3766496.0,
        "Net Income Including Noncontrolling Interests": 3766496.0,
        "Net Income Continuous Operations": 3766496.0,
        "Pretax Income": 3766496.0,
        "Other Income Expense": 4450412.0,
        "Gain On Sale Of Security": 4450412.0,
        "Operating Income": -683916.0,
        "Operating Expense": 683916.0,
        "Selling General And Administration": 683916.0,
        "General And Administrative Expense": 683916.0,
        "Other Gand A": 683916.0,
        "Total Revenue": 0.0,
        "Operating Revenue": 0.0
    },
    "2022-09-30": {
        "Tax Effect Of Unusual Items": NaN,
        "Tax Rate For Calcs": NaN,
        "Normalized EBITDA": NaN,
        "Total Unusual Items": NaN,
        "Total Unusual Items Excluding Goodwill": NaN,
        "Net Income From Continuing Operation Net Minority Interest": NaN,
        "EBITDA": NaN,
        "EBIT": NaN,
        "Normalized Income": NaN,
        "Net Income From Continuing And Discontinued Operation": NaN,
        "Total Expenses": NaN,
        "Diluted Average Shares": 71875000.0,
        "Basic Average Shares": 71875000.0,
        "Diluted EPS": 0.07,
        "Basic EPS": 0.07,
        "Diluted NI Availto Com Stockholders": NaN,
        "Net Income Common Stockholders": NaN,
        "Net Income": NaN,
        "Net Income Including Noncontrolling Interests": NaN,
        "Net Income Continuous Operations": NaN,
        "Pretax Income": NaN,
        "Other Income Expense": NaN,
        "Other Non Operating Income Expenses": NaN,
        "Gain On Sale Of Security": NaN,
        "Operating Income": NaN,
        "Operating Expense": NaN,
        "Selling General And Administration": NaN,
        "General And Administrative Expense": NaN,
        "Other Gand A": NaN,
        "Total Revenue": NaN,
        "Operating Revenue": NaN
    },
    "2022-06-30": {
        "Tax Effect Of Unusual Items": 2559528.8,
        "Tax Rate For Calcs": 0.4,
        "Normalized EBITDA": -7370399.0,
        "Total Unusual Items": 6398822.0,
        "Total Unusual Items Excluding Goodwill": 6398822.0,
        "Net Income From Continuing Operation Net Minority Interest": 5427245.0,
        "EBITDA": -971577.0,
        "EBIT": -971577.0,
        "Normalized Income": 1587951.8,
        "Net Income From Continuing And Discontinued Operation": 5427245.0,
        "Total Expenses": 971577.0,
        "Diluted Average Shares": 71875000.0,
        "Basic Average Shares": 71875000.0,
        "Diluted EPS": 0.08,
        "Basic EPS": 0.08,
        "Diluted NI Availto Com Stockholders": 5427246.0,
        "Net Income Common Stockholders": 5427246.0,
        "Net Income": 5427245.0,
        "Net Income Including Noncontrolling Interests": 5427245.0,
        "Net Income Continuous Operations": 5427245.0,
        "Pretax Income": 5427245.0,
        "Other Income Expense": 6398822.0,
        "Gain On Sale Of Security": 6398822.0,
        "Operating Income": -971577.0,
        "Operating Expense": 971577.0,
        "Selling General And Administration": 971577.0,
        "General And Administrative Expense": 971577.0,
        "Other Gand A": 971577.0,
        "Total Revenue": 0.0,
        "Operating Revenue": 0.0
    },
    "2022-03-31": {
        "Diluted EPS": 0.06,
        "Total Revenue": NaN,
        "Gross Profit": NaN,
        "Operating Income": -1,
        "EBIT": -1,
        "Net Income": 4
    },
    "2021-12-31": {
        "Diluted EPS": 0.33,
        "Total Revenue": NaN,
        "Gross Profit": NaN,
        "Operating Income": -1,
        "EBIT": -1,
        "Net Income": 13
    },
    "2021-09-30": {
        "Diluted EPS": 0.06,
        "Total Revenue": NaN,
        "Gross Profit": NaN,
        "Operating Income": -1,
        "EBIT": -1,
        "Net Income": 4
    },
    "2021-06-30": {
        "Diluted EPS": 0.22,
        "Total Revenue": NaN,
        "Gross Profit": NaN,
        "Operating Income": -1,
        "EBIT": -1,
        "Net Income": 16
    },
    "2021-03-31": {
        "Diluted EPS": -0.19,
        "Total Revenue": NaN,
        "Gross Profit": NaN,
        "Operating Income": -1,
        "EBIT": -1,
        "Net Income": -7
    },
    "2020-12-31": {
        "Diluted EPS": 0.0,
        "Total Revenue": NaN,
        "Gross Profit": NaN,
        "Operating Income": NaN,
        "EBIT": NaN,
        "Net Income": NaN
    },
    "2023-06-30": {
        "Tax Effect Of Unusual Items": 699237.84,
        "Tax Rate For Calcs": 0.21,
        "Normalized EBITDA": -4022792.0,
        "Total Unusual Items": 3329704.0,
        "Total Unusual Items Excluding Goodwill": 3329704.0,
        "Net Income From Continuing Operation Net Minority Interest": 2636616.0,
        "EBITDA": -693088.0,
        "EBIT": -693088.0,
        "Normalized Income": 6149.84,
        "Net Income From Continuing And Discontinued Operation": 2636616.0,
        "Total Expenses": 693088.0,
        "Diluted Average Shares": 39710163.0,
        "Basic Average Shares": 39710163.0,
        "Diluted EPS": 0.07,
        "Basic EPS": 0.07,
        "Diluted NI Availto Com Stockholders": 2636616.0,
        "Net Income Common Stockholders": 2636616.0,
        "Net Income": 2636616.0,
        "Net Income Including Noncontrolling Interests": 2636616.0,
        "Net Income Continuous Operations": 2636616.0,
        "Pretax Income": 2636616.0,
        "Other Income Expense": 3329704.0,
        "Other Non Operating Income Expenses": NaN,
        "Gain On Sale Of Security": 3329704.0,
        "Operating Income": -693088.0,
        "Operating Expense": 693088.0,
        "Selling General And Administration": 693088.0,
        "General And Administrative Expense": 693088.0,
        "Other Gand A": 693088.0,
        "Total Revenue": 0.0,
        "Operating Revenue": 0.0
    },
    "2023-09-30": {
        "Tax Effect Of Unusual Items": 902389.11,
        "Tax Rate For Calcs": 0.21,
        "Normalized EBITDA": -4929311.0,
        "Total Unusual Items": 4297091.0,
        "Total Unusual Items Excluding Goodwill": 4297091.0,
        "Net Income From Continuing Operation Net Minority Interest": 3664871.0,
        "EBITDA": -632220.0,
        "EBIT": -632220.0,
        "Normalized Income": 270169.11,
        "Net Income From Continuing And Discontinued Operation": 3664871.0,
        "Total Expenses": 632220.0,
        "Diluted Average Shares": 39710163.0,
        "Basic Average Shares": 39710163.0,
        "Diluted EPS": 0.09,
        "Basic EPS": 0.09,
        "Diluted NI Availto Com Stockholders": 3664871.0,
        "Net Income Common Stockholders": 3664871.0,
        "Net Income": 3664871.0,
        "Net Income Including Noncontrolling Interests": 3664871.0,
        "Net Income Continuous Operations": 3664871.0,
        "Pretax Income": 3664871.0,
        "Other Income Expense": 4297091.0,
        "Other Non Operating Income Expenses": NaN,
        "Gain On Sale Of Security": 4297091.0,
        "Operating Income": -632220.0,
        "Operating Expense": 632220.0,
        "Selling General And Administration": 632220.0,
        "General And Administrative Expense": 632220.0,
        "Other Gand A": 632220.0,
        "Total Revenue": 0.0,
        "Operating Revenue": 0.0
    },
    "2023-12-31": {
        "Tax Effect Of Unusual Items": 0.0,
        "Tax Rate For Calcs": 0.0,
        "Normalized EBITDA": -2741851.0,
        "Total Unusual Items": 869717.0,
        "Total Unusual Items Excluding Goodwill": 869717.0,
        "Net Income From Continuing Operation Net Minority Interest": -1002417.0,
        "EBITDA": -1872134.0,
        "EBIT": -1872134.0,
        "Normalized Income": -1872134.0,
        "Net Income From Continuing And Discontinued Operation": -1002417.0,
        "Total Expenses": 1872134.0,
        "Diluted Average Shares": NaN,
        "Basic Average Shares": NaN,
        "Diluted EPS": NaN,
        "Basic EPS": NaN,
        "Diluted NI Availto Com Stockholders": -1002417.0,
        "Net Income Common Stockholders": -1002417.0,
        "Net Income": -1002417.0,
        "Net Income Including Noncontrolling Interests": -1002417.0,
        "Net Income Continuous Operations": -1002417.0,
        "Pretax Income": -1002417.0,
        "Other Income Expense": 869717.0,
        "Other Non Operating Income Expenses": NaN,
        "Gain On Sale Of Security": 869717.0,
        "Operating Income": -1872134.0,
        "Operating Expense": 1872134.0,
        "Selling General And Administration": 1872134.0,
        "General And Administrative Expense": 1872134.0,
        "Other Gand A": 1872134.0,
        "Total Revenue": 0.0,
        "Operating Revenue": 0.0
    },
    "2024-03-31": {
        "Tax Effect Of Unusual Items": 0.0,
        "Tax Rate For Calcs": 0.0,
        "Normalized EBITDA": -2953010.0,
        "Total Unusual Items": 1145061.0,
        "Total Unusual Items Excluding Goodwill": 1145061.0,
        "Net Income From Continuing Operation Net Minority Interest": -946627.0,
        "EBITDA": -1807949.0,
        "EBIT": -1807949.0,
        "Normalized Income": -2091688.0,
        "Net Income From Continuing And Discontinued Operation": -946627.0,
        "Total Expenses": 1807949.0,
        "Diluted Average Shares": 23452959.0,
        "Basic Average Shares": 23452959.0,
        "Diluted EPS": -0.04,
        "Basic EPS": -0.04,
        "Diluted NI Availto Com Stockholders": -946627.0,
        "Net Income Common Stockholders": -946627.0,
        "Net Income": -946627.0,
        "Net Income Including Noncontrolling Interests": -946627.0,
        "Net Income Continuous Operations": -946627.0,
        "Pretax Income": -946627.0,
        "Other Income Expense": 861322.0,
        "Other Non Operating Income Expenses": -283739.0,
        "Gain On Sale Of Security": 1145061.0,
        "Operating Income": -1807949.0,
        "Operating Expense": 1807949.0,
        "Selling General And Administration": 1807949.0,
        "General And Administrative Expense": 1807949.0,
        "Other Gand A": 1807949.0,
        "Total Revenue": 0.0,
        "Operating Revenue": 0.0
    },
    "2024-06-30": {
        "Tax Effect Of Unusual Items": 0.0,
        "Tax Rate For Calcs": 0.0,
        "Normalized EBITDA": 56432.0,
        "Total Unusual Items": -811278.0,
        "Total Unusual Items Excluding Goodwill": -811278.0,
        "Net Income From Continuing Operation Net Minority Interest": -1566124.0,
        "EBITDA": -754846.0,
        "EBIT": -754846.0,
        "Normalized Income": -754846.0,
        "Net Income From Continuing And Discontinued Operation": -1566124.0,
        "Total Expenses": 754846.0,
        "Diluted Average Shares": 23452959.0,
        "Basic Average Shares": 23452959.0,
        "Diluted EPS": -0.07,
        "Basic EPS": -0.07,
        "Diluted NI Availto Com Stockholders": -1566124.0,
        "Net Income Common Stockholders": -1566124.0,
        "Net Income": -1566124.0,
        "Net Income Including Noncontrolling Interests": -1566124.0,
        "Net Income Continuous Operations": -1566124.0,
        "Pretax Income": -1566124.0,
        "Other Income Expense": -811278.0,
        "Other Non Operating Income Expenses": NaN,
        "Gain On Sale Of Security": -811278.0,
        "Operating Income": -754846.0,
        "Operating Expense": 754846.0,
        "Selling General And Administration": 754846.0,
        "General And Administrative Expense": 754846.0,
        "Other Gand A": 754846.0,
        "Total Revenue": 0.0,
        "Operating Revenue": 0.0
    }
}