{
    "2025-03-31": {
        "Tax Effect Of Unusual Items": 0.0,
        "Tax Rate For Calcs": 0.2534,
        "Net Income From Continuing Operation Net Minority Interest": 92503000.0,
        "Reconciled Depreciation": 3041000.0,
        "EBIT": 124841000.0,
        "Net Interest Income": -934000.0,
        "Interest Expense": 934000.0,
        "Normalized Income": 92503000.0,
        "Net Income From Continuing And Discontinued Operation": 92503000.0,
        "Total Expenses": 157686000.0,
        "Diluted Average Shares": 124934085.0,
        "Basic Average Shares": 124934085.0,
        "Diluted EPS": 0.740414,
        "Basic EPS": 0.740414,
        "Diluted NI Availto Com Stockholders": 92503000.0,
        "Net Income Common Stockholders": 92503000.0,
        "Net Income": 92503000.0,
        "Net Income Including Noncontrolling Interests": 92503000.0,
        "Net Income Continuous Operations": 92503000.0,
        "Tax Provision": 31404000.0,
        "Pretax Income": 123907000.0,
        "Other Income Expense": 211000.0,
        "Net Non Operating Interest Income Expense": -934000.0,
        "Interest Expense Non Operating": 934000.0,
        "Other Operating Expenses": NaN,
        "Depreciation And Amortization In Income Statement": 3041000.0,
        "Amortization": 1895000.0,
        "Depreciation Income Statement": 1146000.0,
        "Selling General And Administration": 41378000.0,
        "General And Administrative Expense": 41378000.0,
        "Other Gand A": 41378000.0,
        "Total Revenue": 281593000.0,
        "Operating Revenue": 281593000.0,
        "Loss Adjustment Expense": 83761000.0,
        "Net Policyholder Benefits And Claims": 83761000.0
    },
    "2024-12-31": {
        "Tax Effect Of Unusual Items": 0.0,
        "Tax Rate For Calcs": 0.255022,
        "Net Income From Continuing Operation Net Minority Interest": 75093000.0,
        "Reconciled Depreciation": 2834000.0,
        "EBIT": 101588000.0,
        "Net Interest Income": -789000.0,
        "Interest Expense": 789000.0,
        "Normalized Income": 75093000.0,
        "Net Income From Continuing And Discontinued Operation": 75093000.0,
        "Total Expenses": 137654000.0,
        "Diluted Average Shares": NaN,
        "Basic Average Shares": NaN,
        "Diluted EPS": NaN,
        "Basic EPS": NaN,
        "Diluted NI Availto Com Stockholders": 75093000.0,
        "Net Income Common Stockholders": 75093000.0,
        "Net Income": 75093000.0,
        "Net Income Including Noncontrolling Interests": 75093000.0,
        "Net Income Continuous Operations": 75093000.0,
        "Tax Provision": 25706000.0,
        "Pretax Income": 100799000.0,
        "Other Income Expense": -201000.0,
        "Net Non Operating Interest Income Expense": -789000.0,
        "Interest Expense Non Operating": 789000.0,
        "Other Operating Expenses": 1183000.0,
        "Depreciation And Amortization In Income Statement": 3020000.0,
        "Amortization": 1960000.0,
        "Depreciation Income Statement": 1060000.0,
        "Selling General And Administration": 44484000.0,
        "General And Administrative Expense": 44484000.0,
        "Other Gand A": 44484000.0,
        "Total Revenue": 238453000.0,
        "Operating Revenue": 238453000.0,
        "Loss Adjustment Expense": 59088000.0,
        "Net Policyholder Benefits And Claims": 59088000.0
    },
    "2024-09-30": {
        "Tax Effect Of Unusual Items": 0.0,
        "Tax Rate For Calcs": 0.255,
        "Net Income From Continuing Operation Net Minority Interest": 17577000.0,
        "Reconciled Depreciation": 2855000.0,
        "EBIT": 25746000.0,
        "Net Interest Income": -1378000.0,
        "Interest Expense": 1378000.0,
        "Normalized Income": 17577000.0,
        "Net Income From Continuing And Discontinued Operation": 17577000.0,
        "Total Expenses": 175736000.0,
        "Diluted Average Shares": 124934085.0,
        "Basic Average Shares": 124934085.0,
        "Diluted EPS": 0.14069,
        "Basic EPS": 0.14069,
        "Diluted NI Availto Com Stockholders": 17577000.0,
        "Net Income Common Stockholders": 17577000.0,
        "Net Income": 17577000.0,
        "Net Income Including Noncontrolling Interests": 17577000.0,
        "Net Income Continuous Operations": 17577000.0,
        "Tax Provision": 6791000.0,
        "Pretax Income": 24368000.0,
        "Other Income Expense": 416000.0,
        "Net Non Operating Interest Income Expense": -1378000.0,
        "Interest Expense Non Operating": 1378000.0,
        "Other Operating Expenses": NaN,
        "Depreciation And Amortization In Income Statement": 2669000.0,
        "Amortization": 1962000.0,
        "Depreciation Income Statement": 707000.0,
        "Selling General And Administration": 38007000.0,
        "General And Administrative Expense": 38007000.0,
        "Other Gand A": 38007000.0,
        "Total Revenue": 200104000.0,
        "Operating Revenue": 200104000.0,
        "Loss Adjustment Expense": 111664000.0,
        "Net Policyholder Benefits And Claims": 111664000.0
    },
    "2024-06-30": {
        "Tax Effect Of Unusual Items": NaN,
        "Tax Rate For Calcs": NaN,
        "Net Income From Continuing Operation Net Minority Interest": NaN,
        "Reconciled Depreciation": NaN,
        "EBIT": NaN,
        "Net Interest Income": NaN,
        "Interest Expense": NaN,
        "Normalized Income": NaN,
        "Net Income From Continuing And Discontinued Operation": NaN,
        "Total Expenses": NaN,
        "Diluted Average Shares": 124934085.0,
        "Basic Average Shares": 124934085.0,
        "Diluted EPS": 0.430163,
        "Basic EPS": 0.430163,
        "Diluted NI Availto Com Stockholders": NaN,
        "Net Income Common Stockholders": NaN,
        "Net Income": NaN,
        "Net Income Including Noncontrolling Interests": NaN,
        "Net Income Continuous Operations": NaN,
        "Tax Provision": NaN,
        "Pretax Income": NaN,
        "Other Income Expense": NaN,
        "Net Non Operating Interest Income Expense": NaN,
        "Interest Expense Non Operating": NaN,
        "Other Operating Expenses": NaN,
        "Depreciation And Amortization In Income Statement": NaN,
        "Amortization": NaN,
        "Depreciation Income Statement": NaN,
        "Selling General And Administration": NaN,
        "General And Administrative Expense": NaN,
        "Other Gand A": NaN,
        "Total Revenue": NaN,
        "Operating Revenue": NaN,
        "Loss Adjustment Expense": NaN,
        "Net Policyholder Benefits And Claims": NaN
    },
    "2024-03-31": {
        "Tax Effect Of Unusual Items": NaN,
        "Tax Rate For Calcs": NaN,
        "Net Income From Continuing Operation Net Minority Interest": NaN,
        "Reconciled Depreciation": NaN,
        "EBIT": NaN,
        "Net Interest Income": NaN,
        "Interest Expense": NaN,
        "Normalized Income": NaN,
        "Net Income From Continuing And Discontinued Operation": NaN,
        "Total Expenses": NaN,
        "Diluted Average Shares": 124934085.0,
        "Basic Average Shares": 124934085.0,
        "Diluted EPS": 0.437935,
        "Basic EPS": 0.437935,
        "Diluted NI Availto Com Stockholders": NaN,
        "Net Income Common Stockholders": NaN,
        "Net Income": NaN,
        "Net Income Including Noncontrolling Interests": NaN,
        "Net Income Continuous Operations": NaN,
        "Tax Provision": NaN,
        "Pretax Income": NaN,
        "Other Income Expense": NaN,
        "Net Non Operating Interest Income Expense": NaN,
        "Interest Expense Non Operating": NaN,
        "Other Operating Expenses": NaN,
        "Depreciation And Amortization In Income Statement": NaN,
        "Amortization": NaN,
        "Depreciation Income Statement": NaN,
        "Selling General And Administration": NaN,
        "General And Administrative Expense": NaN,
        "Other Gand A": NaN,
        "Total Revenue": NaN,
        "Operating Revenue": NaN,
        "Loss Adjustment Expense": NaN,
        "Net Policyholder Benefits And Claims": NaN
    },
    "2023-12-31": {
        "Tax Effect Of Unusual Items": NaN,
        "Tax Rate For Calcs": NaN,
        "Net Income From Continuing Operation Net Minority Interest": NaN,
        "Reconciled Depreciation": NaN,
        "EBIT": NaN,
        "Net Interest Income": NaN,
        "Interest Expense": NaN,
        "Normalized Income": NaN,
        "Net Income From Continuing And Discontinued Operation": NaN,
        "Total Expenses": NaN,
        "Diluted Average Shares": NaN,
        "Basic Average Shares": NaN,
        "Diluted EPS": NaN,
        "Basic EPS": NaN,
        "Diluted NI Availto Com Stockholders": NaN,
        "Net Income Common Stockholders": NaN,
        "Net Income": NaN,
        "Net Income Including Noncontrolling Interests": NaN,
        "Net Income Continuous Operations": NaN,
        "Tax Provision": NaN,
        "Pretax Income": NaN,
        "Other Income Expense": NaN,
        "Net Non Operating Interest Income Expense": NaN,
        "Interest Expense Non Operating": NaN,
        "Other Operating Expenses": 242000.0,
        "Depreciation And Amortization In Income Statement": NaN,
        "Amortization": NaN,
        "Depreciation Income Statement": NaN,
        "Selling General And Administration": NaN,
        "General And Administrative Expense": NaN,
        "Other Gand A": NaN,
        "Total Revenue": NaN,
        "Operating Revenue": NaN,
        "Loss Adjustment Expense": NaN,
        "Net Policyholder Benefits And Claims": NaN
    },
    "2023-09-30": {
        "Tax Effect Of Unusual Items": NaN,
        "Tax Rate For Calcs": NaN,
        "Net Income From Continuing Operation Net Minority Interest": NaN,
        "Reconciled Depreciation": NaN,
        "EBIT": NaN,
        "Net Interest Income": NaN,
        "Interest Expense": NaN,
        "Normalized Income": NaN,
        "Net Income From Continuing And Discontinued Operation": NaN,
        "Total Expenses": NaN,
        "Diluted Average Shares": NaN,
        "Basic Average Shares": NaN,
        "Diluted EPS": NaN,
        "Basic EPS": NaN,
        "Diluted NI Availto Com Stockholders": NaN,
        "Net Income Common Stockholders": NaN,
        "Net Income": NaN,
        "Net Income Including Noncontrolling Interests": NaN,
        "Net Income Continuous Operations": NaN,
        "Tax Provision": NaN,
        "Pretax Income": NaN,
        "Other Income Expense": NaN,
        "Net Non Operating Interest Income Expense": NaN,
        "Interest Expense Non Operating": NaN,
        "Other Operating Expenses": 0.0,
        "Depreciation And Amortization In Income Statement": NaN,
        "Amortization": NaN,
        "Depreciation Income Statement": NaN,
        "Selling General And Administration": NaN,
        "General And Administrative Expense": NaN,
        "Other Gand A": NaN,
        "Total Revenue": NaN,
        "Operating Revenue": NaN,
        "Loss Adjustment Expense": NaN,
        "Net Policyholder Benefits And Claims": NaN
    },
    "2025-06-30": {
        "Tax Effect Of Unusual Items": 0.0,
        "Tax Rate For Calcs": 0.272,
        "Net Income From Continuing Operation Net Minority Interest": 70072000.0,
        "Reconciled Depreciation": 3014000.0,
        "EBIT": 97192000.0,
        "Net Interest Income": -895000.0,
        "Interest Expense": 895000.0,
        "Normalized Income": 70072000.0,
        "Net Income From Continuing And Discontinued Operation": 70072000.0,
        "Total Expenses": 165310000.0,
        "Diluted Average Shares": 125979000.0,
        "Basic Average Shares": 66773000.0,
        "Diluted EPS": 0.56,
        "Basic EPS": 1.05,
        "Diluted NI Availto Com Stockholders": 70072000.0,
        "Net Income Common Stockholders": 70072000.0,
        "Net Income": 70072000.0,
        "Net Income Including Noncontrolling Interests": 70072000.0,
        "Net Income Continuous Operations": 70072000.0,
        "Tax Provision": 26225000.0,
        "Pretax Income": 96297000.0,
        "Other Income Expense": 253000.0,
        "Net Non Operating Interest Income Expense": -895000.0,
        "Interest Expense Non Operating": 895000.0,
        "Other Operating Expenses": NaN,
        "Depreciation And Amortization In Income Statement": 3015000.0,
        "Amortization": 1898000.0,
        "Depreciation Income Statement": 1117000.0,
        "Selling General And Administration": 37935000.0,
        "General And Administrative Expense": 37935000.0,
        "Other Gand A": 37935000.0,
        "Total Revenue": 261607000.0,
        "Operating Revenue": 261607000.0,
        "Loss Adjustment Expense": 91369000.0,
        "Net Policyholder Benefits And Claims": 91369000.0
    },
    "2025-09-30": {
        "Tax Effect Of Unusual Items": 0.0,
        "Tax Rate For Calcs": 0.245,
        "Net Income From Continuing Operation Net Minority Interest": 110997000.0,
        "Reconciled Depreciation": 3131000.0,
        "EBIT": 147924000.0,
        "Net Interest Income": -909000.0,
        "Interest Expense": 909000.0,
        "Normalized Income": 110997000.0,
        "Net Income From Continuing And Discontinued Operation": 110997000.0,
        "Total Expenses": 118678000.0,
        "Diluted Average Shares": 140113000.0,
        "Basic Average Shares": 125249000.0,
        "Diluted EPS": 0.79,
        "Basic EPS": 0.89,
        "Diluted NI Availto Com Stockholders": 110997000.0,
        "Net Income Common Stockholders": 110997000.0,
        "Net Income": 110997000.0,
        "Net Income Including Noncontrolling Interests": 110997000.0,
        "Net Income Continuous Operations": 110997000.0,
        "Tax Provision": 36018000.0,
        "Pretax Income": 147015000.0,
        "Other Income Expense": 1106000.0,
        "Net Non Operating Interest Income Expense": -909000.0,
        "Interest Expense Non Operating": 909000.0,
        "Other Operating Expenses": NaN,
        "Depreciation And Amortization In Income Statement": 3131000.0,
        "Amortization": 1901000.0,
        "Depreciation Income Statement": 1230000.0,
        "Selling General And Administration": 45005000.0,
        "General And Administrative Expense": 45005000.0,
        "Other Gand A": 45005000.0,
        "Total Revenue": 265693000.0,
        "Operating Revenue": 265693000.0,
        "Loss Adjustment Expense": 33240000.0,
        "Net Policyholder Benefits And Claims": 33240000.0
    }
}