{
    "2023-12-31": {
        "Tax Effect Of Unusual Items": 6930.0,
        "Tax Rate For Calcs": 0.21,
        "Normalized EBITDA": 7053000.0,
        "Total Unusual Items": 33000.0,
        "Total Unusual Items Excluding Goodwill": 33000.0,
        "Net Income From Continuing Operation Net Minority Interest": -5563000.0,
        "Reconciled Depreciation": 5825000.0,
        "Reconciled Cost Of Revenue": 295053000.0,
        "EBITDA": 7086000.0,
        "EBIT": 1261000.0,
        "Net Interest Income": -5681000.0,
        "Interest Expense": 5681000.0,
        "Normalized Income": -5589070.0,
        "Net Income From Continuing And Discontinued Operation": -5563000.0,
        "Total Expenses": 314982000.0,
        "Total Operating Income As Reported": 1207000.0,
        "Diluted Average Shares": 47877558.0,
        "Basic Average Shares": 47877558.0,
        "Diluted EPS": -0.12,
        "Basic EPS": -0.12,
        "Diluted NI Availto Com Stockholders": -5563000.0,
        "Net Income Common Stockholders": -5563000.0,
        "Net Income": -5563000.0,
        "Minority Interests": 1776000.0,
        "Net Income Including Noncontrolling Interests": -7339000.0,
        "Net Income Continuous Operations": -7339000.0,
        "Tax Provision": 2919000.0,
        "Pretax Income": -4420000.0,
        "Other Income Expense": 54000.0,
        "Other Non Operating Income Expenses": 21000.0,
        "Gain On Sale Of Security": 33000.0,
        "Net Non Operating Interest Income Expense": -5681000.0,
        "Interest Expense Non Operating": 5681000.0,
        "Operating Income": 1207000.0,
        "Operating Expense": 19929000.0,
        "Selling General And Administration": 19929000.0,
        "Gross Profit": 21136000.0,
        "Cost Of Revenue": 295053000.0,
        "Total Revenue": 316189000.0,
        "Operating Revenue": 316189000.0
    },
    "2023-09-30": {
        "Tax Effect Of Unusual Items": -4410.0,
        "Tax Rate For Calcs": 0.21,
        "Normalized EBITDA": 24401000.0,
        "Total Unusual Items": -21000.0,
        "Total Unusual Items Excluding Goodwill": -21000.0,
        "Net Income From Continuing Operation Net Minority Interest": 3800000.0,
        "Reconciled Depreciation": 7968000.0,
        "Reconciled Cost Of Revenue": 282943000.0,
        "EBITDA": 24380000.0,
        "EBIT": 16412000.0,
        "Net Interest Income": -6231000.0,
        "Interest Expense": 6231000.0,
        "Normalized Income": 3816590.0,
        "Net Income From Continuing And Discontinued Operation": 3800000.0,
        "Total Expenses": 298190000.0,
        "Total Operating Income As Reported": 14282000.0,
        "Diluted Average Shares": 47872042.0,
        "Basic Average Shares": 47856114.0,
        "Diluted EPS": 0.08,
        "Basic EPS": 0.08,
        "Diluted NI Availto Com Stockholders": 3800000.0,
        "Net Income Common Stockholders": 3800000.0,
        "Net Income": 3800000.0,
        "Minority Interests": -991000.0,
        "Net Income Including Noncontrolling Interests": 4791000.0,
        "Net Income Continuous Operations": 4791000.0,
        "Tax Provision": 5390000.0,
        "Pretax Income": 10181000.0,
        "Other Income Expense": 2130000.0,
        "Other Non Operating Income Expenses": 2151000.0,
        "Gain On Sale Of Security": -21000.0,
        "Net Non Operating Interest Income Expense": -6231000.0,
        "Interest Expense Non Operating": 6231000.0,
        "Operating Income": 14282000.0,
        "Operating Expense": 15247000.0,
        "Selling General And Administration": 15247000.0,
        "Gross Profit": 29529000.0,
        "Cost Of Revenue": 282943000.0,
        "Total Revenue": 312472000.0,
        "Operating Revenue": 312472000.0
    },
    "2023-06-30": {
        "Tax Effect Of Unusual Items": 10500.0,
        "Tax Rate For Calcs": 0.21,
        "Normalized EBITDA": -18059000.0,
        "Total Unusual Items": 50000.0,
        "Total Unusual Items Excluding Goodwill": 50000.0,
        "Net Income From Continuing Operation Net Minority Interest": -12826000.0,
        "Reconciled Depreciation": 8176000.0,
        "Reconciled Cost Of Revenue": 290721000.0,
        "EBITDA": -18009000.0,
        "EBIT": -26185000.0,
        "Net Interest Income": -4305000.0,
        "Interest Expense": 4305000.0,
        "Normalized Income": -12865500.0,
        "Net Income From Continuing And Discontinued Operation": -12826000.0,
        "Total Expenses": 307169000.0,
        "Total Operating Income As Reported": -50242000.0,
        "Diluted Average Shares": 46870890.0,
        "Basic Average Shares": 46870890.0,
        "Diluted EPS": -0.27,
        "Basic EPS": -0.27,
        "Diluted NI Availto Com Stockholders": -12826000.0,
        "Net Income Common Stockholders": -12826000.0,
        "Net Income": -12826000.0,
        "Minority Interests": -925000.0,
        "Net Income Including Noncontrolling Interests": -11901000.0,
        "Net Income Continuous Operations": -11901000.0,
        "Tax Provision": -18589000.0,
        "Pretax Income": -30490000.0,
        "Other Income Expense": 24057000.0,
        "Other Non Operating Income Expenses": 24007000.0,
        "Gain On Sale Of Security": 50000.0,
        "Net Non Operating Interest Income Expense": -4305000.0,
        "Interest Expense Non Operating": 4305000.0,
        "Operating Income": -50242000.0,
        "Operating Expense": 16448000.0,
        "Selling General And Administration": 16448000.0,
        "Gross Profit": -33794000.0,
        "Cost Of Revenue": 290721000.0,
        "Total Revenue": 256927000.0,
        "Operating Revenue": 256927000.0
    },
    "2023-03-31": {
        "Tax Effect Of Unusual Items": -6720.0,
        "Tax Rate For Calcs": 0.21,
        "Normalized EBITDA": 9333000.0,
        "Total Unusual Items": -32000.0,
        "Total Unusual Items Excluding Goodwill": -32000.0,
        "Net Income From Continuing Operation Net Minority Interest": -4664000.0,
        "Reconciled Depreciation": 8560000.0,
        "Reconciled Cost Of Revenue": 255886000.0,
        "EBITDA": 9301000.0,
        "EBIT": 741000.0,
        "Net Interest Income": -3254000.0,
        "Interest Expense": 3254000.0,
        "Normalized Income": -4638720.0,
        "Net Income From Continuing And Discontinued Operation": -4664000.0,
        "Total Expenses": 271457000.0,
        "Total Operating Income As Reported": 3372000.0,
        "Diluted Average Shares": 44407831.0,
        "Basic Average Shares": 44407831.0,
        "Diluted EPS": -0.11,
        "Basic EPS": -0.11,
        "Diluted NI Availto Com Stockholders": -4664000.0,
        "Net Income Common Stockholders": -4664000.0,
        "Net Income": -4664000.0,
        "Minority Interests": -398000.0,
        "Net Income Including Noncontrolling Interests": -4266000.0,
        "Net Income Continuous Operations": -4266000.0,
        "Tax Provision": 1753000.0,
        "Pretax Income": -2513000.0,
        "Other Income Expense": -2631000.0,
        "Other Non Operating Income Expenses": -2599000.0,
        "Gain On Sale Of Security": -32000.0,
        "Net Non Operating Interest Income Expense": -3254000.0,
        "Interest Expense Non Operating": 3254000.0,
        "Operating Income": 3372000.0,
        "Operating Expense": 15571000.0,
        "Selling General And Administration": 15571000.0,
        "Gross Profit": 18943000.0,
        "Cost Of Revenue": 255886000.0,
        "Total Revenue": 274829000.0,
        "Operating Revenue": 274829000.0
    },
    "2024-03-31": {
        "Tax Effect Of Unusual Items": -28043.269231,
        "Tax Rate For Calcs": 0.36899,
        "Normalized EBITDA": 12140000.0,
        "Total Unusual Items": -76000.0,
        "Total Unusual Items Excluding Goodwill": -76000.0,
        "Net Income From Continuing Operation Net Minority Interest": -406000.0,
        "Reconciled Depreciation": 5577000.0,
        "Reconciled Cost Of Revenue": 267676000.0,
        "EBITDA": 12064000.0,
        "EBIT": 6487000.0,
        "Net Interest Income": -5655000.0,
        "Interest Expense": 5655000.0,
        "Normalized Income": -358043.269231,
        "Net Income From Continuing And Discontinued Operation": -406000.0,
        "Total Expenses": 282070000.0,
        "Total Operating Income As Reported": 6027000.0,
        "Diluted Average Shares": 47925072.0,
        "Basic Average Shares": 47925072.0,
        "Diluted EPS": -0.01,
        "Basic EPS": -0.01,
        "Diluted NI Availto Com Stockholders": -406000.0,
        "Net Income Common Stockholders": -406000.0,
        "Net Income": -406000.0,
        "Minority Interests": -931000.0,
        "Net Income Including Noncontrolling Interests": 525000.0,
        "Net Income Continuous Operations": 525000.0,
        "Tax Provision": 307000.0,
        "Pretax Income": 832000.0,
        "Other Income Expense": 460000.0,
        "Other Non Operating Income Expenses": 536000.0,
        "Gain On Sale Of Security": -76000.0,
        "Net Non Operating Interest Income Expense": -5655000.0,
        "Interest Expense Non Operating": 5655000.0,
        "Operating Income": 6027000.0,
        "Operating Expense": 14394000.0,
        "Selling General And Administration": 14394000.0,
        "Gross Profit": 20421000.0,
        "Cost Of Revenue": 267676000.0,
        "Total Revenue": 288097000.0,
        "Operating Revenue": 288097000.0
    },
    "2024-06-30": {
        "Tax Effect Of Unusual Items": 13796.28482,
        "Tax Rate For Calcs": 0.260307,
        "Normalized EBITDA": -49077000.0,
        "Total Unusual Items": 53000.0,
        "Total Unusual Items Excluding Goodwill": 53000.0,
        "Net Income From Continuing Operation Net Minority Interest": -46077000.0,
        "Reconciled Depreciation": 5572000.0,
        "Reconciled Cost Of Revenue": 291534000.0,
        "EBITDA": -49024000.0,
        "EBIT": -54596000.0,
        "Net Interest Income": -6720000.0,
        "Interest Expense": 6720000.0,
        "Normalized Income": -46116203.71518,
        "Net Income From Continuing And Discontinued Operation": -46077000.0,
        "Total Expenses": 307214000.0,
        "Total Operating Income As Reported": -55702000.0,
        "Diluted Average Shares": 48030951.0,
        "Basic Average Shares": 48030951.0,
        "Diluted EPS": -0.96,
        "Basic EPS": -0.96,
        "Diluted NI Availto Com Stockholders": -46077000.0,
        "Net Income Common Stockholders": -46077000.0,
        "Net Income": -46077000.0,
        "Minority Interests": -722000.0,
        "Net Income Including Noncontrolling Interests": -45355000.0,
        "Net Income Continuous Operations": -45355000.0,
        "Tax Provision": -15961000.0,
        "Pretax Income": -61316000.0,
        "Other Income Expense": 1106000.0,
        "Other Non Operating Income Expenses": 1053000.0,
        "Gain On Sale Of Security": 53000.0,
        "Net Non Operating Interest Income Expense": -6720000.0,
        "Interest Expense Non Operating": 6720000.0,
        "Operating Income": -55702000.0,
        "Operating Expense": 15680000.0,
        "Selling General And Administration": 15680000.0,
        "Gross Profit": -40022000.0,
        "Cost Of Revenue": 291534000.0,
        "Total Revenue": 251512000.0,
        "Operating Revenue": 251512000.0
    },
    "2024-09-30": {
        "Tax Effect Of Unusual Items": 1145.0,
        "Tax Rate For Calcs": 0.229,
        "Normalized EBITDA": -61980000.0,
        "Total Unusual Items": 5000.0,
        "Total Unusual Items Excluding Goodwill": 5000.0,
        "Net Income From Continuing Operation Net Minority Interest": -54727000.0,
        "Reconciled Depreciation": 5776000.0,
        "Reconciled Cost Of Revenue": 224425000.0,
        "EBITDA": -61975000.0,
        "EBIT": -67751000.0,
        "Net Interest Income": -7520000.0,
        "Interest Expense": 7520000.0,
        "Normalized Income": -54730855.0,
        "Net Income From Continuing And Discontinued Operation": -54727000.0,
        "Total Expenses": 241917000.0,
        "Total Operating Income As Reported": -68597000.0,
        "Diluted Average Shares": 48105512.0,
        "Basic Average Shares": 48105512.0,
        "Diluted EPS": -1.14,
        "Basic EPS": -1.14,
        "Diluted NI Availto Com Stockholders": -54727000.0,
        "Net Income Common Stockholders": -54727000.0,
        "Net Income": -54727000.0,
        "Minority Interests": 3402000.0,
        "Net Income Including Noncontrolling Interests": -58129000.0,
        "Net Income Continuous Operations": -58129000.0,
        "Tax Provision": -17142000.0,
        "Pretax Income": -75271000.0,
        "Other Income Expense": 846000.0,
        "Other Non Operating Income Expenses": 841000.0,
        "Gain On Sale Of Security": 5000.0,
        "Net Non Operating Interest Income Expense": -7520000.0,
        "Interest Expense Non Operating": 7520000.0,
        "Operating Income": -68597000.0,
        "Operating Expense": 17492000.0,
        "Selling General And Administration": 17492000.0,
        "Gross Profit": -51105000.0,
        "Cost Of Revenue": 224425000.0,
        "Total Revenue": 173320000.0,
        "Operating Revenue": 173320000.0
    },
    "2024-12-31": {
        "Tax Effect Of Unusual Items": -43470.0,
        "Tax Rate For Calcs": 0.21,
        "Normalized EBITDA": -468000.0,
        "Total Unusual Items": -207000.0,
        "Total Unusual Items Excluding Goodwill": -207000.0,
        "Net Income From Continuing Operation Net Minority Interest": -4155000.0,
        "Reconciled Depreciation": 6373000.0,
        "Reconciled Cost Of Revenue": 259584000.0,
        "EBITDA": -675000.0,
        "EBIT": -7048000.0,
        "Net Interest Income": -9617000.0,
        "Interest Expense": 9617000.0,
        "Normalized Income": -3991470.0,
        "Net Income From Continuing And Discontinued Operation": -4155000.0,
        "Total Expenses": 275292000.0,
        "Total Operating Income As Reported": -8042000.0,
        "Diluted Average Shares": 47877558.0,
        "Basic Average Shares": 47877558.0,
        "Diluted EPS": -0.09,
        "Basic EPS": -0.09,
        "Diluted NI Availto Com Stockholders": -4155000.0,
        "Net Income Common Stockholders": -4155000.0,
        "Net Income": -4155000.0,
        "Minority Interests": -1586000.0,
        "Net Income Including Noncontrolling Interests": -2569000.0,
        "Net Income Continuous Operations": -2569000.0,
        "Tax Provision": -14096000.0,
        "Pretax Income": -16665000.0,
        "Other Income Expense": 994000.0,
        "Other Non Operating Income Expenses": 1201000.0,
        "Gain On Sale Of Security": -207000.0,
        "Net Non Operating Interest Income Expense": -9617000.0,
        "Interest Expense Non Operating": 9617000.0,
        "Operating Income": -8042000.0,
        "Operating Expense": 15708000.0,
        "Selling General And Administration": 15708000.0,
        "Gross Profit": 7666000.0,
        "Cost Of Revenue": 259584000.0,
        "Total Revenue": 267250000.0,
        "Operating Revenue": 267250000.0
    },
    "2025-03-31": {
        "Tax Effect Of Unusual Items": 1717.0,
        "Tax Rate For Calcs": 0.101,
        "Normalized EBITDA": 12283000.0,
        "Total Unusual Items": 17000.0,
        "Total Unusual Items Excluding Goodwill": 17000.0,
        "Net Income From Continuing Operation Net Minority Interest": -4552000.0,
        "Reconciled Depreciation": 6525000.0,
        "Reconciled Cost Of Revenue": 218006000.0,
        "EBITDA": 12300000.0,
        "EBIT": 5775000.0,
        "Net Interest Income": -8874000.0,
        "Interest Expense": 8874000.0,
        "Normalized Income": -4567283.0,
        "Net Income From Continuing And Discontinued Operation": -4552000.0,
        "Total Expenses": 234471000.0,
        "Total Operating Income As Reported": 5015000.0,
        "Diluted Average Shares": 53961744.0,
        "Basic Average Shares": 53961744.0,
        "Diluted EPS": -0.08,
        "Basic EPS": -0.08,
        "Diluted NI Availto Com Stockholders": -4552000.0,
        "Net Income Common Stockholders": -4552000.0,
        "Net Income": -4552000.0,
        "Minority Interests": -1766000.0,
        "Net Income Including Noncontrolling Interests": -2786000.0,
        "Net Income Continuous Operations": -2786000.0,
        "Tax Provision": -313000.0,
        "Pretax Income": -3099000.0,
        "Other Income Expense": 760000.0,
        "Other Non Operating Income Expenses": 743000.0,
        "Gain On Sale Of Security": 17000.0,
        "Net Non Operating Interest Income Expense": -8874000.0,
        "Interest Expense Non Operating": 8874000.0,
        "Operating Income": 5015000.0,
        "Operating Expense": 16465000.0,
        "Selling General And Administration": 16465000.0,
        "Gross Profit": 21480000.0,
        "Cost Of Revenue": 218006000.0,
        "Total Revenue": 239486000.0,
        "Operating Revenue": 239486000.0
    },
    "2025-06-30": {
        "Tax Effect Of Unusual Items": 361.672194,
        "Tax Rate For Calcs": 0.00613,
        "Normalized EBITDA": 11874000.0,
        "Total Unusual Items": 59000.0,
        "Total Unusual Items Excluding Goodwill": 59000.0,
        "Net Income From Continuing Operation Net Minority Interest": -10306000.0,
        "Reconciled Depreciation": 11901000.0,
        "Reconciled Cost Of Revenue": 202019000.0,
        "EBITDA": 11933000.0,
        "EBIT": 32000.0,
        "Net Interest Income": -9983000.0,
        "Interest Expense": 9983000.0,
        "Normalized Income": -10364638.327806,
        "Net Income From Continuing And Discontinued Operation": -10306000.0,
        "Total Expenses": 215591000.0,
        "Total Operating Income As Reported": -209000.0,
        "Diluted Average Shares": 54008088.0,
        "Basic Average Shares": 54008088.0,
        "Diluted EPS": -0.19,
        "Basic EPS": -0.19,
        "Diluted NI Availto Com Stockholders": -10306000.0,
        "Net Income Common Stockholders": -10306000.0,
        "Net Income": -10306000.0,
        "Minority Interests": -416000.0,
        "Net Income Including Noncontrolling Interests": -9890000.0,
        "Net Income Continuous Operations": -9890000.0,
        "Tax Provision": -61000.0,
        "Pretax Income": -9951000.0,
        "Other Income Expense": 241000.0,
        "Other Non Operating Income Expenses": 182000.0,
        "Gain On Sale Of Security": 59000.0,
        "Net Non Operating Interest Income Expense": -9983000.0,
        "Interest Expense Non Operating": 9983000.0,
        "Operating Income": -209000.0,
        "Operating Expense": 13572000.0,
        "Selling General And Administration": 13572000.0,
        "Gross Profit": 13363000.0,
        "Cost Of Revenue": 202019000.0,
        "Total Revenue": 215382000.0,
        "Operating Revenue": 215382000.0
    },
    "2025-09-30": {
        "Tax Effect Of Unusual Items": 10500.0,
        "Tax Rate For Calcs": 0.21,
        "Normalized EBITDA": -10673000.0,
        "Total Unusual Items": 50000.0,
        "Total Unusual Items Excluding Goodwill": 50000.0,
        "Net Income From Continuing Operation Net Minority Interest": -75269000.0,
        "Reconciled Depreciation": -896000.0,
        "Reconciled Cost Of Revenue": 210068000.0,
        "EBITDA": -10623000.0,
        "EBIT": -10623000.0,
        "Net Interest Income": -9166000.0,
        "Interest Expense": 9166000.0,
        "Normalized Income": -75308500.0,
        "Net Income From Continuing And Discontinued Operation": -75269000.0,
        "Total Expenses": 224655000.0,
        "Total Operating Income As Reported": -11312000.0,
        "Diluted Average Shares": 54113036.0,
        "Basic Average Shares": 54113036.0,
        "Diluted EPS": -1.39,
        "Basic EPS": -1.39,
        "Diluted NI Availto Com Stockholders": -75269000.0,
        "Net Income Common Stockholders": -75269000.0,
        "Net Income": -75269000.0,
        "Minority Interests": 1714000.0,
        "Net Income Including Noncontrolling Interests": -76983000.0,
        "Net Income Continuous Operations": -76983000.0,
        "Tax Provision": 57194000.0,
        "Pretax Income": -19789000.0,
        "Other Income Expense": 689000.0,
        "Other Non Operating Income Expenses": 639000.0,
        "Gain On Sale Of Security": 50000.0,
        "Net Non Operating Interest Income Expense": -9166000.0,
        "Interest Expense Non Operating": 9166000.0,
        "Operating Income": -11312000.0,
        "Operating Expense": 14587000.0,
        "Selling General And Administration": 14587000.0,
        "Gross Profit": 3275000.0,
        "Cost Of Revenue": 210068000.0,
        "Total Revenue": 213343000.0,
        "Operating Revenue": 213343000.0
    }
}