{
    "2023-03-31": {
        "Tax Effect Of Unusual Items": NaN,
        "Tax Rate For Calcs": NaN,
        "Normalized EBITDA": NaN,
        "Net Income From Continuing Operation Net Minority Interest": NaN,
        "Reconciled Depreciation": NaN,
        "Reconciled Cost Of Revenue": NaN,
        "EBITDA": NaN,
        "EBIT": NaN,
        "Net Interest Income": NaN,
        "Interest Expense": NaN,
        "Normalized Income": NaN,
        "Net Income From Continuing And Discontinued Operation": NaN,
        "Total Expenses": NaN,
        "Total Operating Income As Reported": NaN,
        "Diluted Average Shares": 167905000.0,
        "Basic Average Shares": 166543000.0,
        "Diluted EPS": 0.06,
        "Basic EPS": 0.06,
        "Diluted NI Availto Com Stockholders": NaN,
        "Net Income Common Stockholders": NaN,
        "Net Income": NaN,
        "Net Income Including Noncontrolling Interests": NaN,
        "Net Income Continuous Operations": NaN,
        "Tax Provision": NaN,
        "Pretax Income": NaN,
        "Other Income Expense": -206000.0,
        "Other Non Operating Income Expenses": -206000.0,
        "Net Non Operating Interest Income Expense": NaN,
        "Interest Expense Non Operating": NaN,
        "Operating Income": NaN,
        "Operating Expense": NaN,
        "Research And Development": NaN,
        "Selling General And Administration": NaN,
        "Selling And Marketing Expense": NaN,
        "General And Administrative Expense": NaN,
        "Other Gand A": NaN,
        "Gross Profit": NaN,
        "Cost Of Revenue": NaN,
        "Total Revenue": NaN,
        "Operating Revenue": NaN
    },
    "2022-12-31": {
        "Tax Effect Of Unusual Items": NaN,
        "Tax Rate For Calcs": NaN,
        "Normalized EBITDA": NaN,
        "Net Income From Continuing Operation Net Minority Interest": NaN,
        "Reconciled Depreciation": NaN,
        "Reconciled Cost Of Revenue": NaN,
        "EBITDA": NaN,
        "EBIT": NaN,
        "Net Interest Income": NaN,
        "Interest Expense": NaN,
        "Normalized Income": NaN,
        "Net Income From Continuing And Discontinued Operation": NaN,
        "Total Expenses": NaN,
        "Total Operating Income As Reported": NaN,
        "Diluted Average Shares": NaN,
        "Basic Average Shares": NaN,
        "Diluted EPS": NaN,
        "Basic EPS": NaN,
        "Diluted NI Availto Com Stockholders": NaN,
        "Net Income Common Stockholders": NaN,
        "Net Income": NaN,
        "Net Income Including Noncontrolling Interests": NaN,
        "Net Income Continuous Operations": NaN,
        "Tax Provision": NaN,
        "Pretax Income": NaN,
        "Other Income Expense": -70000.0,
        "Other Non Operating Income Expenses": -70000.0,
        "Net Non Operating Interest Income Expense": NaN,
        "Interest Expense Non Operating": NaN,
        "Operating Income": NaN,
        "Operating Expense": NaN,
        "Research And Development": NaN,
        "Selling General And Administration": NaN,
        "Selling And Marketing Expense": NaN,
        "General And Administrative Expense": 28412000.0,
        "Other Gand A": 28412000.0,
        "Gross Profit": NaN,
        "Cost Of Revenue": NaN,
        "Total Revenue": NaN,
        "Operating Revenue": NaN
    },
    "2022-09-30": {
        "Tax Effect Of Unusual Items": NaN,
        "Tax Rate For Calcs": NaN,
        "Normalized EBITDA": NaN,
        "Net Income From Continuing Operation Net Minority Interest": NaN,
        "Reconciled Depreciation": NaN,
        "Reconciled Cost Of Revenue": NaN,
        "EBITDA": NaN,
        "EBIT": NaN,
        "Net Interest Income": NaN,
        "Interest Expense": NaN,
        "Normalized Income": NaN,
        "Net Income From Continuing And Discontinued Operation": NaN,
        "Total Expenses": NaN,
        "Total Operating Income As Reported": NaN,
        "Diluted Average Shares": NaN,
        "Basic Average Shares": NaN,
        "Diluted EPS": NaN,
        "Basic EPS": NaN,
        "Diluted NI Availto Com Stockholders": NaN,
        "Net Income Common Stockholders": NaN,
        "Net Income": NaN,
        "Net Income Including Noncontrolling Interests": NaN,
        "Net Income Continuous Operations": NaN,
        "Tax Provision": NaN,
        "Pretax Income": NaN,
        "Other Income Expense": NaN,
        "Other Non Operating Income Expenses": NaN,
        "Net Non Operating Interest Income Expense": NaN,
        "Interest Expense Non Operating": NaN,
        "Operating Income": NaN,
        "Operating Expense": NaN,
        "Research And Development": NaN,
        "Selling General And Administration": NaN,
        "Selling And Marketing Expense": NaN,
        "General And Administrative Expense": 30706000.0,
        "Other Gand A": 30706000.0,
        "Gross Profit": NaN,
        "Cost Of Revenue": NaN,
        "Total Revenue": NaN,
        "Operating Revenue": NaN
    },
    "2022-06-30": {
        "Tax Effect Of Unusual Items": -8959370.442748,
        "Tax Rate For Calcs": 0.200901,
        "Normalized EBITDA": -67341000.0,
        "Total Unusual Items": -44596000.0,
        "Total Unusual Items Excluding Goodwill": -44596000.0,
        "Net Income From Continuing Operation Net Minority Interest": -104682000.0,
        "Reconciled Depreciation": 6768000.0,
        "Reconciled Cost Of Revenue": 107076000.0,
        "EBITDA": -111937000.0,
        "EBIT": -118705000.0,
        "Net Interest Income": -12295000.0,
        "Interest Expense": 12295000.0,
        "Normalized Income": -69045370.442748,
        "Net Income From Continuing And Discontinued Operation": -104682000.0,
        "Total Expenses": 213477000.0,
        "Total Operating Income As Reported": -118679000.0,
        "Diluted Average Shares": 164426000.0,
        "Basic Average Shares": 164426000.0,
        "Diluted EPS": -0.64,
        "Basic EPS": -0.64,
        "Diluted NI Availto Com Stockholders": -104682000.0,
        "Net Income Common Stockholders": -104682000.0,
        "Net Income": -104682000.0,
        "Net Income Including Noncontrolling Interests": -104682000.0,
        "Net Income Continuous Operations": -104682000.0,
        "Tax Provision": -26318000.0,
        "Pretax Income": -131000000.0,
        "Other Income Expense": -44622000.0,
        "Other Non Operating Income Expenses": -26000.0,
        "Special Income Charges": -44596000.0,
        "Impairment Of Capital Assets": 44596000.0,
        "Net Non Operating Interest Income Expense": -12295000.0,
        "Interest Expense Non Operating": 12295000.0,
        "Operating Income": -74083000.0,
        "Operating Expense": 106401000.0,
        "Research And Development": 6054000.0,
        "Selling General And Administration": 100347000.0,
        "Selling And Marketing Expense": 100347000.0,
        "General And Administrative Expense": 25267000.0,
        "Other Gand A": 25267000.0,
        "Gross Profit": 32318000.0,
        "Cost Of Revenue": 107076000.0,
        "Total Revenue": 139394000.0,
        "Operating Revenue": 107687000.0
    },
    "2022-03-31": {
        "Diluted EPS": -0.04,
        "Total Revenue": 274,
        "Gross Profit": 159,
        "Operating Income": 2,
        "EBIT": 10,
        "Net Income": -7
    },
    "2021-12-31": {
        "Diluted EPS": -0.84,
        "Total Revenue": 194,
        "Gross Profit": 48,
        "Operating Income": -174,
        "EBIT": -165,
        "Net Income": -138
    },
    "2021-09-30": {
        "Diluted EPS": -0.29,
        "Total Revenue": 156,
        "Gross Profit": 64,
        "Operating Income": -56,
        "EBIT": -50,
        "Net Income": -48
    },
    "2021-06-30": {
        "Diluted EPS": -0.01,
        "Total Revenue": 183,
        "Gross Profit": 119,
        "Operating Income": 8,
        "EBIT": 14,
        "Net Income": -1
    },
    "2021-03-31": {
        "Diluted EPS": 0.21,
        "Total Revenue": 265,
        "Gross Profit": 194,
        "Operating Income": 53,
        "EBIT": 58,
        "Net Income": 35
    },
    "2020-12-31": {
        "Diluted EPS": 0.54,
        "Total Revenue": 358,
        "Gross Profit": 273,
        "Operating Income": 123,
        "EBIT": 128,
        "Net Income": 90
    },
    "2020-09-30": {
        "Diluted EPS": 0.01,
        "Total Revenue": 124,
        "Gross Profit": 73,
        "Operating Income": 7,
        "EBIT": 11,
        "Net Income": 1
    },
    "2020-06-30": {
        "Diluted EPS": 0.13,
        "Total Revenue": 141,
        "Gross Profit": 101,
        "Operating Income": 36,
        "EBIT": 39,
        "Net Income": 20
    },
    "2020-03-31": {
        "Diluted EPS": 0.17,
        "Total Revenue": 149,
        "Gross Profit": 105,
        "Operating Income": 40,
        "EBIT": 43,
        "Net Income": 24
    },
    "2019-12-31": {
        "Diluted EPS": -0.56,
        "Total Revenue": 176,
        "Gross Profit": 126,
        "Operating Income": 57,
        "EBIT": 60,
        "Net Income": -50
    },
    "2019-09-30": {
        "Diluted EPS": -0.05,
        "Total Revenue": 65,
        "Gross Profit": 33,
        "Operating Income": -1,
        "EBIT": 0,
        "Net Income": -5
    },
    "2019-06-30": {
        "Diluted EPS": 0.0,
        "Total Revenue": NaN,
        "Gross Profit": NaN,
        "Operating Income": NaN,
        "EBIT": NaN,
        "Net Income": NaN
    },
    "2018-06-30": {
        "Diluted EPS": 0.0,
        "Total Revenue": NaN,
        "Gross Profit": NaN,
        "Operating Income": NaN,
        "EBIT": NaN,
        "Net Income": NaN
    },
    "2023-06-30": {
        "Tax Effect Of Unusual Items": NaN,
        "Tax Rate For Calcs": NaN,
        "Normalized EBITDA": NaN,
        "Net Income From Continuing Operation Net Minority Interest": NaN,
        "Reconciled Depreciation": NaN,
        "Reconciled Cost Of Revenue": NaN,
        "EBITDA": NaN,
        "EBIT": NaN,
        "Net Interest Income": NaN,
        "Interest Expense": NaN,
        "Normalized Income": NaN,
        "Net Income From Continuing And Discontinued Operation": NaN,
        "Total Expenses": NaN,
        "Total Operating Income As Reported": NaN,
        "Diluted Average Shares": 166709000.0,
        "Basic Average Shares": 166709000.0,
        "Diluted EPS": -0.29,
        "Basic EPS": -0.29,
        "Diluted NI Availto Com Stockholders": NaN,
        "Net Income Common Stockholders": NaN,
        "Net Income": NaN,
        "Net Income Including Noncontrolling Interests": NaN,
        "Net Income Continuous Operations": NaN,
        "Tax Provision": NaN,
        "Pretax Income": NaN,
        "Other Income Expense": -3000.0,
        "Other Non Operating Income Expenses": -3000.0,
        "Net Non Operating Interest Income Expense": NaN,
        "Interest Expense Non Operating": NaN,
        "Operating Income": NaN,
        "Operating Expense": NaN,
        "Research And Development": NaN,
        "Selling General And Administration": NaN,
        "Selling And Marketing Expense": NaN,
        "General And Administrative Expense": NaN,
        "Other Gand A": NaN,
        "Gross Profit": NaN,
        "Cost Of Revenue": NaN,
        "Total Revenue": NaN,
        "Operating Revenue": NaN
    },
    "2023-09-30": {
        "Tax Effect Of Unusual Items": NaN,
        "Tax Rate For Calcs": NaN,
        "Normalized EBITDA": NaN,
        "Net Income From Continuing Operation Net Minority Interest": NaN,
        "Reconciled Depreciation": NaN,
        "Reconciled Cost Of Revenue": NaN,
        "EBITDA": NaN,
        "EBIT": NaN,
        "Net Interest Income": NaN,
        "Interest Expense": NaN,
        "Normalized Income": NaN,
        "Net Income From Continuing And Discontinued Operation": NaN,
        "Total Expenses": NaN,
        "Total Operating Income As Reported": NaN,
        "Diluted Average Shares": 167453000.0,
        "Basic Average Shares": 167453000.0,
        "Diluted EPS": -0.19,
        "Basic EPS": -0.19,
        "Diluted NI Availto Com Stockholders": NaN,
        "Net Income Common Stockholders": NaN,
        "Net Income": NaN,
        "Net Income Including Noncontrolling Interests": NaN,
        "Net Income Continuous Operations": NaN,
        "Tax Provision": NaN,
        "Pretax Income": NaN,
        "Other Income Expense": -38000.0,
        "Other Non Operating Income Expenses": -38000.0,
        "Net Non Operating Interest Income Expense": NaN,
        "Interest Expense Non Operating": NaN,
        "Operating Income": NaN,
        "Operating Expense": NaN,
        "Research And Development": NaN,
        "Selling General And Administration": NaN,
        "Selling And Marketing Expense": NaN,
        "General And Administrative Expense": NaN,
        "Other Gand A": NaN,
        "Gross Profit": NaN,
        "Cost Of Revenue": NaN,
        "Total Revenue": NaN,
        "Operating Revenue": NaN
    },
    "2023-12-31": {
        "Tax Effect Of Unusual Items": NaN,
        "Tax Rate For Calcs": NaN,
        "Normalized EBITDA": NaN,
        "Total Unusual Items": NaN,
        "Total Unusual Items Excluding Goodwill": NaN,
        "Net Income From Continuing Operation Net Minority Interest": NaN,
        "Reconciled Depreciation": NaN,
        "Reconciled Cost Of Revenue": NaN,
        "EBITDA": NaN,
        "EBIT": NaN,
        "Net Interest Income": NaN,
        "Interest Expense": NaN,
        "Normalized Income": NaN,
        "Net Income From Continuing And Discontinued Operation": NaN,
        "Total Expenses": NaN,
        "Total Operating Income As Reported": NaN,
        "Diluted Average Shares": NaN,
        "Basic Average Shares": NaN,
        "Diluted EPS": NaN,
        "Basic EPS": NaN,
        "Diluted NI Availto Com Stockholders": NaN,
        "Net Income Common Stockholders": NaN,
        "Preferred Stock Dividends": NaN,
        "Net Income": NaN,
        "Net Income Including Noncontrolling Interests": NaN,
        "Net Income Continuous Operations": NaN,
        "Tax Provision": NaN,
        "Pretax Income": NaN,
        "Other Income Expense": NaN,
        "Other Non Operating Income Expenses": NaN,
        "Gain On Sale Of Security": NaN,
        "Net Non Operating Interest Income Expense": NaN,
        "Interest Expense Non Operating": NaN,
        "Operating Income": NaN,
        "Operating Expense": NaN,
        "Other Operating Expenses": NaN,
        "Research And Development": 8050000.0,
        "Selling General And Administration": NaN,
        "Selling And Marketing Expense": NaN,
        "General And Administrative Expense": NaN,
        "Other Gand A": NaN,
        "Gross Profit": NaN,
        "Cost Of Revenue": NaN,
        "Total Revenue": NaN,
        "Operating Revenue": NaN
    },
    "2024-03-31": {
        "Tax Effect Of Unusual Items": NaN,
        "Tax Rate For Calcs": NaN,
        "Normalized EBITDA": NaN,
        "Total Unusual Items": NaN,
        "Total Unusual Items Excluding Goodwill": NaN,
        "Net Income From Continuing Operation Net Minority Interest": NaN,
        "Reconciled Depreciation": NaN,
        "Reconciled Cost Of Revenue": NaN,
        "EBITDA": NaN,
        "EBIT": NaN,
        "Net Interest Income": NaN,
        "Interest Expense": NaN,
        "Normalized Income": NaN,
        "Net Income From Continuing And Discontinued Operation": NaN,
        "Total Expenses": NaN,
        "Total Operating Income As Reported": NaN,
        "Diluted Average Shares": NaN,
        "Basic Average Shares": NaN,
        "Diluted EPS": NaN,
        "Basic EPS": NaN,
        "Diluted NI Availto Com Stockholders": NaN,
        "Net Income Common Stockholders": NaN,
        "Preferred Stock Dividends": NaN,
        "Net Income": NaN,
        "Net Income Including Noncontrolling Interests": NaN,
        "Net Income Continuous Operations": NaN,
        "Tax Provision": NaN,
        "Pretax Income": NaN,
        "Other Income Expense": NaN,
        "Other Non Operating Income Expenses": NaN,
        "Gain On Sale Of Security": NaN,
        "Net Non Operating Interest Income Expense": NaN,
        "Interest Expense Non Operating": NaN,
        "Operating Income": NaN,
        "Operating Expense": NaN,
        "Other Operating Expenses": NaN,
        "Research And Development": 8604000.0,
        "Selling General And Administration": NaN,
        "Selling And Marketing Expense": NaN,
        "General And Administrative Expense": NaN,
        "Other Gand A": NaN,
        "Gross Profit": NaN,
        "Cost Of Revenue": NaN,
        "Total Revenue": NaN,
        "Operating Revenue": NaN
    },
    "2024-06-30": {
        "Tax Effect Of Unusual Items": NaN,
        "Tax Rate For Calcs": NaN,
        "Normalized EBITDA": NaN,
        "Total Unusual Items": NaN,
        "Total Unusual Items Excluding Goodwill": NaN,
        "Net Income From Continuing Operation Net Minority Interest": NaN,
        "Reconciled Depreciation": NaN,
        "Reconciled Cost Of Revenue": NaN,
        "EBITDA": NaN,
        "EBIT": NaN,
        "Net Interest Income": NaN,
        "Interest Expense": NaN,
        "Normalized Income": NaN,
        "Net Income From Continuing And Discontinued Operation": NaN,
        "Total Expenses": NaN,
        "Total Operating Income As Reported": NaN,
        "Diluted Average Shares": NaN,
        "Basic Average Shares": NaN,
        "Diluted EPS": NaN,
        "Basic EPS": NaN,
        "Diluted NI Availto Com Stockholders": NaN,
        "Net Income Common Stockholders": NaN,
        "Preferred Stock Dividends": NaN,
        "Net Income": NaN,
        "Net Income Including Noncontrolling Interests": NaN,
        "Net Income Continuous Operations": NaN,
        "Tax Provision": NaN,
        "Pretax Income": NaN,
        "Other Income Expense": NaN,
        "Other Non Operating Income Expenses": NaN,
        "Gain On Sale Of Security": NaN,
        "Net Non Operating Interest Income Expense": NaN,
        "Interest Expense Non Operating": NaN,
        "Operating Income": NaN,
        "Operating Expense": NaN,
        "Other Operating Expenses": NaN,
        "Research And Development": 9233000.0,
        "Selling General And Administration": NaN,
        "Selling And Marketing Expense": NaN,
        "General And Administrative Expense": 43993000.0,
        "Other Gand A": 43993000.0,
        "Gross Profit": NaN,
        "Cost Of Revenue": NaN,
        "Total Revenue": NaN,
        "Operating Revenue": NaN
    },
    "2024-09-30": {
        "Tax Effect Of Unusual Items": 0.0,
        "Tax Rate For Calcs": 0.21,
        "Normalized EBITDA": -6390000.0,
        "Total Unusual Items": NaN,
        "Total Unusual Items Excluding Goodwill": NaN,
        "Net Income From Continuing Operation Net Minority Interest": -44546000.0,
        "Reconciled Depreciation": 5599000.0,
        "Reconciled Cost Of Revenue": 195257000.0,
        "EBITDA": -6390000.0,
        "EBIT": -11989000.0,
        "Net Interest Income": -23031000.0,
        "Interest Expense": 23031000.0,
        "Normalized Income": -44546000.0,
        "Net Income From Continuing And Discontinued Operation": -44546000.0,
        "Total Expenses": 304240000.0,
        "Total Operating Income As Reported": -11977000.0,
        "Diluted Average Shares": 170431000.0,
        "Basic Average Shares": 170431000.0,
        "Diluted EPS": -0.26,
        "Basic EPS": -0.26,
        "Diluted NI Availto Com Stockholders": -44546000.0,
        "Net Income Common Stockholders": -44546000.0,
        "Preferred Stock Dividends": NaN,
        "Net Income": -44546000.0,
        "Net Income Including Noncontrolling Interests": -44546000.0,
        "Net Income Continuous Operations": -44546000.0,
        "Tax Provision": 9526000.0,
        "Pretax Income": -35020000.0,
        "Other Income Expense": -12000.0,
        "Other Non Operating Income Expenses": -12000.0,
        "Gain On Sale Of Security": NaN,
        "Net Non Operating Interest Income Expense": -23031000.0,
        "Interest Expense Non Operating": 23031000.0,
        "Operating Income": -11977000.0,
        "Operating Expense": 108983000.0,
        "Other Operating Expenses": 9074000.0,
        "Research And Development": 9074000.0,
        "Selling General And Administration": 99909000.0,
        "Selling And Marketing Expense": 63764000.0,
        "General And Administrative Expense": 36145000.0,
        "Other Gand A": 36145000.0,
        "Gross Profit": 97006000.0,
        "Cost Of Revenue": 195257000.0,
        "Total Revenue": 292263000.0,
        "Operating Revenue": 292263000.0
    },
    "2024-12-31": {
        "Tax Effect Of Unusual Items": 0.0,
        "Tax Rate For Calcs": 0.21,
        "Normalized EBITDA": 68337000.0,
        "Total Unusual Items": NaN,
        "Total Unusual Items Excluding Goodwill": NaN,
        "Net Income From Continuing Operation Net Minority Interest": 53236000.0,
        "Reconciled Depreciation": 5060000.0,
        "Reconciled Cost Of Revenue": 257339000.0,
        "EBITDA": 68337000.0,
        "EBIT": 63277000.0,
        "Net Interest Income": -23721000.0,
        "Interest Expense": 23721000.0,
        "Normalized Income": 53236000.0,
        "Net Income From Continuing And Discontinued Operation": 53236000.0,
        "Total Expenses": 410129000.0,
        "Total Operating Income As Reported": 70940000.0,
        "Diluted Average Shares": 175101000.0,
        "Basic Average Shares": 171802000.0,
        "Diluted EPS": 0.3,
        "Basic EPS": 0.31,
        "Diluted NI Availto Com Stockholders": 53236000.0,
        "Net Income Common Stockholders": 53236000.0,
        "Preferred Stock Dividends": NaN,
        "Net Income": 53236000.0,
        "Net Income Including Noncontrolling Interests": 53236000.0,
        "Net Income Continuous Operations": 53236000.0,
        "Tax Provision": -13680000.0,
        "Pretax Income": 39556000.0,
        "Other Income Expense": -7663000.0,
        "Other Non Operating Income Expenses": -7663000.0,
        "Gain On Sale Of Security": NaN,
        "Net Non Operating Interest Income Expense": -23721000.0,
        "Interest Expense Non Operating": 23721000.0,
        "Operating Income": 70940000.0,
        "Operating Expense": 152790000.0,
        "Other Operating Expenses": 10044000.0,
        "Research And Development": 10044000.0,
        "Selling General And Administration": 142746000.0,
        "Selling And Marketing Expense": 97725000.0,
        "General And Administrative Expense": 45021000.0,
        "Other Gand A": 45021000.0,
        "Gross Profit": 223730000.0,
        "Cost Of Revenue": 257339000.0,
        "Total Revenue": 481069000.0,
        "Operating Revenue": 481069000.0
    },
    "2025-03-31": {
        "Tax Effect Of Unusual Items": 8180528.0,
        "Tax Rate For Calcs": 0.248,
        "Normalized EBITDA": 26947000.0,
        "Total Unusual Items": 32986000.0,
        "Total Unusual Items Excluding Goodwill": 32986000.0,
        "Net Income From Continuing Operation Net Minority Interest": 26022000.0,
        "Reconciled Depreciation": 4925000.0,
        "Reconciled Cost Of Revenue": 241716000.0,
        "EBITDA": 59933000.0,
        "EBIT": 55008000.0,
        "Net Interest Income": -20407000.0,
        "Interest Expense": 20407000.0,
        "Normalized Income": 1216528.0,
        "Net Income From Continuing And Discontinued Operation": 26022000.0,
        "Total Expenses": 386101000.0,
        "Total Operating Income As Reported": 22059000.0,
        "Diluted Average Shares": 186639000.0,
        "Basic Average Shares": 178156000.0,
        "Diluted EPS": 0.03,
        "Basic EPS": 0.11,
        "Diluted NI Availto Com Stockholders": 20235000.0,
        "Net Income Common Stockholders": 20235000.0,
        "Preferred Stock Dividends": 5787000.0,
        "Net Income": 26022000.0,
        "Net Income Including Noncontrolling Interests": 26022000.0,
        "Net Income Continuous Operations": 26022000.0,
        "Tax Provision": 8579000.0,
        "Pretax Income": 34601000.0,
        "Other Income Expense": 32949000.0,
        "Other Non Operating Income Expenses": -37000.0,
        "Gain On Sale Of Security": 32986000.0,
        "Net Non Operating Interest Income Expense": -20407000.0,
        "Interest Expense Non Operating": 20407000.0,
        "Operating Income": 22059000.0,
        "Operating Expense": 144385000.0,
        "Other Operating Expenses": 9967000.0,
        "Research And Development": NaN,
        "Selling General And Administration": 134418000.0,
        "Selling And Marketing Expense": 92733000.0,
        "General And Administrative Expense": 41685000.0,
        "Other Gand A": 41685000.0,
        "Gross Profit": 166444000.0,
        "Cost Of Revenue": 241716000.0,
        "Total Revenue": 408160000.0,
        "Operating Revenue": 408160000.0
    },
    "2025-06-30": {
        "Tax Effect Of Unusual Items": 7178010.0,
        "Tax Rate For Calcs": 0.21,
        "Normalized EBITDA": -7705000.0,
        "Total Unusual Items": 34181000.0,
        "Total Unusual Items Excluding Goodwill": 34181000.0,
        "Net Income From Continuing Operation Net Minority Interest": 12868000.0,
        "Reconciled Depreciation": 4876000.0,
        "Reconciled Cost Of Revenue": 241155000.0,
        "EBITDA": 26476000.0,
        "EBIT": 21600000.0,
        "Net Interest Income": -12225000.0,
        "Interest Expense": 12225000.0,
        "Normalized Income": -14134990.0,
        "Net Income From Continuing And Discontinued Operation": 12868000.0,
        "Total Expenses": 357625000.0,
        "Total Operating Income As Reported": -12523000.0,
        "Diluted Average Shares": 184201000.0,
        "Basic Average Shares": 184201000.0,
        "Diluted EPS": -0.02,
        "Basic EPS": -0.02,
        "Diluted NI Availto Com Stockholders": -3893000.0,
        "Net Income Common Stockholders": -3893000.0,
        "Preferred Stock Dividends": 16761000.0,
        "Net Income": 12868000.0,
        "Net Income Including Noncontrolling Interests": 12868000.0,
        "Net Income Continuous Operations": 12868000.0,
        "Tax Provision": -3493000.0,
        "Pretax Income": 9375000.0,
        "Other Income Expense": 34123000.0,
        "Other Non Operating Income Expenses": -58000.0,
        "Gain On Sale Of Security": 34181000.0,
        "Net Non Operating Interest Income Expense": -12225000.0,
        "Interest Expense Non Operating": 12225000.0,
        "Operating Income": -12523000.0,
        "Operating Expense": 116470000.0,
        "Other Operating Expenses": 9595000.0,
        "Research And Development": NaN,
        "Selling General And Administration": 106875000.0,
        "Selling And Marketing Expense": 229725000.0,
        "General And Administrative Expense": NaN,
        "Other Gand A": NaN,
        "Gross Profit": 103947000.0,
        "Cost Of Revenue": 241155000.0,
        "Total Revenue": 345102000.0,
        "Operating Revenue": 345102000.0
    },
    "2025-09-30": {
        "Tax Effect Of Unusual Items": 2871876.0,
        "Tax Rate For Calcs": 0.191,
        "Normalized EBITDA": -36591000.0,
        "Total Unusual Items": 15036000.0,
        "Total Unusual Items Excluding Goodwill": 15036000.0,
        "Net Income From Continuing Operation Net Minority Interest": -30459000.0,
        "Reconciled Depreciation": 4300000.0,
        "Reconciled Cost Of Revenue": 261880000.0,
        "EBITDA": -21555000.0,
        "EBIT": -25855000.0,
        "Net Interest Income": -11808000.0,
        "Interest Expense": 11808000.0,
        "Normalized Income": -42623124.0,
        "Net Income From Continuing And Discontinued Operation": -30459000.0,
        "Total Expenses": 369557000.0,
        "Total Operating Income As Reported": -40746000.0,
        "Diluted Average Shares": 185816000.0,
        "Basic Average Shares": 185816000.0,
        "Diluted EPS": -0.26,
        "Basic EPS": -0.26,
        "Diluted NI Availto Com Stockholders": -30459000.0,
        "Net Income Common Stockholders": -30459000.0,
        "Preferred Stock Dividends": NaN,
        "Net Income": -30459000.0,
        "Net Income Including Noncontrolling Interests": -30459000.0,
        "Net Income Continuous Operations": -30459000.0,
        "Tax Provision": -7204000.0,
        "Pretax Income": -37663000.0,
        "Other Income Expense": 14891000.0,
        "Other Non Operating Income Expenses": -145000.0,
        "Gain On Sale Of Security": 15036000.0,
        "Net Non Operating Interest Income Expense": -11808000.0,
        "Interest Expense Non Operating": 11808000.0,
        "Operating Income": -40746000.0,
        "Operating Expense": 107677000.0,
        "Other Operating Expenses": 9911000.0,
        "Research And Development": NaN,
        "Selling General And Administration": 97766000.0,
        "Selling And Marketing Expense": 61947000.0,
        "General And Administrative Expense": 35819000.0,
        "Other Gand A": 35819000.0,
        "Gross Profit": 66931000.0,
        "Cost Of Revenue": 261880000.0,
        "Total Revenue": 328811000.0,
        "Operating Revenue": 328811000.0
    }
}