{
    "2023-03-31": {
        "Tax Effect Of Unusual Items": NaN,
        "Tax Rate For Calcs": NaN,
        "Normalized EBITDA": NaN,
        "Net Income From Continuing Operation Net Minority Interest": NaN,
        "Reconciled Depreciation": NaN,
        "Reconciled Cost Of Revenue": NaN,
        "EBITDA": NaN,
        "EBIT": NaN,
        "Net Interest Income": NaN,
        "Normalized Income": NaN,
        "Net Income From Continuing And Discontinued Operation": NaN,
        "Total Expenses": NaN,
        "Diluted Average Shares": NaN,
        "Basic Average Shares": NaN,
        "Diluted EPS": NaN,
        "Basic EPS": NaN,
        "Diluted NI Availto Com Stockholders": NaN,
        "Net Income Common Stockholders": NaN,
        "Net Income": NaN,
        "Net Income Including Noncontrolling Interests": NaN,
        "Net Income Discontinuous Operations": 0.0,
        "Net Income Continuous Operations": NaN,
        "Tax Provision": NaN,
        "Pretax Income": NaN,
        "Net Non Operating Interest Income Expense": NaN,
        "Total Other Finance Cost": NaN,
        "Operating Income": NaN,
        "Operating Expense": NaN,
        "Other Taxes": NaN,
        "Depreciation Amortization Depletion Income Statement": NaN,
        "Depreciation And Amortization In Income Statement": NaN,
        "Selling General And Administration": NaN,
        "Selling And Marketing Expense": 82000000.0,
        "General And Administrative Expense": 82000000.0,
        "Other Gand A": 82000000.0,
        "Gross Profit": NaN,
        "Cost Of Revenue": NaN,
        "Total Revenue": NaN,
        "Operating Revenue": NaN
    },
    "2022-12-31": {
        "Tax Effect Of Unusual Items": NaN,
        "Tax Rate For Calcs": NaN,
        "Normalized EBITDA": NaN,
        "Net Income From Continuing Operation Net Minority Interest": NaN,
        "Reconciled Depreciation": NaN,
        "Reconciled Cost Of Revenue": NaN,
        "EBITDA": NaN,
        "EBIT": NaN,
        "Net Interest Income": NaN,
        "Normalized Income": NaN,
        "Net Income From Continuing And Discontinued Operation": NaN,
        "Total Expenses": NaN,
        "Diluted Average Shares": NaN,
        "Basic Average Shares": NaN,
        "Diluted EPS": NaN,
        "Basic EPS": NaN,
        "Diluted NI Availto Com Stockholders": NaN,
        "Net Income Common Stockholders": NaN,
        "Net Income": NaN,
        "Net Income Including Noncontrolling Interests": NaN,
        "Net Income Discontinuous Operations": 6000000.0,
        "Net Income Continuous Operations": NaN,
        "Tax Provision": NaN,
        "Pretax Income": NaN,
        "Net Non Operating Interest Income Expense": NaN,
        "Total Other Finance Cost": NaN,
        "Operating Income": NaN,
        "Operating Expense": NaN,
        "Other Taxes": NaN,
        "Depreciation Amortization Depletion Income Statement": NaN,
        "Depreciation And Amortization In Income Statement": NaN,
        "Selling General And Administration": NaN,
        "Selling And Marketing Expense": 98000000.0,
        "General And Administrative Expense": 98000000.0,
        "Other Gand A": 98000000.0,
        "Gross Profit": NaN,
        "Cost Of Revenue": NaN,
        "Total Revenue": NaN,
        "Operating Revenue": NaN
    },
    "2022-09-30": {
        "Tax Effect Of Unusual Items": NaN,
        "Tax Rate For Calcs": NaN,
        "Normalized EBITDA": NaN,
        "Net Income From Continuing Operation Net Minority Interest": NaN,
        "Reconciled Depreciation": NaN,
        "Reconciled Cost Of Revenue": NaN,
        "EBITDA": NaN,
        "EBIT": NaN,
        "Net Interest Income": NaN,
        "Normalized Income": NaN,
        "Net Income From Continuing And Discontinued Operation": NaN,
        "Total Expenses": NaN,
        "Diluted Average Shares": NaN,
        "Basic Average Shares": NaN,
        "Diluted EPS": NaN,
        "Basic EPS": NaN,
        "Diluted NI Availto Com Stockholders": NaN,
        "Net Income Common Stockholders": NaN,
        "Net Income": NaN,
        "Net Income Including Noncontrolling Interests": NaN,
        "Net Income Discontinuous Operations": NaN,
        "Net Income Continuous Operations": NaN,
        "Tax Provision": NaN,
        "Pretax Income": NaN,
        "Net Non Operating Interest Income Expense": NaN,
        "Total Other Finance Cost": NaN,
        "Operating Income": NaN,
        "Operating Expense": NaN,
        "Other Taxes": NaN,
        "Depreciation Amortization Depletion Income Statement": NaN,
        "Depreciation And Amortization In Income Statement": NaN,
        "Selling General And Administration": NaN,
        "Selling And Marketing Expense": 80000000.0,
        "General And Administrative Expense": 80000000.0,
        "Other Gand A": 80000000.0,
        "Gross Profit": NaN,
        "Cost Of Revenue": NaN,
        "Total Revenue": NaN,
        "Operating Revenue": NaN
    },
    "2022-06-30": {
        "Tax Effect Of Unusual Items": 0.0,
        "Tax Rate For Calcs": 0.28,
        "Normalized EBITDA": 166000000.0,
        "Net Income From Continuing Operation Net Minority Interest": 84000000.0,
        "Reconciled Depreciation": 29000000.0,
        "Reconciled Cost Of Revenue": 565000000.0,
        "EBITDA": 166000000.0,
        "EBIT": 134000000.0,
        "Net Interest Income": -17000000.0,
        "Normalized Income": 84000000.0,
        "Net Income From Continuing And Discontinued Operation": -59000000.0,
        "Total Expenses": 778000000.0,
        "Diluted Average Shares": 44500000.0,
        "Basic Average Shares": 44100000.0,
        "Diluted EPS": -1.34,
        "Basic EPS": -1.34,
        "Diluted NI Availto Com Stockholders": -59000000.0,
        "Net Income Common Stockholders": -59000000.0,
        "Net Income": -59000000.0,
        "Net Income Including Noncontrolling Interests": -59000000.0,
        "Net Income Discontinuous Operations": -143000000.0,
        "Net Income Continuous Operations": 84000000.0,
        "Tax Provision": 33000000.0,
        "Pretax Income": 117000000.0,
        "Net Non Operating Interest Income Expense": -17000000.0,
        "Total Other Finance Cost": 17000000.0,
        "Operating Income": 134000000.0,
        "Operating Expense": 216000000.0,
        "Other Taxes": 6000000.0,
        "Depreciation Amortization Depletion Income Statement": 32000000.0,
        "Depreciation And Amortization In Income Statement": 32000000.0,
        "Selling General And Administration": 178000000.0,
        "Selling And Marketing Expense": 178000000.0,
        "Gross Profit": 350000000.0,
        "Cost Of Revenue": 562000000.0,
        "Total Revenue": 912000000.0,
        "Operating Revenue": 912000000.0
    },
    "2022-03-31": {
        "Diluted EPS": 0.59,
        "Total Revenue": 821,
        "Gross Profit": 201,
        "Operating Income": 104,
        "EBIT": 135,
        "Net Income": 26
    },
    "2021-12-31": {
        "Diluted EPS": 1.42,
        "Total Revenue": 624,
        "Gross Profit": -30,
        "Operating Income": 48,
        "EBIT": 79,
        "Net Income": 62
    },
    "2021-09-30": {
        "Diluted EPS": 2.09,
        "Total Revenue": 731,
        "Gross Profit": 175,
        "Operating Income": 96,
        "EBIT": 129,
        "Net Income": 92
    },
    "2021-06-30": {
        "Diluted EPS": 2.61,
        "Total Revenue": 695,
        "Gross Profit": 287,
        "Operating Income": 117,
        "EBIT": 143,
        "Net Income": 115
    },
    "2021-03-31": {
        "Diluted EPS": 1.41,
        "Total Revenue": 778,
        "Gross Profit": 253,
        "Operating Income": 91,
        "EBIT": 127,
        "Net Income": 62
    },
    "2020-12-31": {
        "Diluted EPS": 0.0,
        "Total Revenue": NaN,
        "Gross Profit": NaN,
        "Operating Income": NaN,
        "EBIT": NaN,
        "Net Income": NaN
    },
    "2020-09-30": {
        "Diluted EPS": 0.0,
        "Total Revenue": 738,
        "Gross Profit": 238,
        "Operating Income": 71,
        "EBIT": 109,
        "Net Income": 51
    },
    "2020-06-30": {
        "Diluted EPS": 0.0,
        "Total Revenue": NaN,
        "Gross Profit": NaN,
        "Operating Income": NaN,
        "EBIT": NaN,
        "Net Income": NaN
    },
    "2019-12-31": {
        "Diluted EPS": 0.0,
        "Total Revenue": NaN,
        "Gross Profit": NaN,
        "Operating Income": NaN,
        "EBIT": NaN,
        "Net Income": NaN
    },
    "2018-12-31": {
        "Diluted EPS": 0.0,
        "Total Revenue": NaN,
        "Gross Profit": NaN,
        "Operating Income": NaN,
        "EBIT": NaN,
        "Net Income": NaN
    },
    "2023-06-30": {
        "Tax Effect Of Unusual Items": NaN,
        "Tax Rate For Calcs": NaN,
        "Normalized EBITDA": NaN,
        "Net Income From Continuing Operation Net Minority Interest": NaN,
        "Reconciled Depreciation": NaN,
        "Reconciled Cost Of Revenue": NaN,
        "EBITDA": NaN,
        "EBIT": NaN,
        "Net Interest Income": NaN,
        "Normalized Income": NaN,
        "Net Income From Continuing And Discontinued Operation": NaN,
        "Total Expenses": NaN,
        "Diluted Average Shares": NaN,
        "Basic Average Shares": NaN,
        "Diluted EPS": NaN,
        "Basic EPS": NaN,
        "Diluted NI Availto Com Stockholders": NaN,
        "Net Income Common Stockholders": NaN,
        "Net Income": NaN,
        "Net Income Including Noncontrolling Interests": NaN,
        "Net Income Discontinuous Operations": 0.0,
        "Net Income Continuous Operations": NaN,
        "Tax Provision": NaN,
        "Pretax Income": NaN,
        "Net Non Operating Interest Income Expense": NaN,
        "Total Other Finance Cost": 12000000.0,
        "Operating Income": NaN,
        "Operating Expense": NaN,
        "Other Taxes": NaN,
        "Depreciation Amortization Depletion Income Statement": NaN,
        "Depreciation And Amortization In Income Statement": NaN,
        "Selling General And Administration": NaN,
        "Selling And Marketing Expense": 76000000.0,
        "General And Administrative Expense": 76000000.0,
        "Other Gand A": 76000000.0,
        "Gross Profit": NaN,
        "Cost Of Revenue": NaN,
        "Total Revenue": NaN,
        "Operating Revenue": NaN
    },
    "2023-09-30": {
        "Tax Effect Of Unusual Items": NaN,
        "Tax Rate For Calcs": NaN,
        "Normalized EBITDA": NaN,
        "Net Income From Continuing Operation Net Minority Interest": NaN,
        "Reconciled Depreciation": NaN,
        "Reconciled Cost Of Revenue": NaN,
        "EBITDA": NaN,
        "EBIT": NaN,
        "Net Interest Income": NaN,
        "Interest Expense": NaN,
        "Interest Income": NaN,
        "Normalized Income": NaN,
        "Net Income From Continuing And Discontinued Operation": NaN,
        "Total Expenses": NaN,
        "Diluted Average Shares": NaN,
        "Basic Average Shares": NaN,
        "Diluted EPS": NaN,
        "Basic EPS": NaN,
        "Diluted NI Availto Com Stockholders": NaN,
        "Net Income Common Stockholders": NaN,
        "Net Income": NaN,
        "Net Income Including Noncontrolling Interests": NaN,
        "Net Income Discontinuous Operations": 0.0,
        "Net Income Continuous Operations": NaN,
        "Tax Provision": NaN,
        "Pretax Income": NaN,
        "Net Non Operating Interest Income Expense": NaN,
        "Total Other Finance Cost": 9000000.0,
        "Interest Expense Non Operating": NaN,
        "Interest Income Non Operating": NaN,
        "Operating Income": NaN,
        "Operating Expense": NaN,
        "Other Taxes": NaN,
        "Depreciation Amortization Depletion Income Statement": NaN,
        "Depreciation And Amortization In Income Statement": NaN,
        "Selling General And Administration": NaN,
        "Selling And Marketing Expense": 89000000.0,
        "General And Administrative Expense": 89000000.0,
        "Other Gand A": 89000000.0,
        "Gross Profit": NaN,
        "Cost Of Revenue": NaN,
        "Total Revenue": NaN,
        "Operating Revenue": NaN
    },
    "2023-12-31": {
        "Tax Effect Of Unusual Items": NaN,
        "Tax Rate For Calcs": NaN,
        "Normalized EBITDA": NaN,
        "Net Income From Continuing Operation Net Minority Interest": NaN,
        "Reconciled Depreciation": NaN,
        "Reconciled Cost Of Revenue": NaN,
        "EBITDA": NaN,
        "EBIT": NaN,
        "Net Interest Income": NaN,
        "Interest Expense": NaN,
        "Interest Income": NaN,
        "Normalized Income": NaN,
        "Net Income From Continuing And Discontinued Operation": NaN,
        "Total Expenses": NaN,
        "Diluted Average Shares": NaN,
        "Basic Average Shares": NaN,
        "Diluted EPS": NaN,
        "Basic EPS": NaN,
        "Diluted NI Availto Com Stockholders": NaN,
        "Net Income Common Stockholders": NaN,
        "Net Income": NaN,
        "Net Income Including Noncontrolling Interests": NaN,
        "Net Income Discontinuous Operations": 0.0,
        "Net Income Continuous Operations": NaN,
        "Tax Provision": NaN,
        "Pretax Income": NaN,
        "Net Non Operating Interest Income Expense": NaN,
        "Total Other Finance Cost": NaN,
        "Interest Expense Non Operating": NaN,
        "Interest Income Non Operating": NaN,
        "Operating Income": NaN,
        "Operating Expense": NaN,
        "Other Taxes": NaN,
        "Depreciation Amortization Depletion Income Statement": NaN,
        "Depreciation And Amortization In Income Statement": NaN,
        "Selling General And Administration": NaN,
        "General And Administrative Expense": NaN,
        "Other Gand A": NaN,
        "Gross Profit": NaN,
        "Cost Of Revenue": NaN,
        "Total Revenue": NaN,
        "Operating Revenue": NaN
    },
    "2024-03-31": {
        "Tax Effect Of Unusual Items": NaN,
        "Tax Rate For Calcs": NaN,
        "Normalized EBITDA": NaN,
        "Net Income From Continuing Operation Net Minority Interest": NaN,
        "Reconciled Depreciation": NaN,
        "Reconciled Cost Of Revenue": NaN,
        "EBITDA": NaN,
        "EBIT": NaN,
        "Net Interest Income": NaN,
        "Interest Expense": 13000000.0,
        "Interest Income": 4000000.0,
        "Normalized Income": NaN,
        "Net Income From Continuing And Discontinued Operation": NaN,
        "Total Expenses": NaN,
        "Diluted Average Shares": NaN,
        "Basic Average Shares": NaN,
        "Diluted EPS": NaN,
        "Basic EPS": NaN,
        "Diluted NI Availto Com Stockholders": NaN,
        "Net Income Common Stockholders": NaN,
        "Net Income": NaN,
        "Net Income Including Noncontrolling Interests": NaN,
        "Net Income Discontinuous Operations": NaN,
        "Net Income Continuous Operations": NaN,
        "Tax Provision": NaN,
        "Pretax Income": NaN,
        "Net Non Operating Interest Income Expense": NaN,
        "Total Other Finance Cost": 9000000.0,
        "Interest Expense Non Operating": 13000000.0,
        "Interest Income Non Operating": 4000000.0,
        "Operating Income": NaN,
        "Operating Expense": NaN,
        "Other Taxes": NaN,
        "Depreciation Amortization Depletion Income Statement": NaN,
        "Depreciation And Amortization In Income Statement": NaN,
        "Selling General And Administration": NaN,
        "General And Administrative Expense": NaN,
        "Other Gand A": NaN,
        "Gross Profit": NaN,
        "Cost Of Revenue": NaN,
        "Total Revenue": NaN,
        "Operating Revenue": NaN
    },
    "2024-06-30": {
        "Tax Effect Of Unusual Items": 0.0,
        "Tax Rate For Calcs": 0.27,
        "Normalized EBITDA": 162000000.0,
        "Net Income From Continuing Operation Net Minority Interest": 83000000.0,
        "Reconciled Depreciation": 37000000.0,
        "Reconciled Cost Of Revenue": 684000000.0,
        "EBITDA": 162000000.0,
        "EBIT": 125000000.0,
        "Net Interest Income": -9000000.0,
        "Interest Expense": 12000000.0,
        "Interest Income": 3000000.0,
        "Normalized Income": 83000000.0,
        "Net Income From Continuing And Discontinued Operation": 83000000.0,
        "Total Expenses": 811000000.0,
        "Diluted Average Shares": 41900000.0,
        "Basic Average Shares": 41100000.0,
        "Diluted EPS": 1.98,
        "Basic EPS": 2.02,
        "Diluted NI Availto Com Stockholders": 83000000.0,
        "Net Income Common Stockholders": 83000000.0,
        "Net Income": 83000000.0,
        "Net Income Including Noncontrolling Interests": 83000000.0,
        "Net Income Discontinuous Operations": NaN,
        "Net Income Continuous Operations": 83000000.0,
        "Tax Provision": 30000000.0,
        "Pretax Income": 113000000.0,
        "Net Non Operating Interest Income Expense": -9000000.0,
        "Total Other Finance Cost": 9000000.0,
        "Interest Expense Non Operating": 12000000.0,
        "Interest Income Non Operating": 3000000.0,
        "Operating Income": 122000000.0,
        "Operating Expense": 127000000.0,
        "Other Taxes": 8000000.0,
        "Depreciation Amortization Depletion Income Statement": 37000000.0,
        "Depreciation And Amortization In Income Statement": 37000000.0,
        "Selling General And Administration": 82000000.0,
        "General And Administrative Expense": NaN,
        "Other Gand A": NaN,
        "Gross Profit": 249000000.0,
        "Cost Of Revenue": 684000000.0,
        "Total Revenue": 933000000.0,
        "Operating Revenue": 933000000.0
    },
    "2024-09-30": {
        "Tax Effect Of Unusual Items": 0.0,
        "Tax Rate For Calcs": 0.28,
        "Normalized EBITDA": 185000000.0,
        "Net Income From Continuing Operation Net Minority Interest": 95000000.0,
        "Reconciled Depreciation": 39000000.0,
        "Reconciled Cost Of Revenue": 700000000.0,
        "EBITDA": 185000000.0,
        "EBIT": 146000000.0,
        "Net Interest Income": -14000000.0,
        "Interest Expense": NaN,
        "Interest Income": NaN,
        "Normalized Income": 95000000.0,
        "Net Income From Continuing And Discontinued Operation": 95000000.0,
        "Total Expenses": 819000000.0,
        "Diluted Average Shares": 42000000.0,
        "Basic Average Shares": 41850220.0,
        "Diluted EPS": 2.27,
        "Basic EPS": 2.27,
        "Diluted NI Availto Com Stockholders": 95000000.0,
        "Net Income Common Stockholders": 95000000.0,
        "Net Income": 95000000.0,
        "Net Income Including Noncontrolling Interests": 95000000.0,
        "Net Income Discontinuous Operations": NaN,
        "Net Income Continuous Operations": 95000000.0,
        "Tax Provision": 37000000.0,
        "Pretax Income": 132000000.0,
        "Net Non Operating Interest Income Expense": -14000000.0,
        "Total Other Finance Cost": 14000000.0,
        "Interest Expense Non Operating": NaN,
        "Interest Income Non Operating": NaN,
        "Operating Income": 146000000.0,
        "Operating Expense": 119000000.0,
        "Other Taxes": 6000000.0,
        "Depreciation Amortization Depletion Income Statement": 39000000.0,
        "Depreciation And Amortization In Income Statement": 39000000.0,
        "Selling General And Administration": 74000000.0,
        "General And Administrative Expense": 74000000.0,
        "Other Gand A": 74000000.0,
        "Gross Profit": 265000000.0,
        "Cost Of Revenue": 700000000.0,
        "Total Revenue": 965000000.0,
        "Operating Revenue": 965000000.0
    },
    "2024-12-31": {
        "Tax Effect Of Unusual Items": 0.0,
        "Tax Rate For Calcs": 0.19,
        "Normalized EBITDA": 165000000.0,
        "Net Income From Continuing Operation Net Minority Interest": 81000000.0,
        "Reconciled Depreciation": 44000000.0,
        "Reconciled Cost Of Revenue": 733000000.0,
        "EBITDA": 165000000.0,
        "EBIT": 121000000.0,
        "Net Interest Income": -7000000.0,
        "Interest Expense": NaN,
        "Interest Income": NaN,
        "Normalized Income": 81000000.0,
        "Net Income From Continuing And Discontinued Operation": 81000000.0,
        "Total Expenses": 863000000.0,
        "Diluted Average Shares": 42000000.0,
        "Basic Average Shares": 40909091.0,
        "Diluted EPS": 1.94,
        "Basic EPS": 1.98,
        "Diluted NI Availto Com Stockholders": 81000000.0,
        "Net Income Common Stockholders": 81000000.0,
        "Net Income": 81000000.0,
        "Net Income Including Noncontrolling Interests": 81000000.0,
        "Net Income Discontinuous Operations": NaN,
        "Net Income Continuous Operations": 81000000.0,
        "Tax Provision": 19000000.0,
        "Pretax Income": 100000000.0,
        "Net Non Operating Interest Income Expense": -7000000.0,
        "Total Other Finance Cost": NaN,
        "Interest Expense Non Operating": NaN,
        "Interest Income Non Operating": NaN,
        "Operating Income": 107000000.0,
        "Operating Expense": 130000000.0,
        "Other Taxes": 5000000.0,
        "Depreciation Amortization Depletion Income Statement": 44000000.0,
        "Depreciation And Amortization In Income Statement": 44000000.0,
        "Selling General And Administration": 81000000.0,
        "General And Administrative Expense": NaN,
        "Other Gand A": NaN,
        "Gross Profit": 237000000.0,
        "Cost Of Revenue": 733000000.0,
        "Total Revenue": 970000000.0,
        "Operating Revenue": 970000000.0
    },
    "2025-03-31": {
        "Tax Effect Of Unusual Items": 0.0,
        "Tax Rate For Calcs": 0.18,
        "Normalized EBITDA": 84000000.0,
        "Net Income From Continuing Operation Net Minority Interest": 27000000.0,
        "Reconciled Depreciation": 40000000.0,
        "Reconciled Cost Of Revenue": 662000000.0,
        "EBITDA": 84000000.0,
        "EBIT": 44000000.0,
        "Net Interest Income": -9000000.0,
        "Interest Expense": 11000000.0,
        "Interest Income": 2000000.0,
        "Normalized Income": 27000000.0,
        "Net Income From Continuing And Discontinued Operation": 27000000.0,
        "Total Expenses": 779000000.0,
        "Diluted Average Shares": 41000000.0,
        "Basic Average Shares": 40909091.0,
        "Diluted EPS": 0.65,
        "Basic EPS": 0.66,
        "Diluted NI Availto Com Stockholders": 27000000.0,
        "Net Income Common Stockholders": 27000000.0,
        "Net Income": 27000000.0,
        "Net Income Including Noncontrolling Interests": 27000000.0,
        "Net Income Discontinuous Operations": NaN,
        "Net Income Continuous Operations": 27000000.0,
        "Tax Provision": 6000000.0,
        "Pretax Income": 33000000.0,
        "Net Non Operating Interest Income Expense": -9000000.0,
        "Total Other Finance Cost": NaN,
        "Interest Expense Non Operating": 11000000.0,
        "Interest Income Non Operating": 2000000.0,
        "Operating Income": 42000000.0,
        "Operating Expense": 117000000.0,
        "Other Taxes": 4000000.0,
        "Depreciation Amortization Depletion Income Statement": 40000000.0,
        "Depreciation And Amortization In Income Statement": 40000000.0,
        "Selling General And Administration": 73000000.0,
        "General And Administrative Expense": NaN,
        "Other Gand A": NaN,
        "Gross Profit": 159000000.0,
        "Cost Of Revenue": 662000000.0,
        "Total Revenue": 821000000.0,
        "Operating Revenue": 821000000.0
    },
    "2025-06-30": {
        "Tax Effect Of Unusual Items": 0.0,
        "Tax Rate For Calcs": 0.25,
        "Normalized EBITDA": 76000000.0,
        "Net Income From Continuing Operation Net Minority Interest": 15000000.0,
        "Reconciled Depreciation": 45000000.0,
        "Reconciled Cost Of Revenue": 640000000.0,
        "EBITDA": 76000000.0,
        "EBIT": 31000000.0,
        "Net Interest Income": -10000000.0,
        "Interest Expense": 11000000.0,
        "Interest Income": 1000000.0,
        "Normalized Income": 15000000.0,
        "Net Income From Continuing And Discontinued Operation": 15000000.0,
        "Total Expenses": 764000000.0,
        "Diluted Average Shares": 41000000.0,
        "Basic Average Shares": 40540541.0,
        "Diluted EPS": 0.37,
        "Basic EPS": 0.37,
        "Diluted NI Availto Com Stockholders": 15000000.0,
        "Net Income Common Stockholders": 15000000.0,
        "Net Income": 15000000.0,
        "Net Income Including Noncontrolling Interests": 15000000.0,
        "Net Income Discontinuous Operations": NaN,
        "Net Income Continuous Operations": 15000000.0,
        "Tax Provision": 5000000.0,
        "Pretax Income": 20000000.0,
        "Net Non Operating Interest Income Expense": -10000000.0,
        "Total Other Finance Cost": NaN,
        "Interest Expense Non Operating": 11000000.0,
        "Interest Income Non Operating": 1000000.0,
        "Operating Income": 30000000.0,
        "Operating Expense": 124000000.0,
        "Other Taxes": 7000000.0,
        "Depreciation Amortization Depletion Income Statement": 45000000.0,
        "Depreciation And Amortization In Income Statement": 45000000.0,
        "Selling General And Administration": 72000000.0,
        "General And Administrative Expense": NaN,
        "Other Gand A": NaN,
        "Gross Profit": 154000000.0,
        "Cost Of Revenue": 640000000.0,
        "Total Revenue": 794000000.0,
        "Operating Revenue": 794000000.0
    }
}