{
    "2023-04-30": {
        "Tax Effect Of Unusual Items": 0.0,
        "Tax Rate For Calcs": 0.21,
        "Normalized EBITDA": -25705000.0,
        "Net Income From Continuing Operation Net Minority Interest": -29870000.0,
        "Reconciled Depreciation": 6410000.0,
        "Reconciled Cost Of Revenue": 45881000.0,
        "EBITDA": -25705000.0,
        "EBIT": -32115000.0,
        "Net Interest Income": 5217000.0,
        "Interest Income": 5217000.0,
        "Normalized Income": -29870000.0,
        "Net Income From Continuing And Discontinued Operation": -29870000.0,
        "Total Expenses": 252001000.0,
        "Total Operating Income As Reported": -32115000.0,
        "Diluted Average Shares": 132542000.0,
        "Basic Average Shares": 132542000.0,
        "Diluted EPS": -0.23,
        "Basic EPS": -0.23,
        "Diluted NI Availto Com Stockholders": -29870000.0,
        "Net Income Common Stockholders": -29870000.0,
        "Net Income": -29870000.0,
        "Net Income Including Noncontrolling Interests": -29870000.0,
        "Net Income Continuous Operations": -29870000.0,
        "Tax Provision": 2436000.0,
        "Pretax Income": -27434000.0,
        "Other Income Expense": -536000.0,
        "Other Non Operating Income Expenses": -536000.0,
        "Net Non Operating Interest Income Expense": 5217000.0,
        "Interest Income Non Operating": 5217000.0,
        "Operating Income": -32115000.0,
        "Operating Expense": 206120000.0,
        "Research And Development": 56190000.0,
        "Selling General And Administration": 149930000.0,
        "Selling And Marketing Expense": 114952000.0,
        "General And Administrative Expense": 34978000.0,
        "Other Gand A": 34978000.0,
        "Salaries And Wages": NaN,
        "Gross Profit": 174005000.0,
        "Cost Of Revenue": 45881000.0,
        "Total Revenue": 219886000.0,
        "Operating Revenue": 219886000.0
    },
    "2023-01-31": {
        "Tax Effect Of Unusual Items": 0.0,
        "Tax Rate For Calcs": 0.21,
        "Normalized EBITDA": -38038000.0,
        "Net Income From Continuing Operation Net Minority Interest": -42732000.0,
        "Reconciled Depreciation": 6380000.0,
        "Reconciled Cost Of Revenue": 44713000.0,
        "EBITDA": -38038000.0,
        "EBIT": -44418000.0,
        "Net Interest Income": 3729000.0,
        "Interest Income": 3729000.0,
        "Normalized Income": -42732000.0,
        "Net Income From Continuing And Discontinued Operation": -42732000.0,
        "Total Expenses": 256755000.0,
        "Total Operating Income As Reported": -44418000.0,
        "Diluted Average Shares": 131435000.0,
        "Basic Average Shares": 131435000.0,
        "Diluted EPS": -0.33,
        "Basic EPS": -0.33,
        "Diluted NI Availto Com Stockholders": -42732000.0,
        "Net Income Common Stockholders": -42732000.0,
        "Net Income": -42732000.0,
        "Net Income Including Noncontrolling Interests": -42732000.0,
        "Net Income Continuous Operations": -42732000.0,
        "Tax Provision": 1758000.0,
        "Pretax Income": -40974000.0,
        "Other Income Expense": -285000.0,
        "Other Non Operating Income Expenses": -285000.0,
        "Net Non Operating Interest Income Expense": 3729000.0,
        "Interest Income Non Operating": 3729000.0,
        "Operating Income": -44418000.0,
        "Operating Expense": 212042000.0,
        "Research And Development": 58376000.0,
        "Selling General And Administration": 153666000.0,
        "Selling And Marketing Expense": 119728000.0,
        "General And Administrative Expense": 33938000.0,
        "Other Gand A": 33938000.0,
        "Salaries And Wages": NaN,
        "Gross Profit": 167624000.0,
        "Cost Of Revenue": 44713000.0,
        "Total Revenue": 212337000.0,
        "Operating Revenue": 212337000.0
    },
    "2022-10-31": {
        "Tax Effect Of Unusual Items": 0.0,
        "Tax Rate For Calcs": 0.21,
        "Normalized EBITDA": -36320000.0,
        "Net Income From Continuing Operation Net Minority Interest": -40137000.0,
        "Reconciled Depreciation": 6237000.0,
        "Reconciled Cost Of Revenue": 42863000.0,
        "EBITDA": -36320000.0,
        "EBIT": -42557000.0,
        "Net Interest Income": 2344000.0,
        "Interest Income": 2344000.0,
        "Normalized Income": -40137000.0,
        "Net Income From Continuing And Discontinued Operation": -40137000.0,
        "Total Expenses": 242134000.0,
        "Total Operating Income As Reported": -42557000.0,
        "Diluted Average Shares": 130634000.0,
        "Basic Average Shares": 130634000.0,
        "Diluted EPS": -0.31,
        "Basic EPS": -0.31,
        "Diluted NI Availto Com Stockholders": -40137000.0,
        "Net Income Common Stockholders": -40137000.0,
        "Net Income": -40137000.0,
        "Net Income Including Noncontrolling Interests": -40137000.0,
        "Net Income Continuous Operations": -40137000.0,
        "Tax Provision": 517000.0,
        "Pretax Income": -39620000.0,
        "Other Income Expense": 593000.0,
        "Other Non Operating Income Expenses": 593000.0,
        "Net Non Operating Interest Income Expense": 2344000.0,
        "Interest Income Non Operating": 2344000.0,
        "Operating Income": -42557000.0,
        "Operating Expense": 199271000.0,
        "Research And Development": 50526000.0,
        "Selling General And Administration": 148745000.0,
        "Selling And Marketing Expense": 120116000.0,
        "General And Administrative Expense": 28629000.0,
        "Other Gand A": 28629000.0,
        "Salaries And Wages": NaN,
        "Gross Profit": 156714000.0,
        "Cost Of Revenue": 42863000.0,
        "Total Revenue": 199577000.0,
        "Operating Revenue": 199577000.0
    },
    "2022-07-31": {
        "Tax Effect Of Unusual Items": 0.0,
        "Tax Rate For Calcs": 0.4,
        "Normalized EBITDA": -64859000.0,
        "Net Income From Continuing Operation Net Minority Interest": -62313000.0,
        "Reconciled Depreciation": 6161000.0,
        "Reconciled Cost Of Revenue": 40551000.0,
        "EBITDA": -64859000.0,
        "EBIT": -64859000.0,
        "Net Interest Income": 1281000.0,
        "Interest Income": 1281000.0,
        "Normalized Income": -62313000.0,
        "Net Income From Continuing And Discontinued Operation": -62313000.0,
        "Total Expenses": 251550000.0,
        "Total Operating Income As Reported": -64859000.0,
        "Diluted Average Shares": 129645000.0,
        "Basic Average Shares": 129645000.0,
        "Diluted EPS": -0.48,
        "Basic EPS": -0.48,
        "Diluted NI Availto Com Stockholders": -62313000.0,
        "Net Income Common Stockholders": -62313000.0,
        "Net Income": -62313000.0,
        "Net Income Including Noncontrolling Interests": -62313000.0,
        "Net Income Continuous Operations": -62313000.0,
        "Tax Provision": 359000.0,
        "Pretax Income": -61954000.0,
        "Other Income Expense": 1624000.0,
        "Other Non Operating Income Expenses": 1624000.0,
        "Net Non Operating Interest Income Expense": 1281000.0,
        "Interest Income Non Operating": 1281000.0,
        "Operating Income": -64859000.0,
        "Operating Expense": 210999000.0,
        "Research And Development": 53784000.0,
        "Selling General And Administration": 157215000.0,
        "Selling And Marketing Expense": 124015000.0,
        "General And Administrative Expense": 33200000.0,
        "Other Gand A": 33200000.0,
        "Salaries And Wages": NaN,
        "Gross Profit": 146140000.0,
        "Cost Of Revenue": 40551000.0,
        "Total Revenue": 186691000.0,
        "Operating Revenue": 186691000.0
    },
    "2022-04-30": {
        "Diluted EPS": -0.55,
        "Total Revenue": 168,
        "Gross Profit": 131,
        "Operating Income": -70,
        "EBIT": -51,
        "Net Income": -70
    },
    "2022-01-31": {
        "Diluted EPS": -0.42,
        "Total Revenue": 157,
        "Gross Profit": 124,
        "Operating Income": -52,
        "EBIT": -33,
        "Net Income": -53
    },
    "2021-10-31": {
        "Diluted EPS": -0.29,
        "Total Revenue": 145,
        "Gross Profit": 115,
        "Operating Income": -36,
        "EBIT": -19,
        "Net Income": -37
    },
    "2021-07-31": {
        "Diluted EPS": -0.35,
        "Total Revenue": 132,
        "Gross Profit": 104,
        "Operating Income": -44,
        "EBIT": -28,
        "Net Income": -44
    },
    "2021-04-30": {
        "Diluted EPS": -0.3,
        "Total Revenue": 117,
        "Gross Profit": 91,
        "Operating Income": -38,
        "EBIT": -24,
        "Net Income": -37
    },
    "2021-01-31": {
        "Diluted EPS": -0.24,
        "Total Revenue": 110,
        "Gross Profit": 86,
        "Operating Income": -29,
        "EBIT": -16,
        "Net Income": -29
    },
    "2020-10-31": {
        "Diluted EPS": -0.26,
        "Total Revenue": 99,
        "Gross Profit": 75,
        "Operating Income": -36,
        "EBIT": -23,
        "Net Income": -32
    },
    "2020-07-31": {
        "Diluted EPS": -0.22,
        "Total Revenue": 91,
        "Gross Profit": 72,
        "Operating Income": -27,
        "EBIT": -16,
        "Net Income": -27
    },
    "2020-04-30": {
        "Diluted EPS": -0.23,
        "Total Revenue": 85,
        "Gross Profit": 67,
        "Operating Income": -29,
        "EBIT": -18,
        "Net Income": -28
    },
    "2020-01-31": {
        "Diluted EPS": -0.24,
        "Total Revenue": 79,
        "Gross Profit": 63,
        "Operating Income": -30,
        "EBIT": -20,
        "Net Income": -28
    },
    "2019-10-31": {
        "Diluted EPS": -0.25,
        "Total Revenue": 72,
        "Gross Profit": 57,
        "Operating Income": -32,
        "EBIT": -27,
        "Net Income": -29
    },
    "2019-07-31": {
        "Diluted EPS": -0.17,
        "Total Revenue": 65,
        "Gross Profit": 52,
        "Operating Income": -21,
        "EBIT": -9,
        "Net Income": -19
    },
    "2019-04-30": {
        "Diluted EPS": -0.19,
        "Total Revenue": 56,
        "Gross Profit": 46,
        "Operating Income": -21,
        "EBIT": -14,
        "Net Income": -20
    },
    "2019-01-31": {
        "Diluted EPS": 0.3,
        "Total Revenue": 52,
        "Gross Profit": 42,
        "Operating Income": -13,
        "EBIT": -7,
        "Net Income": -12
    },
    "2018-10-31": {
        "Diluted EPS": -0.15,
        "Total Revenue": 47,
        "Gross Profit": 38,
        "Operating Income": -16,
        "EBIT": -12,
        "Net Income": -16
    },
    "2018-07-31": {
        "Diluted EPS": -0.12,
        "Total Revenue": 42,
        "Gross Profit": 34,
        "Operating Income": -13,
        "EBIT": -9,
        "Net Income": -12
    },
    "2018-04-30": {
        "Diluted EPS": -0.68,
        "Total Revenue": 36,
        "Gross Profit": 29,
        "Operating Income": -13,
        "EBIT": -9,
        "Net Income": -14
    },
    "2018-01-31": {
        "Diluted EPS": -0.44,
        "Total Revenue": 33,
        "Gross Profit": 27,
        "Operating Income": -9,
        "EBIT": -6,
        "Net Income": -9
    },
    "2017-10-31": {
        "Diluted EPS": -0.54,
        "Total Revenue": 29,
        "Gross Profit": 24,
        "Operating Income": -10,
        "EBIT": -8,
        "Net Income": -10
    },
    "2017-07-31": {
        "Diluted EPS": -1.52,
        "Total Revenue": 27,
        "Gross Profit": 21,
        "Operating Income": -23,
        "EBIT": -21,
        "Net Income": -27
    },
    "2017-04-30": {
        "Diluted EPS": -0.44,
        "Total Revenue": 22,
        "Gross Profit": 18,
        "Operating Income": -7,
        "EBIT": -6,
        "Net Income": -7
    },
    "2017-01-31": {
        "Diluted EPS": 0.0,
        "Total Revenue": NaN,
        "Gross Profit": NaN,
        "Operating Income": NaN,
        "EBIT": NaN,
        "Net Income": NaN
    },
    "2016-01-31": {
        "Diluted EPS": 0.0,
        "Total Revenue": NaN,
        "Gross Profit": NaN,
        "Operating Income": NaN,
        "EBIT": NaN,
        "Net Income": NaN
    },
    "2023-07-31": {
        "Tax Effect Of Unusual Items": NaN,
        "Tax Rate For Calcs": NaN,
        "Normalized EBITDA": NaN,
        "Net Income From Continuing Operation Net Minority Interest": NaN,
        "Reconciled Depreciation": NaN,
        "Reconciled Cost Of Revenue": NaN,
        "EBITDA": NaN,
        "EBIT": NaN,
        "Net Interest Income": NaN,
        "Interest Income": NaN,
        "Normalized Income": NaN,
        "Net Income From Continuing And Discontinued Operation": NaN,
        "Total Expenses": NaN,
        "Total Operating Income As Reported": NaN,
        "Diluted Average Shares": NaN,
        "Basic Average Shares": NaN,
        "Diluted EPS": NaN,
        "Basic EPS": NaN,
        "Diluted NI Availto Com Stockholders": NaN,
        "Net Income Common Stockholders": NaN,
        "Net Income": NaN,
        "Net Income Including Noncontrolling Interests": NaN,
        "Net Income Continuous Operations": NaN,
        "Tax Provision": NaN,
        "Pretax Income": NaN,
        "Other Income Expense": NaN,
        "Other Non Operating Income Expenses": NaN,
        "Net Non Operating Interest Income Expense": NaN,
        "Interest Income Non Operating": NaN,
        "Operating Income": NaN,
        "Operating Expense": NaN,
        "Research And Development": NaN,
        "Selling General And Administration": NaN,
        "Selling And Marketing Expense": NaN,
        "General And Administrative Expense": NaN,
        "Other Gand A": NaN,
        "Salaries And Wages": 29140000.0,
        "Gross Profit": NaN,
        "Cost Of Revenue": NaN,
        "Total Revenue": NaN,
        "Operating Revenue": NaN
    },
    "2023-10-31": {
        "Tax Effect Of Unusual Items": 0.0,
        "Tax Rate For Calcs": 0.21,
        "Normalized EBITDA": -28633000.0,
        "Net Income From Continuing Operation Net Minority Interest": -32428000.0,
        "Reconciled Depreciation": 6817000.0,
        "Reconciled Cost Of Revenue": 47038000.0,
        "EBITDA": -28633000.0,
        "EBIT": -35450000.0,
        "Net Interest Income": 6976000.0,
        "Interest Income": 6976000.0,
        "Normalized Income": -32428000.0,
        "Net Income From Continuing And Discontinued Operation": -32428000.0,
        "Total Expenses": 281368000.0,
        "Total Operating Income As Reported": -35450000.0,
        "Diluted Average Shares": 135189000.0,
        "Basic Average Shares": 135189000.0,
        "Diluted EPS": -0.24,
        "Basic EPS": -0.24,
        "Diluted NI Availto Com Stockholders": -32428000.0,
        "Net Income Common Stockholders": -32428000.0,
        "Net Income": -32428000.0,
        "Net Income Including Noncontrolling Interests": -32428000.0,
        "Net Income Continuous Operations": -32428000.0,
        "Tax Provision": 3164000.0,
        "Pretax Income": -29264000.0,
        "Other Income Expense": -790000.0,
        "Other Non Operating Income Expenses": -790000.0,
        "Net Non Operating Interest Income Expense": 6976000.0,
        "Interest Income Non Operating": 6976000.0,
        "Operating Income": -35450000.0,
        "Operating Expense": 234330000.0,
        "Research And Development": 58257000.0,
        "Selling General And Administration": 176073000.0,
        "Selling And Marketing Expense": 137920000.0,
        "General And Administrative Expense": 38153000.0,
        "Other Gand A": 38153000.0,
        "Salaries And Wages": NaN,
        "Gross Profit": 198880000.0,
        "Cost Of Revenue": 47038000.0,
        "Total Revenue": 245918000.0,
        "Operating Revenue": 245918000.0
    },
    "2024-01-31": {
        "Tax Effect Of Unusual Items": 0.0,
        "Tax Rate For Calcs": 0.012433,
        "Normalized EBITDA": -9566000.0,
        "Net Income From Continuing Operation Net Minority Interest": -8976000.0,
        "Reconciled Depreciation": 7004000.0,
        "Reconciled Cost Of Revenue": 46491000.0,
        "EBITDA": -9566000.0,
        "EBIT": -16570000.0,
        "Net Interest Income": 7601000.0,
        "Interest Income": 7601000.0,
        "Normalized Income": -8976000.0,
        "Net Income From Continuing And Discontinued Operation": -8976000.0,
        "Total Expenses": 273519000.0,
        "Total Operating Income As Reported": -16570000.0,
        "Diluted Average Shares": 136389000.0,
        "Basic Average Shares": 136389000.0,
        "Diluted EPS": -0.07,
        "Basic EPS": -0.07,
        "Diluted NI Availto Com Stockholders": -8976000.0,
        "Net Income Common Stockholders": -8976000.0,
        "Net Income": -8976000.0,
        "Net Income Including Noncontrolling Interests": -8976000.0,
        "Net Income Continuous Operations": -8976000.0,
        "Tax Provision": -113000.0,
        "Pretax Income": -9089000.0,
        "Other Income Expense": -120000.0,
        "Other Non Operating Income Expenses": -120000.0,
        "Net Non Operating Interest Income Expense": 7601000.0,
        "Interest Income Non Operating": 7601000.0,
        "Operating Income": -16570000.0,
        "Operating Expense": 227028000.0,
        "Research And Development": 61266000.0,
        "Selling General And Administration": 165762000.0,
        "Selling And Marketing Expense": 127891000.0,
        "General And Administrative Expense": 37871000.0,
        "Other Gand A": 37871000.0,
        "Salaries And Wages": NaN,
        "Gross Profit": 210458000.0,
        "Cost Of Revenue": 46491000.0,
        "Total Revenue": 256949000.0,
        "Operating Revenue": 256949000.0
    },
    "2024-04-30": {
        "Tax Effect Of Unusual Items": 0.0,
        "Tax Rate For Calcs": 0.21,
        "Normalized EBITDA": -4511000.0,
        "Net Income From Continuing Operation Net Minority Interest": -8858000.0,
        "Reconciled Depreciation": 6618000.0,
        "Reconciled Cost Of Revenue": 48322000.0,
        "EBITDA": -4511000.0,
        "EBIT": -11129000.0,
        "Net Interest Income": 7826000.0,
        "Interest Income": 7826000.0,
        "Normalized Income": -8858000.0,
        "Net Income From Continuing And Discontinued Operation": -8858000.0,
        "Total Expenses": 274113000.0,
        "Total Operating Income As Reported": -11129000.0,
        "Diluted Average Shares": 137428000.0,
        "Basic Average Shares": 137428000.0,
        "Diluted EPS": -0.064456,
        "Basic EPS": -0.06,
        "Diluted NI Availto Com Stockholders": -8858000.0,
        "Net Income Common Stockholders": -8858000.0,
        "Net Income": -8858000.0,
        "Net Income Including Noncontrolling Interests": -8858000.0,
        "Net Income Continuous Operations": -8858000.0,
        "Tax Provision": 5178000.0,
        "Pretax Income": -3680000.0,
        "Other Income Expense": -377000.0,
        "Other Non Operating Income Expenses": -377000.0,
        "Net Non Operating Interest Income Expense": 7826000.0,
        "Interest Income Non Operating": 7826000.0,
        "Operating Income": -11129000.0,
        "Operating Expense": 225791000.0,
        "Research And Development": 62437000.0,
        "Selling General And Administration": 163354000.0,
        "Selling And Marketing Expense": 125239000.0,
        "General And Administrative Expense": 38115000.0,
        "Other Gand A": 38115000.0,
        "Salaries And Wages": NaN,
        "Gross Profit": 214662000.0,
        "Cost Of Revenue": 48322000.0,
        "Total Revenue": 262984000.0,
        "Operating Revenue": 262984000.0
    },
    "2024-07-31": {
        "Tax Effect Of Unusual Items": 0.0,
        "Tax Rate For Calcs": 0.21,
        "Normalized EBITDA": -1473000.0,
        "Net Income From Continuing Operation Net Minority Interest": 7858000.0,
        "Reconciled Depreciation": 7007000.0,
        "Reconciled Cost Of Revenue": 49851000.0,
        "EBITDA": -1473000.0,
        "EBIT": -8480000.0,
        "Net Interest Income": 8836000.0,
        "Interest Income": 8836000.0,
        "Normalized Income": 7858000.0,
        "Net Income From Continuing And Discontinued Operation": 7858000.0,
        "Total Expenses": 284892000.0,
        "Total Operating Income As Reported": -8480000.0,
        "Diluted Average Shares": 141157000.0,
        "Basic Average Shares": 138408000.0,
        "Diluted EPS": 0.06,
        "Basic EPS": 0.06,
        "Diluted NI Availto Com Stockholders": 7858000.0,
        "Net Income Common Stockholders": 7858000.0,
        "Net Income": 7858000.0,
        "Net Income Including Noncontrolling Interests": 7858000.0,
        "Net Income Continuous Operations": 7858000.0,
        "Tax Provision": -7765000.0,
        "Pretax Income": 93000.0,
        "Other Income Expense": -263000.0,
        "Other Non Operating Income Expenses": -263000.0,
        "Net Non Operating Interest Income Expense": 8836000.0,
        "Interest Income Non Operating": 8836000.0,
        "Operating Income": -8480000.0,
        "Operating Expense": 235041000.0,
        "Research And Development": 63600000.0,
        "Selling General And Administration": 171441000.0,
        "Selling And Marketing Expense": 130222000.0,
        "General And Administrative Expense": 41219000.0,
        "Other Gand A": 41219000.0,
        "Salaries And Wages": NaN,
        "Gross Profit": 226561000.0,
        "Cost Of Revenue": 49851000.0,
        "Total Revenue": 276412000.0,
        "Operating Revenue": 276412000.0
    },
    "2024-10-31": {
        "Tax Effect Of Unusual Items": 0.0,
        "Tax Rate For Calcs": 0.21,
        "Normalized EBITDA": 4145000.0,
        "Net Income From Continuing Operation Net Minority Interest": 1324000.0,
        "Reconciled Depreciation": 7496000.0,
        "Reconciled Cost Of Revenue": 53736000.0,
        "EBITDA": 4145000.0,
        "EBIT": -3351000.0,
        "Net Interest Income": 8272000.0,
        "Interest Income": 8272000.0,
        "Normalized Income": 1324000.0,
        "Net Income From Continuing And Discontinued Operation": 1324000.0,
        "Total Expenses": 290222000.0,
        "Total Operating Income As Reported": -3351000.0,
        "Diluted Average Shares": 142668000.0,
        "Basic Average Shares": 139007000.0,
        "Diluted EPS": 0.01,
        "Basic EPS": 0.01,
        "Diluted NI Availto Com Stockholders": 1324000.0,
        "Net Income Common Stockholders": 1324000.0,
        "Net Income": 1324000.0,
        "Net Income Including Noncontrolling Interests": 1324000.0,
        "Net Income Continuous Operations": 1324000.0,
        "Tax Provision": 3644000.0,
        "Pretax Income": 4968000.0,
        "Other Income Expense": 47000.0,
        "Other Non Operating Income Expenses": 47000.0,
        "Net Non Operating Interest Income Expense": 8272000.0,
        "Interest Income Non Operating": 8272000.0,
        "Operating Income": -3351000.0,
        "Operating Expense": 236486000.0,
        "Research And Development": 63477000.0,
        "Selling General And Administration": 173009000.0,
        "Selling And Marketing Expense": 127854000.0,
        "General And Administrative Expense": 45155000.0,
        "Other Gand A": 45155000.0,
        "Salaries And Wages": NaN,
        "Gross Profit": 233135000.0,
        "Cost Of Revenue": 53736000.0,
        "Total Revenue": 286871000.0,
        "Operating Revenue": 286871000.0
    }
}