{
    "2023-06-30": {
        "Tax Effect Of Unusual Items": NaN,
        "Tax Rate For Calcs": NaN,
        "Total Unusual Items": 0.0,
        "Total Unusual Items Excluding Goodwill": 0.0,
        "Net Income From Continuing Operation Net Minority Interest": NaN,
        "Reconciled Depreciation": NaN,
        "Net Interest Income": NaN,
        "Interest Expense": NaN,
        "Interest Income": NaN,
        "Normalized Income": NaN,
        "Net Income From Continuing And Discontinued Operation": NaN,
        "Diluted Average Shares": NaN,
        "Basic Average Shares": NaN,
        "Diluted EPS": NaN,
        "Basic EPS": NaN,
        "Diluted NI Availto Com Stockholders": NaN,
        "Net Income Common Stockholders": NaN,
        "Net Income": NaN,
        "Net Income Including Noncontrolling Interests": NaN,
        "Net Income Continuous Operations": NaN,
        "Tax Provision": NaN,
        "Pretax Income": NaN,
        "Special Income Charges": 0.0,
        "Restructuring And Mergern Acquisition": 0.0,
        "Gain On Sale Of Security": NaN,
        "Depreciation Amortization Depletion Income Statement": NaN,
        "Depreciation And Amortization In Income Statement": NaN,
        "Amortization": NaN,
        "Amortization Of Intangibles Income Statement": NaN,
        "Selling General And Administration": NaN,
        "Selling And Marketing Expense": NaN,
        "General And Administrative Expense": NaN,
        "Other Gand A": 2235000.0,
        "Insurance And Claims": NaN,
        "Salaries And Wages": NaN,
        "Total Revenue": NaN,
        "Operating Revenue": NaN,
        "Occupancy And Equipment": NaN,
        "Professional Expense And Contract Services Expense": NaN,
        "Other Non Interest Expense": NaN
    },
    "2023-03-31": {
        "Tax Effect Of Unusual Items": NaN,
        "Tax Rate For Calcs": NaN,
        "Total Unusual Items": 0.0,
        "Total Unusual Items Excluding Goodwill": 0.0,
        "Net Income From Continuing Operation Net Minority Interest": NaN,
        "Reconciled Depreciation": NaN,
        "Net Interest Income": NaN,
        "Interest Expense": NaN,
        "Interest Income": NaN,
        "Normalized Income": NaN,
        "Net Income From Continuing And Discontinued Operation": NaN,
        "Diluted Average Shares": NaN,
        "Basic Average Shares": NaN,
        "Diluted EPS": NaN,
        "Basic EPS": NaN,
        "Diluted NI Availto Com Stockholders": NaN,
        "Net Income Common Stockholders": NaN,
        "Net Income": NaN,
        "Net Income Including Noncontrolling Interests": NaN,
        "Net Income Continuous Operations": NaN,
        "Tax Provision": NaN,
        "Pretax Income": NaN,
        "Special Income Charges": 0.0,
        "Restructuring And Mergern Acquisition": 0.0,
        "Gain On Sale Of Security": NaN,
        "Depreciation Amortization Depletion Income Statement": NaN,
        "Depreciation And Amortization In Income Statement": NaN,
        "Amortization": NaN,
        "Amortization Of Intangibles Income Statement": NaN,
        "Selling General And Administration": NaN,
        "Selling And Marketing Expense": NaN,
        "General And Administrative Expense": NaN,
        "Other Gand A": 2163000.0,
        "Insurance And Claims": NaN,
        "Salaries And Wages": NaN,
        "Total Revenue": NaN,
        "Operating Revenue": NaN,
        "Occupancy And Equipment": NaN,
        "Professional Expense And Contract Services Expense": NaN,
        "Other Non Interest Expense": NaN
    },
    "2022-12-31": {
        "Tax Effect Of Unusual Items": NaN,
        "Tax Rate For Calcs": NaN,
        "Total Unusual Items": 45000.0,
        "Total Unusual Items Excluding Goodwill": 45000.0,
        "Net Income From Continuing Operation Net Minority Interest": NaN,
        "Reconciled Depreciation": NaN,
        "Net Interest Income": NaN,
        "Interest Expense": NaN,
        "Interest Income": NaN,
        "Normalized Income": NaN,
        "Net Income From Continuing And Discontinued Operation": NaN,
        "Diluted Average Shares": NaN,
        "Basic Average Shares": NaN,
        "Diluted EPS": NaN,
        "Basic EPS": NaN,
        "Diluted NI Availto Com Stockholders": NaN,
        "Net Income Common Stockholders": NaN,
        "Net Income": NaN,
        "Net Income Including Noncontrolling Interests": NaN,
        "Net Income Continuous Operations": NaN,
        "Tax Provision": NaN,
        "Pretax Income": NaN,
        "Special Income Charges": 45000.0,
        "Restructuring And Mergern Acquisition": -45000.0,
        "Gain On Sale Of Security": 144000.0,
        "Depreciation Amortization Depletion Income Statement": NaN,
        "Depreciation And Amortization In Income Statement": NaN,
        "Amortization": NaN,
        "Amortization Of Intangibles Income Statement": NaN,
        "Selling General And Administration": NaN,
        "Selling And Marketing Expense": NaN,
        "General And Administrative Expense": NaN,
        "Other Gand A": NaN,
        "Insurance And Claims": NaN,
        "Salaries And Wages": NaN,
        "Total Revenue": NaN,
        "Operating Revenue": NaN,
        "Occupancy And Equipment": NaN,
        "Professional Expense And Contract Services Expense": NaN,
        "Other Non Interest Expense": NaN
    },
    "2022-09-30": {
        "Tax Effect Of Unusual Items": NaN,
        "Tax Rate For Calcs": NaN,
        "Total Unusual Items": NaN,
        "Total Unusual Items Excluding Goodwill": NaN,
        "Net Income From Continuing Operation Net Minority Interest": NaN,
        "Reconciled Depreciation": NaN,
        "Net Interest Income": NaN,
        "Interest Expense": NaN,
        "Interest Income": NaN,
        "Normalized Income": NaN,
        "Net Income From Continuing And Discontinued Operation": NaN,
        "Diluted Average Shares": NaN,
        "Basic Average Shares": NaN,
        "Diluted EPS": NaN,
        "Basic EPS": NaN,
        "Diluted NI Availto Com Stockholders": NaN,
        "Net Income Common Stockholders": NaN,
        "Net Income": NaN,
        "Net Income Including Noncontrolling Interests": NaN,
        "Net Income Continuous Operations": NaN,
        "Tax Provision": NaN,
        "Pretax Income": NaN,
        "Special Income Charges": NaN,
        "Restructuring And Mergern Acquisition": NaN,
        "Gain On Sale Of Security": 0.0,
        "Depreciation Amortization Depletion Income Statement": NaN,
        "Depreciation And Amortization In Income Statement": NaN,
        "Amortization": NaN,
        "Amortization Of Intangibles Income Statement": NaN,
        "Selling General And Administration": NaN,
        "Selling And Marketing Expense": NaN,
        "General And Administrative Expense": NaN,
        "Other Gand A": 1872000.0,
        "Insurance And Claims": NaN,
        "Salaries And Wages": NaN,
        "Total Revenue": NaN,
        "Operating Revenue": NaN
    },
    "2022-06-30": {
        "Tax Effect Of Unusual Items": -17909.1,
        "Tax Rate For Calcs": 0.2211,
        "Total Unusual Items": -81000.0,
        "Total Unusual Items Excluding Goodwill": -81000.0,
        "Net Income From Continuing Operation Net Minority Interest": 10215000.0,
        "Reconciled Depreciation": 633000.0,
        "Net Interest Income": 33062000.0,
        "Interest Expense": 3247000.0,
        "Interest Income": 36309000.0,
        "Normalized Income": 10278090.9,
        "Net Income From Continuing And Discontinued Operation": 10215000.0,
        "Diluted Average Shares": 16867774.0,
        "Basic Average Shares": 16734930.0,
        "Diluted EPS": 0.61,
        "Basic EPS": 0.61,
        "Diluted NI Availto Com Stockholders": 10215000.0,
        "Net Income Common Stockholders": 10215000.0,
        "Net Income": 10215000.0,
        "Net Income Including Noncontrolling Interests": 10215000.0,
        "Net Income Continuous Operations": 10215000.0,
        "Tax Provision": 2900000.0,
        "Pretax Income": 13115000.0,
        "Special Income Charges": -81000.0,
        "Restructuring And Mergern Acquisition": 81000.0,
        "Gain On Sale Of Security": 0.0,
        "Depreciation Amortization Depletion Income Statement": 633000.0,
        "Depreciation And Amortization In Income Statement": 633000.0,
        "Amortization": 633000.0,
        "Amortization Of Intangibles Income Statement": 633000.0,
        "Selling General And Administration": 18404000.0,
        "Selling And Marketing Expense": 327000.0,
        "General And Administrative Expense": 18077000.0,
        "Other Gand A": 1728000.0,
        "Insurance And Claims": 676000.0,
        "Salaries And Wages": 15673000.0,
        "Total Revenue": 40291000.0,
        "Operating Revenue": 40291000.0
    },
    "2022-03-31": {
        "Diluted EPS": 0.49,
        "Total Revenue": 40,
        "Gross Profit": 37,
        "Operating Income": 11,
        "EBIT": NaN,
        "Net Income": 8
    },
    "2021-12-31": {
        "Diluted EPS": 0.38,
        "Total Revenue": 40,
        "Gross Profit": 37,
        "Operating Income": 11,
        "EBIT": NaN,
        "Net Income": 7
    },
    "2021-09-30": {
        "Diluted EPS": 0.61,
        "Total Revenue": 40,
        "Gross Profit": 37,
        "Operating Income": 13,
        "EBIT": NaN,
        "Net Income": 10
    },
    "2021-06-30": {
        "Diluted EPS": 0.58,
        "Total Revenue": 35,
        "Gross Profit": 32,
        "Operating Income": 12,
        "EBIT": NaN,
        "Net Income": 9
    },
    "2021-03-31": {
        "Diluted EPS": 0.65,
        "Total Revenue": 35,
        "Gross Profit": 32,
        "Operating Income": 13,
        "EBIT": NaN,
        "Net Income": 10
    },
    "2020-12-31": {
        "Diluted EPS": 0.6,
        "Total Revenue": 35,
        "Gross Profit": 31,
        "Operating Income": 12,
        "EBIT": NaN,
        "Net Income": 9
    },
    "2020-09-30": {
        "Diluted EPS": 0.42,
        "Total Revenue": 34,
        "Gross Profit": 30,
        "Operating Income": 9,
        "EBIT": NaN,
        "Net Income": 6
    },
    "2020-06-30": {
        "Diluted EPS": 0.41,
        "Total Revenue": 33,
        "Gross Profit": 29,
        "Operating Income": 9,
        "EBIT": NaN,
        "Net Income": 6
    },
    "2020-03-31": {
        "Diluted EPS": 0.19,
        "Total Revenue": 31,
        "Gross Profit": 25,
        "Operating Income": 5,
        "EBIT": NaN,
        "Net Income": 3
    },
    "2019-12-31": {
        "Diluted EPS": 0.48,
        "Total Revenue": 30,
        "Gross Profit": 24,
        "Operating Income": 8,
        "EBIT": NaN,
        "Net Income": 7
    },
    "2019-09-30": {
        "Diluted EPS": 0.42,
        "Total Revenue": 30,
        "Gross Profit": 23,
        "Operating Income": 8,
        "EBIT": NaN,
        "Net Income": 6
    },
    "2019-06-30": {
        "Diluted EPS": 0.65,
        "Total Revenue": 36,
        "Gross Profit": 29,
        "Operating Income": 14,
        "EBIT": NaN,
        "Net Income": 9
    },
    "2019-03-31": {
        "Diluted EPS": 0.34,
        "Total Revenue": 29,
        "Gross Profit": 23,
        "Operating Income": 7,
        "EBIT": NaN,
        "Net Income": 5
    },
    "2018-12-31": {
        "Diluted EPS": 0.49,
        "Total Revenue": 28,
        "Gross Profit": 23,
        "Operating Income": 6,
        "EBIT": NaN,
        "Net Income": 6
    },
    "2018-09-30": {
        "Diluted EPS": 0.34,
        "Total Revenue": 25,
        "Gross Profit": 21,
        "Operating Income": 6,
        "EBIT": NaN,
        "Net Income": 4
    },
    "2018-06-30": {
        "Diluted EPS": 0.32,
        "Total Revenue": 25,
        "Gross Profit": 21,
        "Operating Income": 6,
        "EBIT": NaN,
        "Net Income": 4
    },
    "2018-03-31": {
        "Diluted EPS": 0.3,
        "Total Revenue": 21,
        "Gross Profit": 18,
        "Operating Income": 5,
        "EBIT": NaN,
        "Net Income": 3
    },
    "2017-12-31": {
        "Diluted EPS": -0.04,
        "Total Revenue": 19,
        "Gross Profit": 17,
        "Operating Income": 6,
        "EBIT": NaN,
        "Net Income": 0
    },
    "2017-09-30": {
        "Diluted EPS": 0.2,
        "Total Revenue": 14,
        "Gross Profit": 12,
        "Operating Income": 3,
        "EBIT": NaN,
        "Net Income": 2
    },
    "2017-06-30": {
        "Diluted EPS": 0.2,
        "Total Revenue": 13,
        "Gross Profit": 12,
        "Operating Income": 3,
        "EBIT": NaN,
        "Net Income": 2
    },
    "2017-03-31": {
        "Diluted EPS": 0.19,
        "Total Revenue": 12,
        "Gross Profit": 11,
        "Operating Income": 3,
        "EBIT": NaN,
        "Net Income": 1
    },
    "2016-12-31": {
        "Diluted EPS": 0.22,
        "Total Revenue": 12,
        "Gross Profit": 11,
        "Operating Income": 3,
        "EBIT": NaN,
        "Net Income": 1
    },
    "2016-09-30": {
        "Diluted EPS": 0.22,
        "Total Revenue": 12,
        "Gross Profit": 11,
        "Operating Income": 3,
        "EBIT": NaN,
        "Net Income": 1
    },
    "2016-06-30": {
        "Diluted EPS": 0.15,
        "Total Revenue": 12,
        "Gross Profit": 11,
        "Operating Income": 2,
        "EBIT": NaN,
        "Net Income": 1
    },
    "2016-03-31": {
        "Diluted EPS": 0.19,
        "Total Revenue": 11,
        "Gross Profit": 10,
        "Operating Income": 2,
        "EBIT": NaN,
        "Net Income": 1
    },
    "2015-12-31": {
        "Diluted EPS": 0.25,
        "Total Revenue": 12,
        "Gross Profit": 11,
        "Operating Income": 2,
        "EBIT": NaN,
        "Net Income": 1
    },
    "2015-09-30": {
        "Diluted EPS": -0.03,
        "Total Revenue": 7,
        "Gross Profit": 7,
        "Operating Income": 0,
        "EBIT": NaN,
        "Net Income": 0
    },
    "2015-06-30": {
        "Diluted EPS": 0.01,
        "Total Revenue": 5,
        "Gross Profit": 5,
        "Operating Income": 0,
        "EBIT": NaN,
        "Net Income": 0
    },
    "2015-03-31": {
        "Diluted EPS": 0.09,
        "Total Revenue": 6,
        "Gross Profit": 5,
        "Operating Income": 1,
        "EBIT": NaN,
        "Net Income": 0
    },
    "2014-12-31": {
        "Diluted EPS": 0.01,
        "Total Revenue": 5,
        "Gross Profit": 5,
        "Operating Income": 5,
        "EBIT": NaN,
        "Net Income": 0
    },
    "2014-09-30": {
        "Diluted EPS": 0.2,
        "Total Revenue": 6,
        "Gross Profit": 5,
        "Operating Income": 1,
        "EBIT": NaN,
        "Net Income": 1
    },
    "2014-06-30": {
        "Diluted EPS": 0.0,
        "Total Revenue": 5,
        "Gross Profit": 5,
        "Operating Income": 5,
        "EBIT": NaN,
        "Net Income": 0
    },
    "2014-03-31": {
        "Diluted EPS": 0.0,
        "Total Revenue": 5,
        "Gross Profit": 5,
        "Operating Income": 5,
        "EBIT": NaN,
        "Net Income": 0
    },
    "2013-12-31": {
        "Diluted EPS": 0.0,
        "Total Revenue": NaN,
        "Gross Profit": NaN,
        "Operating Income": NaN,
        "EBIT": NaN,
        "Net Income": NaN
    },
    "2012-12-31": {
        "Diluted EPS": 0.0,
        "Total Revenue": NaN,
        "Gross Profit": NaN,
        "Operating Income": NaN,
        "EBIT": NaN,
        "Net Income": NaN
    },
    "2023-09-30": {
        "Tax Effect Of Unusual Items": NaN,
        "Tax Rate For Calcs": NaN,
        "Total Unusual Items": -110000.0,
        "Total Unusual Items Excluding Goodwill": -110000.0,
        "Net Income From Continuing Operation Net Minority Interest": NaN,
        "Reconciled Depreciation": NaN,
        "Net Interest Income": NaN,
        "Interest Expense": NaN,
        "Interest Income": NaN,
        "Normalized Income": NaN,
        "Net Income From Continuing And Discontinued Operation": NaN,
        "Diluted Average Shares": NaN,
        "Basic Average Shares": NaN,
        "Diluted EPS": NaN,
        "Basic EPS": NaN,
        "Diluted NI Availto Com Stockholders": NaN,
        "Net Income Common Stockholders": NaN,
        "Net Income": NaN,
        "Net Income Including Noncontrolling Interests": NaN,
        "Net Income Continuous Operations": NaN,
        "Tax Provision": NaN,
        "Pretax Income": NaN,
        "Special Income Charges": -110000.0,
        "Restructuring And Mergern Acquisition": 110000.0,
        "Gain On Sale Of Security": -6801000.0,
        "Depreciation Amortization Depletion Income Statement": NaN,
        "Depreciation And Amortization In Income Statement": NaN,
        "Amortization": NaN,
        "Amortization Of Intangibles Income Statement": NaN,
        "Selling General And Administration": NaN,
        "Selling And Marketing Expense": NaN,
        "General And Administrative Expense": NaN,
        "Insurance And Claims": NaN,
        "Salaries And Wages": NaN,
        "Total Revenue": NaN,
        "Operating Revenue": NaN,
        "Occupancy And Equipment": NaN,
        "Professional Expense And Contract Services Expense": NaN,
        "Other Non Interest Expense": NaN
    },
    "2023-12-31": {
        "Tax Effect Of Unusual Items": NaN,
        "Tax Rate For Calcs": NaN,
        "Total Unusual Items": 0.0,
        "Total Unusual Items Excluding Goodwill": 0.0,
        "Net Income From Continuing Operation Net Minority Interest": NaN,
        "Reconciled Depreciation": NaN,
        "Net Interest Income": NaN,
        "Interest Expense": NaN,
        "Interest Income": NaN,
        "Normalized Income": NaN,
        "Net Income From Continuing And Discontinued Operation": NaN,
        "Diluted Average Shares": NaN,
        "Basic Average Shares": NaN,
        "Diluted EPS": NaN,
        "Basic EPS": NaN,
        "Diluted NI Availto Com Stockholders": NaN,
        "Net Income Common Stockholders": NaN,
        "Net Income": NaN,
        "Net Income Including Noncontrolling Interests": NaN,
        "Net Income Continuous Operations": NaN,
        "Tax Provision": NaN,
        "Pretax Income": NaN,
        "Special Income Charges": 0.0,
        "Restructuring And Mergern Acquisition": 0.0,
        "Gain On Sale Of Security": 0.0,
        "Depreciation Amortization Depletion Income Statement": NaN,
        "Depreciation And Amortization In Income Statement": NaN,
        "Amortization": NaN,
        "Amortization Of Intangibles Income Statement": NaN,
        "Selling General And Administration": NaN,
        "Selling And Marketing Expense": NaN,
        "General And Administrative Expense": NaN,
        "Insurance And Claims": NaN,
        "Salaries And Wages": NaN,
        "Total Revenue": NaN,
        "Operating Revenue": NaN,
        "Occupancy And Equipment": NaN,
        "Professional Expense And Contract Services Expense": NaN,
        "Other Non Interest Expense": NaN
    },
    "2024-03-31": {
        "Tax Effect Of Unusual Items": 0.0,
        "Tax Rate For Calcs": 0.219386,
        "Total Unusual Items": NaN,
        "Total Unusual Items Excluding Goodwill": NaN,
        "Net Income From Continuing Operation Net Minority Interest": 9358000.0,
        "Reconciled Depreciation": 3072000.0,
        "Net Interest Income": 31721000.0,
        "Interest Expense": 28062000.0,
        "Interest Income": 59783000.0,
        "Normalized Income": 9358000.0,
        "Net Income From Continuing And Discontinued Operation": 9358000.0,
        "Diluted Average Shares": 16925408.0,
        "Basic Average Shares": 16849735.0,
        "Diluted EPS": 0.55,
        "Basic EPS": 0.56,
        "Diluted NI Availto Com Stockholders": 9358000.0,
        "Net Income Common Stockholders": 9358000.0,
        "Net Income": 9358000.0,
        "Net Income Including Noncontrolling Interests": 9358000.0,
        "Net Income Continuous Operations": 9358000.0,
        "Tax Provision": 2630000.0,
        "Pretax Income": 11988000.0,
        "Special Income Charges": NaN,
        "Restructuring And Mergern Acquisition": NaN,
        "Gain On Sale Of Security": NaN,
        "Depreciation Amortization Depletion Income Statement": 612000.0,
        "Depreciation And Amortization In Income Statement": 612000.0,
        "Amortization": 612000.0,
        "Amortization Of Intangibles Income Statement": 612000.0,
        "Selling General And Administration": 17856000.0,
        "Selling And Marketing Expense": 302000.0,
        "General And Administrative Expense": 17554000.0,
        "Insurance And Claims": 915000.0,
        "Salaries And Wages": 16639000.0,
        "Total Revenue": 40101000.0,
        "Operating Revenue": 40101000.0,
        "Occupancy And Equipment": 3396000.0,
        "Professional Expense And Contract Services Expense": 924000.0,
        "Other Non Interest Expense": 5765000.0
    },
    "2024-06-30": {
        "Tax Effect Of Unusual Items": 0.0,
        "Tax Rate For Calcs": 0.225566,
        "Total Unusual Items": NaN,
        "Total Unusual Items Excluding Goodwill": NaN,
        "Net Income From Continuing Operation Net Minority Interest": 8003000.0,
        "Reconciled Depreciation": 2819000.0,
        "Net Interest Income": 32814000.0,
        "Interest Expense": 28471000.0,
        "Interest Income": 61285000.0,
        "Normalized Income": 8003000.0,
        "Net Income From Continuing And Discontinued Operation": 8003000.0,
        "Diluted Average Shares": NaN,
        "Basic Average Shares": NaN,
        "Diluted EPS": NaN,
        "Basic EPS": NaN,
        "Diluted NI Availto Com Stockholders": 8003000.0,
        "Net Income Common Stockholders": 8003000.0,
        "Net Income": 8003000.0,
        "Net Income Including Noncontrolling Interests": 8003000.0,
        "Net Income Continuous Operations": 8003000.0,
        "Tax Provision": 2331000.0,
        "Pretax Income": 10334000.0,
        "Special Income Charges": NaN,
        "Restructuring And Mergern Acquisition": NaN,
        "Gain On Sale Of Security": 0.0,
        "Depreciation Amortization Depletion Income Statement": 608000.0,
        "Depreciation And Amortization In Income Statement": 608000.0,
        "Amortization": 608000.0,
        "Amortization Of Intangibles Income Statement": 608000.0,
        "Selling General And Administration": 18381000.0,
        "Selling And Marketing Expense": 295000.0,
        "General And Administrative Expense": 18086000.0,
        "Insurance And Claims": 825000.0,
        "Salaries And Wages": 17261000.0,
        "Total Revenue": 40418000.0,
        "Operating Revenue": 40418000.0,
        "Occupancy And Equipment": 3324000.0,
        "Professional Expense And Contract Services Expense": 1064000.0,
        "Other Non Interest Expense": 5824000.0
    },
    "2024-09-30": {
        "Tax Effect Of Unusual Items": 0.0,
        "Tax Rate For Calcs": 0.149767,
        "Total Unusual Items": 0.0,
        "Total Unusual Items Excluding Goodwill": 0.0,
        "Net Income From Continuing Operation Net Minority Interest": 9140000.0,
        "Reconciled Depreciation": 2833000.0,
        "Net Interest Income": 35032000.0,
        "Interest Expense": 28924000.0,
        "Interest Income": 63956000.0,
        "Normalized Income": 9140000.0,
        "Net Income From Continuing And Discontinued Operation": 9140000.0,
        "Diluted Average Shares": 16839998.0,
        "Basic Average Shares": 16726658.0,
        "Diluted EPS": 0.54,
        "Basic EPS": 0.55,
        "Diluted NI Availto Com Stockholders": 9140000.0,
        "Net Income Common Stockholders": 9140000.0,
        "Net Income": 9140000.0,
        "Net Income Including Noncontrolling Interests": 9140000.0,
        "Net Income Continuous Operations": 9140000.0,
        "Tax Provision": 1610000.0,
        "Pretax Income": 10750000.0,
        "Special Income Charges": 0.0,
        "Restructuring And Mergern Acquisition": 0.0,
        "Gain On Sale Of Security": 0.0,
        "Depreciation Amortization Depletion Income Statement": 604000.0,
        "Depreciation And Amortization In Income Statement": 604000.0,
        "Amortization": 604000.0,
        "Amortization Of Intangibles Income Statement": 604000.0,
        "Selling General And Administration": 19600000.0,
        "Selling And Marketing Expense": 327000.0,
        "General And Administrative Expense": 19273000.0,
        "Insurance And Claims": 825000.0,
        "Salaries And Wages": 18448000.0,
        "Total Revenue": 44171000.0,
        "Operating Revenue": 44171000.0,
        "Occupancy And Equipment": 3423000.0,
        "Professional Expense And Contract Services Expense": 1201000.0,
        "Other Non Interest Expense": 6018000.0
    },
    "2024-12-31": {
        "Tax Effect Of Unusual Items": 0.0,
        "Tax Rate For Calcs": 0.221684,
        "Total Unusual Items": 0.0,
        "Total Unusual Items Excluding Goodwill": 0.0,
        "Net Income From Continuing Operation Net Minority Interest": 9641000.0,
        "Reconciled Depreciation": 2691000.0,
        "Net Interest Income": 37783000.0,
        "Interest Expense": 28313000.0,
        "Interest Income": 66096000.0,
        "Normalized Income": 9641000.0,
        "Net Income From Continuing And Discontinued Operation": 9641000.0,
        "Diluted Average Shares": 16863780.0,
        "Basic Average Shares": 16729509.0,
        "Diluted EPS": 0.57,
        "Basic EPS": 0.58,
        "Diluted NI Availto Com Stockholders": 9641000.0,
        "Net Income Common Stockholders": 9641000.0,
        "Net Income": 9641000.0,
        "Net Income Including Noncontrolling Interests": 9641000.0,
        "Net Income Continuous Operations": 9641000.0,
        "Tax Provision": 2746000.0,
        "Pretax Income": 12387000.0,
        "Special Income Charges": 0.0,
        "Restructuring And Mergern Acquisition": 0.0,
        "Gain On Sale Of Security": 64000.0,
        "Depreciation Amortization Depletion Income Statement": 601000.0,
        "Depreciation And Amortization In Income Statement": 601000.0,
        "Amortization": 601000.0,
        "Amortization Of Intangibles Income Statement": 601000.0,
        "Selling General And Administration": 20974000.0,
        "Selling And Marketing Expense": 397000.0,
        "General And Administrative Expense": 20577000.0,
        "Insurance And Claims": 825000.0,
        "Salaries And Wages": 19752000.0,
        "Total Revenue": 46813000.0,
        "Operating Revenue": 46813000.0,
        "Occupancy And Equipment": 3473000.0,
        "Professional Expense And Contract Services Expense": 1017000.0,
        "Other Non Interest Expense": 6226000.0
    },
    "2025-03-31": {
        "Tax Effect Of Unusual Items": 0.0,
        "Tax Rate For Calcs": 0.1701,
        "Total Unusual Items": NaN,
        "Total Unusual Items Excluding Goodwill": NaN,
        "Net Income From Continuing Operation Net Minority Interest": 11254000.0,
        "Reconciled Depreciation": 2737000.0,
        "Net Interest Income": 38238000.0,
        "Interest Expense": 28138000.0,
        "Interest Income": 66376000.0,
        "Normalized Income": 11254000.0,
        "Net Income From Continuing And Discontinued Operation": 11254000.0,
        "Diluted Average Shares": 16872097.0,
        "Basic Average Shares": 16767535.0,
        "Diluted EPS": 0.67,
        "Basic EPS": 0.67,
        "Diluted NI Availto Com Stockholders": 11254000.0,
        "Net Income Common Stockholders": 11254000.0,
        "Net Income": 11254000.0,
        "Net Income Including Noncontrolling Interests": 11254000.0,
        "Net Income Continuous Operations": 11254000.0,
        "Tax Provision": 2306000.0,
        "Pretax Income": 13560000.0,
        "Special Income Charges": NaN,
        "Restructuring And Mergern Acquisition": NaN,
        "Gain On Sale Of Security": NaN,
        "Depreciation Amortization Depletion Income Statement": 569000.0,
        "Depreciation And Amortization In Income Statement": 569000.0,
        "Amortization": 569000.0,
        "Amortization Of Intangibles Income Statement": 569000.0,
        "Selling General And Administration": 20576000.0,
        "Selling And Marketing Expense": 382000.0,
        "General And Administrative Expense": 20194000.0,
        "Insurance And Claims": 960000.0,
        "Salaries And Wages": 19234000.0,
        "Total Revenue": 46835000.0,
        "Operating Revenue": 46835000.0,
        "Occupancy And Equipment": 3397000.0,
        "Professional Expense And Contract Services Expense": 1368000.0,
        "Other Non Interest Expense": 6386000.0
    },
    "2025-06-30": {
        "Tax Effect Of Unusual Items": 0.0,
        "Tax Rate For Calcs": 0.17923,
        "Total Unusual Items": NaN,
        "Total Unusual Items Excluding Goodwill": NaN,
        "Net Income From Continuing Operation Net Minority Interest": 11705000.0,
        "Reconciled Depreciation": 2715000.0,
        "Net Interest Income": 40343000.0,
        "Interest Expense": 29110000.0,
        "Interest Income": 69453000.0,
        "Normalized Income": 11705000.0,
        "Net Income From Continuing And Discontinued Operation": 11705000.0,
        "Diluted Average Shares": 16878736.0,
        "Basic Average Shares": 16778988.0,
        "Diluted EPS": 0.69,
        "Basic EPS": 0.7,
        "Diluted NI Availto Com Stockholders": 11705000.0,
        "Net Income Common Stockholders": 11705000.0,
        "Net Income": 11705000.0,
        "Net Income Including Noncontrolling Interests": 11705000.0,
        "Net Income Continuous Operations": 11705000.0,
        "Tax Provision": 2556000.0,
        "Pretax Income": 14261000.0,
        "Special Income Charges": NaN,
        "Restructuring And Mergern Acquisition": NaN,
        "Gain On Sale Of Security": -4000.0,
        "Depreciation Amortization Depletion Income Statement": 566000.0,
        "Depreciation And Amortization In Income Statement": 566000.0,
        "Amortization": 566000.0,
        "Amortization Of Intangibles Income Statement": 566000.0,
        "Selling General And Administration": 20984000.0,
        "Selling And Marketing Expense": 390000.0,
        "General And Administrative Expense": 20594000.0,
        "Insurance And Claims": 992000.0,
        "Salaries And Wages": 19602000.0,
        "Total Revenue": 49241000.0,
        "Operating Revenue": 49241000.0,
        "Occupancy And Equipment": 3432000.0,
        "Professional Expense And Contract Services Expense": 1153000.0,
        "Other Non Interest Expense": 6434000.0
    },
    "2025-09-30": {
        "Tax Effect Of Unusual Items": NaN,
        "Tax Rate For Calcs": NaN,
        "Total Unusual Items": NaN,
        "Total Unusual Items Excluding Goodwill": NaN,
        "Net Income From Continuing Operation Net Minority Interest": NaN,
        "Reconciled Depreciation": NaN,
        "Net Interest Income": NaN,
        "Interest Expense": NaN,
        "Interest Income": NaN,
        "Normalized Income": NaN,
        "Net Income From Continuing And Discontinued Operation": NaN,
        "Diluted Average Shares": 16908920.0,
        "Basic Average Shares": 16781236.0,
        "Diluted EPS": 0.81,
        "Basic EPS": 0.82,
        "Diluted NI Availto Com Stockholders": NaN,
        "Net Income Common Stockholders": NaN,
        "Net Income": NaN,
        "Net Income Including Noncontrolling Interests": NaN,
        "Net Income Continuous Operations": NaN,
        "Tax Provision": NaN,
        "Pretax Income": NaN,
        "Special Income Charges": NaN,
        "Restructuring And Mergern Acquisition": NaN,
        "Gain On Sale Of Security": NaN,
        "Depreciation Amortization Depletion Income Statement": NaN,
        "Depreciation And Amortization In Income Statement": NaN,
        "Amortization": NaN,
        "Amortization Of Intangibles Income Statement": NaN,
        "Selling General And Administration": NaN,
        "Selling And Marketing Expense": NaN,
        "General And Administrative Expense": NaN,
        "Insurance And Claims": NaN,
        "Salaries And Wages": NaN,
        "Total Revenue": NaN,
        "Operating Revenue": NaN,
        "Occupancy And Equipment": NaN,
        "Professional Expense And Contract Services Expense": NaN,
        "Other Non Interest Expense": NaN
    }
}