{
    "2023-03-31": {
        "Tax Effect Of Unusual Items": 0.0,
        "Tax Rate For Calcs": 0.111,
        "Normalized EBITDA": 107740000.0,
        "Net Income From Continuing Operation Net Minority Interest": 85846000.0,
        "Reconciled Depreciation": 8736000.0,
        "Reconciled Cost Of Revenue": 1056937000.0,
        "EBITDA": 107740000.0,
        "EBIT": 99004000.0,
        "Net Interest Income": -1288000.0,
        "Interest Expense": 1288000.0,
        "Normalized Income": 85846000.0,
        "Net Income From Continuing And Discontinued Operation": 85846000.0,
        "Total Expenses": 1184214000.0,
        "Total Operating Income As Reported": 99082000.0,
        "Diluted Average Shares": NaN,
        "Basic Average Shares": NaN,
        "Diluted EPS": NaN,
        "Basic EPS": NaN,
        "Diluted NI Availto Com Stockholders": 85846000.0,
        "Average Dilution Earnings": 0.0,
        "Net Income Common Stockholders": 85846000.0,
        "Net Income": 85846000.0,
        "Net Income Including Noncontrolling Interests": 85846000.0,
        "Net Income Continuous Operations": 85846000.0,
        "Earnings From Equity Interest Net Of Tax": -1013000.0,
        "Tax Provision": 10857000.0,
        "Pretax Income": 97716000.0,
        "Other Income Expense": -78000.0,
        "Other Non Operating Income Expenses": -78000.0,
        "Net Non Operating Interest Income Expense": -1288000.0,
        "Interest Expense Non Operating": 1288000.0,
        "Operating Income": 99082000.0,
        "Operating Expense": 127277000.0,
        "Research And Development": 77515000.0,
        "Selling General And Administration": 49762000.0,
        "Selling And Marketing Expense": 25312000.0,
        "General And Administrative Expense": 24450000.0,
        "Other Gand A": 24450000.0,
        "Gross Profit": 226359000.0,
        "Cost Of Revenue": 1056937000.0,
        "Total Revenue": 1283296000.0,
        "Operating Revenue": 1283296000.0
    },
    "2022-12-31": {
        "Tax Effect Of Unusual Items": 0.0,
        "Tax Rate For Calcs": 0.143,
        "Normalized EBITDA": 217496000.0,
        "Net Income From Continuing Operation Net Minority Interest": 176167000.0,
        "Reconciled Depreciation": 8649000.0,
        "Reconciled Cost Of Revenue": 1465773000.0,
        "EBITDA": 217496000.0,
        "EBIT": 208847000.0,
        "Net Interest Income": -1756000.0,
        "Interest Expense": 1756000.0,
        "Normalized Income": 176167000.0,
        "Net Income From Continuing And Discontinued Operation": 176167000.0,
        "Total Expenses": 1588013000.0,
        "Total Operating Income As Reported": 215182000.0,
        "Diluted Average Shares": 56144000.0,
        "Basic Average Shares": 53160000.0,
        "Diluted EPS": 3.14,
        "Basic EPS": 3.31,
        "Diluted NI Availto Com Stockholders": 176167000.0,
        "Net Income Common Stockholders": 176167000.0,
        "Net Income": 176167000.0,
        "Net Income Including Noncontrolling Interests": 176167000.0,
        "Net Income Continuous Operations": 176167000.0,
        "Earnings From Equity Interest Net Of Tax": -1351000.0,
        "Tax Provision": 29573000.0,
        "Pretax Income": 207091000.0,
        "Other Income Expense": -6335000.0,
        "Other Non Operating Income Expenses": -6335000.0,
        "Net Non Operating Interest Income Expense": -1756000.0,
        "Interest Expense Non Operating": 1756000.0,
        "Operating Income": 215182000.0,
        "Operating Expense": 122240000.0,
        "Research And Development": 70700000.0,
        "Selling General And Administration": 51540000.0,
        "Selling And Marketing Expense": 28445000.0,
        "General And Administrative Expense": 23095000.0,
        "Other Gand A": 23095000.0,
        "Gross Profit": 337422000.0,
        "Cost Of Revenue": 1465773000.0,
        "Total Revenue": 1803195000.0,
        "Operating Revenue": 1803195000.0
    },
    "2022-09-30": {
        "Tax Effect Of Unusual Items": 0.0,
        "Tax Rate For Calcs": 0.173627,
        "Normalized EBITDA": 228177000.0,
        "Net Income From Continuing Operation Net Minority Interest": 184416000.0,
        "Reconciled Depreciation": 8547000.0,
        "Reconciled Cost Of Revenue": 1504595000.0,
        "EBITDA": 228177000.0,
        "EBIT": 228177000.0,
        "Net Interest Income": -3938000.0,
        "Interest Expense": 3938000.0,
        "Normalized Income": 184416000.0,
        "Net Income From Continuing And Discontinued Operation": 184416000.0,
        "Total Expenses": 1632007000.0,
        "Total Operating Income As Reported": 220123000.0,
        "Diluted Average Shares": 55017000.0,
        "Basic Average Shares": 52598000.0,
        "Diluted EPS": 3.35,
        "Basic EPS": 3.51,
        "Diluted NI Availto Com Stockholders": 184416000.0,
        "Net Income Common Stockholders": 184416000.0,
        "Net Income": 184416000.0,
        "Net Income Including Noncontrolling Interests": 184416000.0,
        "Net Income Continuous Operations": 184416000.0,
        "Earnings From Equity Interest Net Of Tax": -889000.0,
        "Tax Provision": 38934000.0,
        "Pretax Income": 224239000.0,
        "Other Income Expense": 8054000.0,
        "Other Non Operating Income Expenses": 8054000.0,
        "Net Non Operating Interest Income Expense": -3938000.0,
        "Interest Expense Non Operating": 3938000.0,
        "Operating Income": 220123000.0,
        "Operating Expense": 127412000.0,
        "Research And Development": 74243000.0,
        "Selling General And Administration": 53169000.0,
        "Selling And Marketing Expense": 29363000.0,
        "General And Administrative Expense": 23806000.0,
        "Other Gand A": 23806000.0,
        "Gross Profit": 347535000.0,
        "Cost Of Revenue": 1504595000.0,
        "Total Revenue": 1852130000.0,
        "Operating Revenue": 1852130000.0
    },
    "2022-06-30": {
        "Tax Effect Of Unusual Items": 0.0,
        "Tax Rate For Calcs": 0.15494,
        "Normalized EBITDA": 169186000.0,
        "Net Income From Continuing Operation Net Minority Interest": 140822000.0,
        "Reconciled Depreciation": 8422000.0,
        "Reconciled Cost Of Revenue": 1348116000.0,
        "EBITDA": 169186000.0,
        "EBIT": 169186000.0,
        "Net Interest Income": -2928000.0,
        "Interest Expense": 2928000.0,
        "Normalized Income": 140822000.0,
        "Net Income From Continuing And Discontinued Operation": 140822000.0,
        "Total Expenses": 1470247000.0,
        "Total Operating Income As Reported": 165213000.0,
        "Diluted Average Shares": 54257000.0,
        "Basic Average Shares": 52105000.0,
        "Diluted EPS": 2.6,
        "Basic EPS": 2.7,
        "Diluted NI Availto Com Stockholders": 140822000.0,
        "Net Income Common Stockholders": 140822000.0,
        "Net Income": 140822000.0,
        "Net Income Including Noncontrolling Interests": 140822000.0,
        "Net Income Continuous Operations": 140822000.0,
        "Earnings From Equity Interest Net Of Tax": 324000.0,
        "Tax Provision": 25760000.0,
        "Pretax Income": 166258000.0,
        "Other Income Expense": 3973000.0,
        "Other Non Operating Income Expenses": 3973000.0,
        "Net Non Operating Interest Income Expense": -2928000.0,
        "Interest Expense Non Operating": 2928000.0,
        "Operating Income": 165213000.0,
        "Operating Expense": 122131000.0,
        "Research And Development": 70790000.0,
        "Selling General And Administration": 51341000.0,
        "Selling And Marketing Expense": 24186000.0,
        "General And Administrative Expense": 27155000.0,
        "Other Gand A": 27155000.0,
        "Gross Profit": 287344000.0,
        "Cost Of Revenue": 1348116000.0,
        "Total Revenue": 1635460000.0,
        "Operating Revenue": 1635460000.0
    },
    "2022-03-31": {
        "Diluted EPS": 1.43,
        "Total Revenue": NaN,
        "Gross Profit": 211,
        "Operating Income": 90,
        "EBIT": 98,
        "Net Income": 77
    },
    "2021-12-31": {
        "Diluted EPS": 0.78,
        "Total Revenue": NaN,
        "Gross Profit": 164,
        "Operating Income": 51,
        "EBIT": 59,
        "Net Income": 42
    },
    "2021-09-30": {
        "Diluted EPS": 0.48,
        "Total Revenue": NaN,
        "Gross Profit": 138,
        "Operating Income": 29,
        "EBIT": 37,
        "Net Income": 25
    },
    "2021-06-30": {
        "Diluted EPS": 0.73,
        "Total Revenue": NaN,
        "Gross Profit": 146,
        "Operating Income": 39,
        "EBIT": 46,
        "Net Income": 39
    },
    "2021-03-31": {
        "Diluted EPS": 0.35,
        "Total Revenue": 896,
        "Gross Profit": 123,
        "Operating Income": 17,
        "EBIT": 24,
        "Net Income": 18
    },
    "2020-12-31": {
        "Diluted EPS": 0.52,
        "Total Revenue": 830,
        "Gross Profit": 136,
        "Operating Income": 37,
        "EBIT": 44,
        "Net Income": 28
    },
    "2020-09-30": {
        "Diluted EPS": 0.49,
        "Total Revenue": 762,
        "Gross Profit": 130,
        "Operating Income": 30,
        "EBIT": 38,
        "Net Income": 27
    },
    "2020-06-30": {
        "Diluted EPS": 0.34,
        "Total Revenue": 896,
        "Gross Profit": 124,
        "Operating Income": 9,
        "EBIT": 17,
        "Net Income": 18
    },
    "2020-03-31": {
        "Diluted EPS": 0.29,
        "Total Revenue": 772,
        "Gross Profit": 133,
        "Operating Income": 16,
        "EBIT": 23,
        "Net Income": 16
    },
    "2019-12-31": {
        "Diluted EPS": 0.46,
        "Total Revenue": 871,
        "Gross Profit": 138,
        "Operating Income": 28,
        "EBIT": 35,
        "Net Income": 24
    },
    "2019-09-30": {
        "Diluted EPS": 0.51,
        "Total Revenue": 800,
        "Gross Profit": 131,
        "Operating Income": 33,
        "EBIT": 40,
        "Net Income": 26
    },
    "2019-06-30": {
        "Diluted EPS": 0.45,
        "Total Revenue": 854,
        "Gross Profit": 132,
        "Operating Income": 30,
        "EBIT": 36,
        "Net Income": 24
    },
    "2019-03-31": {
        "Diluted EPS": 0.21,
        "Total Revenue": 743,
        "Gross Profit": 112,
        "Operating Income": 13,
        "EBIT": 19,
        "Net Income": 11
    },
    "2018-12-31": {
        "Diluted EPS": 0.36,
        "Total Revenue": 932,
        "Gross Profit": 128,
        "Operating Income": 26,
        "EBIT": 32,
        "Net Income": 18
    },
    "2018-09-30": {
        "Diluted EPS": 0.37,
        "Total Revenue": 971,
        "Gross Profit": 123,
        "Operating Income": 28,
        "EBIT": 34,
        "Net Income": 19
    },
    "2018-06-30": {
        "Diluted EPS": 0.51,
        "Total Revenue": 982,
        "Gross Profit": 132,
        "Operating Income": 42,
        "EBIT": 47,
        "Net Income": 26
    },
    "2018-03-31": {
        "Diluted EPS": 0.28,
        "Total Revenue": 835,
        "Gross Profit": 106,
        "Operating Income": 21,
        "EBIT": 27,
        "Net Income": 15
    },
    "2017-12-31": {
        "Diluted EPS": -0.02,
        "Total Revenue": 827,
        "Gross Profit": 106,
        "Operating Income": 23,
        "EBIT": 28,
        "Net Income": -1
    },
    "2017-09-30": {
        "Diluted EPS": 0.12,
        "Total Revenue": 717,
        "Gross Profit": 86,
        "Operating Income": 9,
        "EBIT": 14,
        "Net Income": 6
    },
    "2017-06-30": {
        "Diluted EPS": 0.25,
        "Total Revenue": 678,
        "Gross Profit": 86,
        "Operating Income": 17,
        "EBIT": 22,
        "Net Income": 13
    },
    "2017-03-31": {
        "Diluted EPS": 0.3,
        "Total Revenue": 615,
        "Gross Profit": 85,
        "Operating Income": 22,
        "EBIT": 26,
        "Net Income": 15
    },
    "2016-12-31": {
        "Diluted EPS": 0.44,
        "Total Revenue": 663,
        "Gross Profit": 96,
        "Operating Income": 34,
        "EBIT": 37,
        "Net Income": 23
    },
    "2016-09-30": {
        "Diluted EPS": 0.3,
        "Total Revenue": 529,
        "Gross Profit": 83,
        "Operating Income": 22,
        "EBIT": 26,
        "Net Income": 15
    },
    "2016-06-30": {
        "Diluted EPS": 0.1,
        "Total Revenue": 531,
        "Gross Profit": 71,
        "Operating Income": 11,
        "EBIT": 15,
        "Net Income": 5
    },
    "2016-03-31": {
        "Diluted EPS": 0.31,
        "Total Revenue": 513,
        "Gross Profit": 79,
        "Operating Income": 24,
        "EBIT": 27,
        "Net Income": 16
    },
    "2015-12-31": {
        "Diluted EPS": 0.64,
        "Total Revenue": 641,
        "Gross Profit": 103,
        "Operating Income": 48,
        "EBIT": 51,
        "Net Income": 33
    },
    "2015-09-30": {
        "Diluted EPS": 0.34,
        "Total Revenue": 539,
        "Gross Profit": 77,
        "Operating Income": 25,
        "EBIT": 28,
        "Net Income": 17
    },
    "2015-06-30": {
        "Diluted EPS": 0.38,
        "Total Revenue": 537,
        "Gross Profit": 76,
        "Operating Income": 27,
        "EBIT": 29,
        "Net Income": 17
    },
    "2015-03-31": {
        "Diluted EPS": 0.44,
        "Total Revenue": 471,
        "Gross Profit": 77,
        "Operating Income": 31,
        "EBIT": 34,
        "Net Income": 23
    },
    "2014-12-31": {
        "Diluted EPS": 0.61,
        "Total Revenue": 503,
        "Gross Profit": 84,
        "Operating Income": 43,
        "EBIT": 45,
        "Net Income": 31
    },
    "2014-09-30": {
        "Diluted EPS": 0.42,
        "Total Revenue": 443,
        "Gross Profit": 69,
        "Operating Income": 32,
        "EBIT": 33,
        "Net Income": 21
    },
    "2014-06-30": {
        "Diluted EPS": 0.34,
        "Total Revenue": 428,
        "Gross Profit": 66,
        "Operating Income": 27,
        "EBIT": 28,
        "Net Income": 17
    },
    "2014-03-31": {
        "Diluted EPS": 0.35,
        "Total Revenue": 374,
        "Gross Profit": 57,
        "Operating Income": 21,
        "EBIT": 23,
        "Net Income": 17
    },
    "2013-12-31": {
        "Diluted EPS": 0.3,
        "Total Revenue": 356,
        "Gross Profit": 55,
        "Operating Income": 20,
        "EBIT": 22,
        "Net Income": 13
    },
    "2013-09-30": {
        "Diluted EPS": 0.17,
        "Total Revenue": 309,
        "Gross Profit": 47,
        "Operating Income": 12,
        "EBIT": 13,
        "Net Income": 8
    },
    "2013-06-30": {
        "Diluted EPS": 0.19,
        "Total Revenue": 322,
        "Gross Profit": 46,
        "Operating Income": 12,
        "EBIT": 14,
        "Net Income": 8
    },
    "2013-03-31": {
        "Diluted EPS": 0.16,
        "Total Revenue": 278,
        "Gross Profit": 39,
        "Operating Income": 5,
        "EBIT": 7,
        "Net Income": 7
    },
    "2012-12-31": {
        "Diluted EPS": 0.11,
        "Total Revenue": 291,
        "Gross Profit": 40,
        "Operating Income": 8,
        "EBIT": 10,
        "Net Income": 5
    },
    "2012-09-30": {
        "Diluted EPS": 0.02,
        "Total Revenue": 271,
        "Gross Profit": 35,
        "Operating Income": 2,
        "EBIT": 4,
        "Net Income": 1
    },
    "2012-06-30": {
        "Diluted EPS": 0.12,
        "Total Revenue": 276,
        "Gross Profit": 42,
        "Operating Income": 9,
        "EBIT": 11,
        "Net Income": 5
    },
    "2012-03-31": {
        "Diluted EPS": 0.16,
        "Total Revenue": 240,
        "Gross Profit": 41,
        "Operating Income": 10,
        "EBIT": 12,
        "Net Income": 7
    },
    "2011-12-31": {
        "Diluted EPS": 0.2,
        "Total Revenue": 250,
        "Gross Profit": 43,
        "Operating Income": 14,
        "EBIT": 15,
        "Net Income": 9
    },
    "2011-09-30": {
        "Diluted EPS": 0.19,
        "Total Revenue": 248,
        "Gross Profit": 40,
        "Operating Income": 14,
        "EBIT": 15,
        "Net Income": 8
    },
    "2011-06-30": {
        "Diluted EPS": 0.24,
        "Total Revenue": 260,
        "Gross Profit": 40,
        "Operating Income": 15,
        "EBIT": 16,
        "Net Income": 10
    },
    "2011-03-31": {
        "Diluted EPS": 0.25,
        "Total Revenue": 234,
        "Gross Profit": 38,
        "Operating Income": 15,
        "EBIT": 17,
        "Net Income": 11
    },
    "2010-12-31": {
        "Diluted EPS": 0.27,
        "Total Revenue": 241,
        "Gross Profit": 40,
        "Operating Income": 17,
        "EBIT": 18,
        "Net Income": 12
    },
    "2010-09-30": {
        "Diluted EPS": 0.17,
        "Total Revenue": 207,
        "Gross Profit": 33,
        "Operating Income": 12,
        "EBIT": 13,
        "Net Income": 7
    },
    "2010-06-30": {
        "Diluted EPS": 0.18,
        "Total Revenue": 202,
        "Gross Profit": 31,
        "Operating Income": 11,
        "EBIT": 13,
        "Net Income": 7
    },
    "2010-03-31": {
        "Diluted EPS": 0.18,
        "Total Revenue": 189,
        "Gross Profit": 29,
        "Operating Income": 11,
        "EBIT": 12,
        "Net Income": 8
    },
    "2009-12-31": {
        "Diluted EPS": 0.19,
        "Total Revenue": 182,
        "Gross Profit": 30,
        "Operating Income": 12,
        "EBIT": 13,
        "Net Income": 8
    },
    "2009-09-30": {
        "Diluted EPS": 0.1,
        "Total Revenue": 149,
        "Gross Profit": 25,
        "Operating Income": 6,
        "EBIT": 8,
        "Net Income": 4
    },
    "2009-06-30": {
        "Diluted EPS": 0.06,
        "Total Revenue": 123,
        "Gross Profit": 20,
        "Operating Income": 4,
        "EBIT": 5,
        "Net Income": 2
    },
    "2009-03-31": {
        "Diluted EPS": 0.03,
        "Total Revenue": 110,
        "Gross Profit": 16,
        "Operating Income": 0,
        "EBIT": 1,
        "Net Income": 1
    },
    "2023-06-30": {
        "Tax Effect Of Unusual Items": 0.0,
        "Tax Rate For Calcs": 0.138965,
        "Normalized EBITDA": 237732000.0,
        "Net Income From Continuing Operation Net Minority Interest": 193569000.0,
        "Reconciled Depreciation": 8972000.0,
        "Reconciled Cost Of Revenue": 1813165000.0,
        "EBITDA": 237732000.0,
        "EBIT": 228760000.0,
        "Net Interest Income": -3509000.0,
        "Interest Expense": 3509000.0,
        "Normalized Income": 193569000.0,
        "Net Income From Continuing And Discontinued Operation": 193569000.0,
        "Total Expenses": 1958106000.0,
        "Total Operating Income As Reported": 226755000.0,
        "Diluted Average Shares": 565050000.0,
        "Basic Average Shares": 526790000.0,
        "Diluted EPS": 0.343,
        "Basic EPS": 0.367,
        "Diluted NI Availto Com Stockholders": 193569000.0,
        "Average Dilution Earnings": NaN,
        "Net Income Common Stockholders": 193569000.0,
        "Net Income": 193569000.0,
        "Net Income Including Noncontrolling Interests": 193569000.0,
        "Net Income Continuous Operations": 193569000.0,
        "Earnings From Equity Interest Net Of Tax": -380000.0,
        "Tax Provision": 31302000.0,
        "Pretax Income": 225251000.0,
        "Other Income Expense": 2005000.0,
        "Other Non Operating Income Expenses": 2005000.0,
        "Net Non Operating Interest Income Expense": -3509000.0,
        "Interest Expense Non Operating": 3509000.0,
        "Operating Income": 226755000.0,
        "Operating Expense": 144941000.0,
        "Research And Development": 84802000.0,
        "Selling General And Administration": 60139000.0,
        "Selling And Marketing Expense": 31905000.0,
        "General And Administrative Expense": 28234000.0,
        "Other Gand A": 28234000.0,
        "Gross Profit": 371696000.0,
        "Cost Of Revenue": 1813165000.0,
        "Total Revenue": 2184861000.0,
        "Operating Revenue": 2184861000.0
    },
    "2023-09-30": {
        "Tax Effect Of Unusual Items": 0.0,
        "Tax Rate For Calcs": 0.114,
        "Normalized EBITDA": 188278000.0,
        "Net Income From Continuing Operation Net Minority Interest": 156995000.0,
        "Reconciled Depreciation": 9155000.0,
        "Reconciled Cost Of Revenue": 1765981000.0,
        "EBITDA": 188278000.0,
        "EBIT": 179123000.0,
        "Net Interest Income": -1863000.0,
        "Interest Expense": 1863000.0,
        "Normalized Income": 156995000.0,
        "Net Income From Continuing And Discontinued Operation": 156995000.0,
        "Total Expenses": 1947162000.0,
        "Total Operating Income As Reported": 172510000.0,
        "Diluted Average Shares": 571850000.0,
        "Basic Average Shares": 530930000.0,
        "Diluted EPS": 0.275,
        "Basic EPS": 0.296,
        "Diluted NI Availto Com Stockholders": 156995000.0,
        "Average Dilution Earnings": NaN,
        "Net Income Common Stockholders": 156995000.0,
        "Net Income": 156995000.0,
        "Net Income Including Noncontrolling Interests": 156995000.0,
        "Net Income Continuous Operations": 156995000.0,
        "Earnings From Equity Interest Net Of Tax": -50000.0,
        "Tax Provision": 20215000.0,
        "Pretax Income": 177260000.0,
        "Other Income Expense": 6613000.0,
        "Other Non Operating Income Expenses": 6613000.0,
        "Net Non Operating Interest Income Expense": -1863000.0,
        "Interest Expense Non Operating": 1863000.0,
        "Operating Income": 172510000.0,
        "Operating Expense": 181181000.0,
        "Research And Development": 111027000.0,
        "Selling General And Administration": 70154000.0,
        "Selling And Marketing Expense": 37230000.0,
        "General And Administrative Expense": 32924000.0,
        "Other Gand A": 32924000.0,
        "Gross Profit": 353691000.0,
        "Cost Of Revenue": 1765981000.0,
        "Total Revenue": 2119672000.0,
        "Operating Revenue": 2119672000.0
    },
    "2023-12-31": {
        "Tax Effect Of Unusual Items": 0.0,
        "Tax Rate For Calcs": 0.173,
        "Normalized EBITDA": 373198000.0,
        "Net Income From Continuing Operation Net Minority Interest": 295968000.0,
        "Reconciled Depreciation": 9620000.0,
        "Reconciled Cost Of Revenue": 3100602000.0,
        "EBITDA": 373198000.0,
        "EBIT": 363578000.0,
        "Net Interest Income": -8131000.0,
        "Interest Expense": 8131000.0,
        "Normalized Income": 295968000.0,
        "Net Income From Continuing And Discontinued Operation": 295968000.0,
        "Total Expenses": 3293460000.0,
        "Total Operating Income As Reported": 371464000.0,
        "Diluted Average Shares": 580780000.0,
        "Basic Average Shares": 541350000.0,
        "Diluted EPS": 0.51,
        "Basic EPS": 0.547,
        "Diluted NI Availto Com Stockholders": 295968000.0,
        "Average Dilution Earnings": NaN,
        "Net Income Common Stockholders": 295968000.0,
        "Net Income": 295968000.0,
        "Net Income Including Noncontrolling Interests": 295968000.0,
        "Net Income Continuous Operations": 295968000.0,
        "Earnings From Equity Interest Net Of Tax": 2024000.0,
        "Tax Provision": 61503000.0,
        "Pretax Income": 355447000.0,
        "Other Income Expense": -7886000.0,
        "Other Non Operating Income Expenses": -7886000.0,
        "Net Non Operating Interest Income Expense": -8131000.0,
        "Interest Expense Non Operating": 8131000.0,
        "Operating Income": 371464000.0,
        "Operating Expense": 192858000.0,
        "Research And Development": 108824000.0,
        "Selling General And Administration": 84034000.0,
        "Selling And Marketing Expense": 46854000.0,
        "General And Administrative Expense": 37180000.0,
        "Other Gand A": 37180000.0,
        "Gross Profit": 564322000.0,
        "Cost Of Revenue": 3100602000.0,
        "Total Revenue": 3664924000.0,
        "Operating Revenue": 3664924000.0
    },
    "2024-03-31": {
        "Tax Effect Of Unusual Items": 0.0,
        "Tax Rate For Calcs": 0.21,
        "Normalized EBITDA": 398748000.0,
        "Net Income From Continuing Operation Net Minority Interest": 402459000.0,
        "Reconciled Depreciation": 10399000.0,
        "Reconciled Cost Of Revenue": 3252698000.0,
        "EBITDA": 398748000.0,
        "EBIT": 388349000.0,
        "Net Interest Income": -6246000.0,
        "Interest Expense": 6246000.0,
        "Normalized Income": 402459000.0,
        "Net Income From Continuing And Discontinued Operation": 402459000.0,
        "Total Expenses": 3471752000.0,
        "Total Operating Income As Reported": 378314000.0,
        "Diluted Average Shares": 614310000.0,
        "Basic Average Shares": 564780000.0,
        "Diluted EPS": 0.656,
        "Basic EPS": 0.713,
        "Diluted NI Availto Com Stockholders": 402844000.0,
        "Average Dilution Earnings": 385000.0,
        "Net Income Common Stockholders": 402459000.0,
        "Net Income": 402459000.0,
        "Net Income Including Noncontrolling Interests": 402459000.0,
        "Net Income Continuous Operations": 402459000.0,
        "Earnings From Equity Interest Net Of Tax": 373000.0,
        "Tax Provision": -19983000.0,
        "Pretax Income": 382103000.0,
        "Other Income Expense": 10035000.0,
        "Other Non Operating Income Expenses": 10035000.0,
        "Net Non Operating Interest Income Expense": -6246000.0,
        "Interest Expense Non Operating": 6246000.0,
        "Operating Income": 378314000.0,
        "Operating Expense": 219054000.0,
        "Research And Development": 116226000.0,
        "Selling General And Administration": 102828000.0,
        "Selling And Marketing Expense": 49691000.0,
        "General And Administrative Expense": 53137000.0,
        "Other Gand A": 53137000.0,
        "Gross Profit": 597368000.0,
        "Cost Of Revenue": 3252698000.0,
        "Total Revenue": 3850066000.0,
        "Operating Revenue": 3850066000.0
    },
    "2024-06-30": {
        "Tax Effect Of Unusual Items": NaN,
        "Tax Rate For Calcs": NaN,
        "Normalized EBITDA": NaN,
        "Net Income From Continuing Operation Net Minority Interest": NaN,
        "Reconciled Depreciation": NaN,
        "Reconciled Cost Of Revenue": NaN,
        "EBITDA": NaN,
        "EBIT": NaN,
        "Net Interest Income": NaN,
        "Interest Expense": NaN,
        "Normalized Income": NaN,
        "Net Income From Continuing And Discontinued Operation": NaN,
        "Total Expenses": NaN,
        "Total Operating Income As Reported": NaN,
        "Diluted Average Shares": 642080000.0,
        "Basic Average Shares": 586880000.0,
        "Diluted EPS": 0.551,
        "Basic EPS": 0.601,
        "Diluted NI Availto Com Stockholders": NaN,
        "Average Dilution Earnings": NaN,
        "Net Income Common Stockholders": NaN,
        "Net Income": NaN,
        "Net Income Including Noncontrolling Interests": NaN,
        "Net Income Continuous Operations": NaN,
        "Earnings From Equity Interest Net Of Tax": NaN,
        "Tax Provision": NaN,
        "Pretax Income": NaN,
        "Other Income Expense": NaN,
        "Other Non Operating Income Expenses": NaN,
        "Net Non Operating Interest Income Expense": NaN,
        "Interest Expense Non Operating": NaN,
        "Operating Income": NaN,
        "Operating Expense": NaN,
        "Research And Development": NaN,
        "Selling General And Administration": NaN,
        "Selling And Marketing Expense": NaN,
        "General And Administrative Expense": NaN,
        "Other Gand A": NaN,
        "Gross Profit": NaN,
        "Cost Of Revenue": NaN,
        "Total Revenue": NaN,
        "Operating Revenue": NaN
    }
}