{
    "2023-03-31": {
        "Tax Effect Of Unusual Items": NaN,
        "Tax Rate For Calcs": NaN,
        "Normalized EBITDA": NaN,
        "Total Unusual Items": NaN,
        "Total Unusual Items Excluding Goodwill": NaN,
        "Net Income From Continuing Operation Net Minority Interest": NaN,
        "Reconciled Depreciation": NaN,
        "Reconciled Cost Of Revenue": NaN,
        "EBITDA": NaN,
        "EBIT": NaN,
        "Net Interest Income": NaN,
        "Interest Expense": NaN,
        "Interest Income": NaN,
        "Normalized Income": NaN,
        "Net Income From Continuing And Discontinued Operation": NaN,
        "Total Expenses": NaN,
        "Rent Expense Supplemental": NaN,
        "Total Operating Income As Reported": NaN,
        "Diluted Average Shares": 26822391.0,
        "Basic Average Shares": 26822391.0,
        "Diluted EPS": -0.36,
        "Basic EPS": -0.36,
        "Diluted NI Availto Com Stockholders": NaN,
        "Net Income Common Stockholders": NaN,
        "Net Income": NaN,
        "Minority Interests": NaN,
        "Net Income Including Noncontrolling Interests": NaN,
        "Net Income Continuous Operations": NaN,
        "Earnings From Equity Interest Net Of Tax": NaN,
        "Tax Provision": NaN,
        "Pretax Income": NaN,
        "Other Income Expense": NaN,
        "Other Non Operating Income Expenses": NaN,
        "Special Income Charges": NaN,
        "Gain On Sale Of Ppe": NaN,
        "Other Special Charges": NaN,
        "Gain On Sale Of Security": NaN,
        "Net Non Operating Interest Income Expense": NaN,
        "Interest Expense Non Operating": NaN,
        "Interest Income Non Operating": NaN,
        "Operating Income": NaN,
        "Operating Expense": NaN,
        "Selling General And Administration": NaN,
        "General And Administrative Expense": NaN,
        "Other Gand A": NaN,
        "Gross Profit": NaN,
        "Cost Of Revenue": NaN,
        "Total Revenue": NaN,
        "Operating Revenue": NaN
    },
    "2022-12-31": {
        "Tax Effect Of Unusual Items": NaN,
        "Tax Rate For Calcs": NaN,
        "Normalized EBITDA": NaN,
        "Total Unusual Items": NaN,
        "Total Unusual Items Excluding Goodwill": NaN,
        "Net Income From Continuing Operation Net Minority Interest": NaN,
        "Reconciled Depreciation": NaN,
        "Reconciled Cost Of Revenue": NaN,
        "EBITDA": NaN,
        "EBIT": NaN,
        "Net Interest Income": NaN,
        "Interest Expense": NaN,
        "Interest Income": NaN,
        "Normalized Income": NaN,
        "Net Income From Continuing And Discontinued Operation": NaN,
        "Total Expenses": NaN,
        "Rent Expense Supplemental": NaN,
        "Total Operating Income As Reported": NaN,
        "Diluted Average Shares": NaN,
        "Basic Average Shares": NaN,
        "Diluted EPS": NaN,
        "Basic EPS": NaN,
        "Diluted NI Availto Com Stockholders": NaN,
        "Net Income Common Stockholders": NaN,
        "Net Income": NaN,
        "Minority Interests": 0.0,
        "Net Income Including Noncontrolling Interests": NaN,
        "Net Income Discontinuous Operations": 0.0,
        "Net Income Continuous Operations": NaN,
        "Earnings From Equity Interest Net Of Tax": NaN,
        "Tax Provision": NaN,
        "Pretax Income": NaN,
        "Other Income Expense": NaN,
        "Other Non Operating Income Expenses": NaN,
        "Special Income Charges": NaN,
        "Gain On Sale Of Ppe": NaN,
        "Other Special Charges": NaN,
        "Earnings From Equity Interest": 137000.0,
        "Gain On Sale Of Security": NaN,
        "Net Non Operating Interest Income Expense": NaN,
        "Interest Expense Non Operating": NaN,
        "Interest Income Non Operating": NaN,
        "Operating Income": NaN,
        "Operating Expense": NaN,
        "Selling General And Administration": NaN,
        "General And Administrative Expense": NaN,
        "Other Gand A": NaN,
        "Gross Profit": NaN,
        "Cost Of Revenue": NaN,
        "Total Revenue": NaN,
        "Operating Revenue": NaN
    },
    "2022-09-30": {
        "Tax Effect Of Unusual Items": NaN,
        "Tax Rate For Calcs": NaN,
        "Normalized EBITDA": NaN,
        "Total Unusual Items": NaN,
        "Total Unusual Items Excluding Goodwill": NaN,
        "Net Income From Continuing Operation Net Minority Interest": NaN,
        "Reconciled Depreciation": NaN,
        "Reconciled Cost Of Revenue": NaN,
        "EBITDA": NaN,
        "EBIT": NaN,
        "Net Interest Income": NaN,
        "Interest Expense": NaN,
        "Interest Income": NaN,
        "Normalized Income": NaN,
        "Net Income From Continuing And Discontinued Operation": NaN,
        "Total Expenses": NaN,
        "Rent Expense Supplemental": NaN,
        "Total Operating Income As Reported": NaN,
        "Diluted Average Shares": NaN,
        "Basic Average Shares": NaN,
        "Diluted EPS": NaN,
        "Basic EPS": NaN,
        "Diluted NI Availto Com Stockholders": NaN,
        "Net Income Common Stockholders": NaN,
        "Net Income": NaN,
        "Minority Interests": 2000.0,
        "Net Income Including Noncontrolling Interests": NaN,
        "Net Income Discontinuous Operations": 0.0,
        "Net Income Continuous Operations": NaN,
        "Earnings From Equity Interest Net Of Tax": NaN,
        "Tax Provision": NaN,
        "Pretax Income": NaN,
        "Other Income Expense": NaN,
        "Other Non Operating Income Expenses": 659000.0,
        "Special Income Charges": NaN,
        "Gain On Sale Of Ppe": NaN,
        "Other Special Charges": NaN,
        "Earnings From Equity Interest": 659000.0,
        "Gain On Sale Of Security": NaN,
        "Net Non Operating Interest Income Expense": NaN,
        "Interest Expense Non Operating": NaN,
        "Interest Income Non Operating": NaN,
        "Operating Income": NaN,
        "Operating Expense": NaN,
        "Selling General And Administration": NaN,
        "General And Administrative Expense": NaN,
        "Other Gand A": NaN,
        "Gross Profit": NaN,
        "Cost Of Revenue": NaN,
        "Total Revenue": NaN,
        "Operating Revenue": NaN
    },
    "2022-06-30": {
        "Tax Effect Of Unusual Items": 94800.718133,
        "Tax Rate For Calcs": 0.077199,
        "Normalized EBITDA": -1197000.0,
        "Total Unusual Items": 1228000.0,
        "Total Unusual Items Excluding Goodwill": 1228000.0,
        "Net Income From Continuing Operation Net Minority Interest": -19120000.0,
        "Reconciled Depreciation": 14208000.0,
        "Reconciled Cost Of Revenue": 59361000.0,
        "EBITDA": 31000.0,
        "EBIT": -14177000.0,
        "Net Interest Income": -6799000.0,
        "Interest Expense": 6989000.0,
        "Interest Income": 190000.0,
        "Normalized Income": -20253199.281867,
        "Net Income From Continuing And Discontinued Operation": -19120000.0,
        "Total Expenses": 69571000.0,
        "Rent Expense Supplemental": 1008000.0,
        "Total Operating Income As Reported": -15529000.0,
        "Diluted Average Shares": 26664745.0,
        "Basic Average Shares": 26664745.0,
        "Diluted EPS": -0.72,
        "Basic EPS": -0.72,
        "Diluted NI Availto Com Stockholders": -19120000.0,
        "Net Income Common Stockholders": -19120000.0,
        "Net Income": -19120000.0,
        "Minority Interests": -3000.0,
        "Net Income Including Noncontrolling Interests": -19117000.0,
        "Net Income Discontinuous Operations": 0.0,
        "Net Income Continuous Operations": -19117000.0,
        "Earnings From Equity Interest Net Of Tax": 415000.0,
        "Tax Provision": -1634000.0,
        "Pretax Income": -21166000.0,
        "Other Income Expense": 1187000.0,
        "Other Non Operating Income Expenses": -41000.0,
        "Special Income Charges": 25000.0,
        "Gain On Sale Of Ppe": 25000.0,
        "Other Special Charges": NaN,
        "Earnings From Equity Interest": NaN,
        "Gain On Sale Of Security": 1203000.0,
        "Net Non Operating Interest Income Expense": -6799000.0,
        "Interest Expense Non Operating": 6989000.0,
        "Interest Income Non Operating": 190000.0,
        "Operating Income": -15554000.0,
        "Operating Expense": 10210000.0,
        "Selling General And Administration": 10210000.0,
        "General And Administrative Expense": 10210000.0,
        "Other Gand A": 10210000.0,
        "Gross Profit": -5344000.0,
        "Cost Of Revenue": 59361000.0,
        "Total Revenue": 54017000.0,
        "Operating Revenue": 54017000.0
    },
    "2023-06-30": {
        "Tax Effect Of Unusual Items": NaN,
        "Tax Rate For Calcs": NaN,
        "Normalized EBITDA": NaN,
        "Total Unusual Items": NaN,
        "Total Unusual Items Excluding Goodwill": NaN,
        "Net Income From Continuing Operation Net Minority Interest": NaN,
        "Reconciled Depreciation": NaN,
        "Reconciled Cost Of Revenue": NaN,
        "EBITDA": NaN,
        "EBIT": NaN,
        "Net Interest Income": NaN,
        "Interest Expense": NaN,
        "Interest Income": NaN,
        "Normalized Income": NaN,
        "Net Income From Continuing And Discontinued Operation": NaN,
        "Total Expenses": NaN,
        "Rent Expense Supplemental": NaN,
        "Total Operating Income As Reported": NaN,
        "Diluted Average Shares": NaN,
        "Basic Average Shares": NaN,
        "Diluted EPS": NaN,
        "Basic EPS": NaN,
        "Diluted NI Availto Com Stockholders": NaN,
        "Net Income Common Stockholders": NaN,
        "Net Income": NaN,
        "Minority Interests": 0.0,
        "Net Income Including Noncontrolling Interests": NaN,
        "Net Income Continuous Operations": NaN,
        "Earnings From Equity Interest Net Of Tax": NaN,
        "Tax Provision": NaN,
        "Pretax Income": NaN,
        "Other Income Expense": NaN,
        "Other Non Operating Income Expenses": NaN,
        "Special Income Charges": NaN,
        "Gain On Sale Of Ppe": NaN,
        "Other Special Charges": NaN,
        "Gain On Sale Of Security": NaN,
        "Net Non Operating Interest Income Expense": NaN,
        "Interest Expense Non Operating": NaN,
        "Interest Income Non Operating": NaN,
        "Operating Income": NaN,
        "Operating Expense": NaN,
        "Selling General And Administration": NaN,
        "General And Administrative Expense": NaN,
        "Other Gand A": NaN,
        "Gross Profit": NaN,
        "Cost Of Revenue": NaN,
        "Total Revenue": NaN,
        "Operating Revenue": NaN
    },
    "2022-03-31": {
        "Diluted EPS": -0.56,
        "Total Revenue": 46,
        "Gross Profit": 6,
        "Operating Income": -17,
        "EBIT": -1,
        "Net Income": -15
    },
    "2021-12-31": {
        "Diluted EPS": -0.5,
        "Total Revenue": 48,
        "Gross Profit": 13,
        "Operating Income": -15,
        "EBIT": 2,
        "Net Income": -16
    },
    "2021-09-30": {
        "Diluted EPS": -0.23,
        "Total Revenue": 44,
        "Gross Profit": 10,
        "Operating Income": -14,
        "EBIT": 2,
        "Net Income": -6
    },
    "2021-06-30": {
        "Diluted EPS": 1.79,
        "Total Revenue": 43,
        "Gross Profit": 10,
        "Operating Income": 8,
        "EBIT": 25,
        "Net Income": 49
    },
    "2021-03-31": {
        "Diluted EPS": 0.24,
        "Total Revenue": 37,
        "Gross Profit": 10,
        "Operating Income": -17,
        "EBIT": 0,
        "Net Income": 6
    },
    "2020-12-31": {
        "Diluted EPS": -1.56,
        "Total Revenue": 36,
        "Gross Profit": 10,
        "Operating Income": -17,
        "EBIT": 1,
        "Net Income": -39
    },
    "2020-09-30": {
        "Diluted EPS": -0.72,
        "Total Revenue": 36,
        "Gross Profit": 12,
        "Operating Income": -13,
        "EBIT": 1,
        "Net Income": -18
    },
    "2020-06-30": {
        "Diluted EPS": -0.24,
        "Total Revenue": 34,
        "Gross Profit": 14,
        "Operating Income": -18,
        "EBIT": 0,
        "Net Income": -6
    },
    "2020-03-31": {
        "Diluted EPS": -0.66,
        "Total Revenue": 36,
        "Gross Profit": 15,
        "Operating Income": -24,
        "EBIT": -8,
        "Net Income": -16
    },
    "2019-12-31": {
        "Diluted EPS": -0.85,
        "Total Revenue": 22,
        "Gross Profit": 10,
        "Operating Income": -12,
        "EBIT": -5,
        "Net Income": -20
    },
    "2019-09-30": {
        "Diluted EPS": -0.78,
        "Total Revenue": 55,
        "Gross Profit": 27,
        "Operating Income": -3,
        "EBIT": 16,
        "Net Income": -18
    },
    "2019-06-30": {
        "Diluted EPS": -1.21,
        "Total Revenue": 53,
        "Gross Profit": 17,
        "Operating Income": -18,
        "EBIT": 1,
        "Net Income": -28
    },
    "2019-03-31": {
        "Diluted EPS": -1.11,
        "Total Revenue": 45,
        "Gross Profit": 10,
        "Operating Income": -21,
        "EBIT": -2,
        "Net Income": -26
    },
    "2018-12-31": {
        "Diluted EPS": -0.16,
        "Total Revenue": 9,
        "Gross Profit": 12,
        "Operating Income": -10,
        "EBIT": 4,
        "Net Income": -8
    },
    "2018-09-30": {
        "Diluted EPS": -0.71,
        "Total Revenue": 58,
        "Gross Profit": 20,
        "Operating Income": -13,
        "EBIT": -2,
        "Net Income": -16
    },
    "2018-06-30": {
        "Diluted EPS": -1.19,
        "Total Revenue": 61,
        "Gross Profit": 15,
        "Operating Income": -21,
        "EBIT": -2,
        "Net Income": -25
    },
    "2018-03-31": {
        "Diluted EPS": -1.64,
        "Total Revenue": 52,
        "Gross Profit": 13,
        "Operating Income": -24,
        "EBIT": -5,
        "Net Income": -29
    },
    "2017-12-31": {
        "Diluted EPS": 1.73,
        "Total Revenue": -1,
        "Gross Profit": 13,
        "Operating Income": -37,
        "EBIT": -20,
        "Net Income": 29
    },
    "2017-09-30": {
        "Diluted EPS": -1.25,
        "Total Revenue": 48,
        "Gross Profit": 7,
        "Operating Income": -29,
        "EBIT": -14,
        "Net Income": -20
    },
    "2017-06-30": {
        "Diluted EPS": -1.93,
        "Total Revenue": 42,
        "Gross Profit": -2,
        "Operating Income": -45,
        "EBIT": -30,
        "Net Income": -34
    },
    "2017-03-31": {
        "Diluted EPS": -0.42,
        "Total Revenue": 34,
        "Gross Profit": 1,
        "Operating Income": -19,
        "EBIT": -6,
        "Net Income": -7
    },
    "2016-12-31": {
        "Diluted EPS": 0.0,
        "Total Revenue": NaN,
        "Gross Profit": NaN,
        "Operating Income": NaN,
        "EBIT": NaN,
        "Net Income": NaN
    },
    "2016-09-30": {
        "Diluted EPS": -1.58,
        "Total Revenue": 54,
        "Gross Profit": 13,
        "Operating Income": -41,
        "EBIT": -41,
        "Net Income": -28
    },
    "2016-06-30": {
        "Diluted EPS": -1.73,
        "Total Revenue": 57,
        "Gross Profit": 13,
        "Operating Income": -35,
        "EBIT": -35,
        "Net Income": -31
    },
    "2015-12-31": {
        "Diluted EPS": 0.0,
        "Total Revenue": NaN,
        "Gross Profit": NaN,
        "Operating Income": NaN,
        "EBIT": NaN,
        "Net Income": NaN
    },
    "2014-12-31": {
        "Diluted EPS": 0.0,
        "Total Revenue": NaN,
        "Gross Profit": NaN,
        "Operating Income": NaN,
        "EBIT": NaN,
        "Net Income": NaN
    },
    "2023-09-30": {
        "Tax Effect Of Unusual Items": NaN,
        "Tax Rate For Calcs": NaN,
        "Normalized EBITDA": NaN,
        "Total Unusual Items": NaN,
        "Total Unusual Items Excluding Goodwill": NaN,
        "Net Income From Continuing Operation Net Minority Interest": NaN,
        "Reconciled Depreciation": NaN,
        "Reconciled Cost Of Revenue": NaN,
        "EBITDA": NaN,
        "EBIT": NaN,
        "Net Interest Income": NaN,
        "Interest Expense": NaN,
        "Interest Income": NaN,
        "Normalized Income": NaN,
        "Net Income From Continuing And Discontinued Operation": NaN,
        "Total Expenses": NaN,
        "Rent Expense Supplemental": NaN,
        "Total Operating Income As Reported": NaN,
        "Diluted Average Shares": NaN,
        "Basic Average Shares": NaN,
        "Diluted EPS": NaN,
        "Basic EPS": NaN,
        "Diluted NI Availto Com Stockholders": NaN,
        "Net Income Common Stockholders": NaN,
        "Net Income": NaN,
        "Minority Interests": 0.0,
        "Net Income Including Noncontrolling Interests": NaN,
        "Net Income Continuous Operations": NaN,
        "Earnings From Equity Interest Net Of Tax": NaN,
        "Tax Provision": NaN,
        "Pretax Income": NaN,
        "Other Income Expense": NaN,
        "Other Non Operating Income Expenses": NaN,
        "Special Income Charges": NaN,
        "Gain On Sale Of Ppe": NaN,
        "Other Special Charges": 2004000.0,
        "Gain On Sale Of Security": NaN,
        "Net Non Operating Interest Income Expense": NaN,
        "Interest Expense Non Operating": NaN,
        "Interest Income Non Operating": NaN,
        "Operating Income": NaN,
        "Operating Expense": NaN,
        "Selling General And Administration": NaN,
        "General And Administrative Expense": NaN,
        "Other Gand A": NaN,
        "Gross Profit": NaN,
        "Cost Of Revenue": NaN,
        "Total Revenue": NaN,
        "Operating Revenue": NaN
    },
    "2023-12-31": {
        "Tax Effect Of Unusual Items": NaN,
        "Tax Rate For Calcs": NaN,
        "Normalized EBITDA": NaN,
        "Total Unusual Items": NaN,
        "Total Unusual Items Excluding Goodwill": NaN,
        "Net Income From Continuing Operation Net Minority Interest": NaN,
        "Reconciled Depreciation": NaN,
        "Reconciled Cost Of Revenue": NaN,
        "EBITDA": NaN,
        "EBIT": NaN,
        "Net Interest Income": NaN,
        "Interest Expense": NaN,
        "Interest Income": NaN,
        "Normalized Income": NaN,
        "Net Income From Continuing And Discontinued Operation": NaN,
        "Total Expenses": NaN,
        "Rent Expense Supplemental": NaN,
        "Total Operating Income As Reported": NaN,
        "Diluted Average Shares": NaN,
        "Basic Average Shares": NaN,
        "Diluted EPS": NaN,
        "Basic EPS": NaN,
        "Diluted NI Availto Com Stockholders": NaN,
        "Net Income Common Stockholders": NaN,
        "Net Income": NaN,
        "Minority Interests": 0.0,
        "Net Income Including Noncontrolling Interests": NaN,
        "Net Income Continuous Operations": NaN,
        "Earnings From Equity Interest Net Of Tax": NaN,
        "Tax Provision": NaN,
        "Pretax Income": NaN,
        "Other Income Expense": NaN,
        "Other Non Operating Income Expenses": NaN,
        "Special Income Charges": NaN,
        "Gain On Sale Of Ppe": NaN,
        "Other Special Charges": 0.0,
        "Gain On Sale Of Security": NaN,
        "Net Non Operating Interest Income Expense": NaN,
        "Interest Expense Non Operating": NaN,
        "Interest Income Non Operating": NaN,
        "Operating Income": NaN,
        "Operating Expense": NaN,
        "Selling General And Administration": NaN,
        "General And Administrative Expense": NaN,
        "Other Gand A": NaN,
        "Gross Profit": NaN,
        "Cost Of Revenue": NaN,
        "Total Revenue": NaN,
        "Operating Revenue": NaN
    },
    "2024-03-31": {
        "Tax Effect Of Unusual Items": NaN,
        "Tax Rate For Calcs": NaN,
        "Normalized EBITDA": NaN,
        "Total Unusual Items": NaN,
        "Total Unusual Items Excluding Goodwill": NaN,
        "Net Income From Continuing Operation Net Minority Interest": NaN,
        "Reconciled Depreciation": NaN,
        "Reconciled Cost Of Revenue": NaN,
        "EBITDA": NaN,
        "EBIT": NaN,
        "Net Interest Income": NaN,
        "Interest Expense": NaN,
        "Interest Income": NaN,
        "Normalized Income": NaN,
        "Net Income From Continuing And Discontinued Operation": NaN,
        "Total Expenses": NaN,
        "Rent Expense Supplemental": NaN,
        "Total Operating Income As Reported": NaN,
        "Diluted Average Shares": NaN,
        "Basic Average Shares": NaN,
        "Diluted EPS": NaN,
        "Basic EPS": NaN,
        "Diluted NI Availto Com Stockholders": NaN,
        "Net Income Common Stockholders": NaN,
        "Net Income": NaN,
        "Net Income Including Noncontrolling Interests": NaN,
        "Net Income Continuous Operations": NaN,
        "Earnings From Equity Interest Net Of Tax": NaN,
        "Tax Provision": NaN,
        "Pretax Income": NaN,
        "Other Income Expense": NaN,
        "Other Non Operating Income Expenses": -95000.0,
        "Special Income Charges": NaN,
        "Gain On Sale Of Ppe": NaN,
        "Gain On Sale Of Security": NaN,
        "Net Non Operating Interest Income Expense": NaN,
        "Interest Expense Non Operating": NaN,
        "Interest Income Non Operating": NaN,
        "Operating Income": NaN,
        "Operating Expense": NaN,
        "Selling General And Administration": NaN,
        "General And Administrative Expense": NaN,
        "Other Gand A": NaN,
        "Gross Profit": NaN,
        "Cost Of Revenue": NaN,
        "Total Revenue": NaN,
        "Operating Revenue": NaN
    },
    "2024-06-30": {
        "Tax Effect Of Unusual Items": -20222.064964,
        "Tax Rate For Calcs": 0.048263,
        "Normalized EBITDA": 9417000.0,
        "Total Unusual Items": -419000.0,
        "Total Unusual Items Excluding Goodwill": -419000.0,
        "Net Income From Continuing Operation Net Minority Interest": -12483000.0,
        "Reconciled Depreciation": 12939000.0,
        "Reconciled Cost Of Revenue": 62945000.0,
        "EBITDA": 8998000.0,
        "EBIT": -3941000.0,
        "Net Interest Income": -9745000.0,
        "Interest Expense": 10190000.0,
        "Interest Income": 445000.0,
        "Normalized Income": -12084222.064964,
        "Net Income From Continuing And Discontinued Operation": -12483000.0,
        "Total Expenses": 73834000.0,
        "Rent Expense Supplemental": 486000.0,
        "Total Operating Income As Reported": -3930000.0,
        "Diluted Average Shares": 27729033.0,
        "Basic Average Shares": 27729033.0,
        "Diluted EPS": -0.45,
        "Basic EPS": -0.45,
        "Diluted NI Availto Com Stockholders": -12483000.0,
        "Net Income Common Stockholders": -12483000.0,
        "Net Income": -12483000.0,
        "Net Income Including Noncontrolling Interests": -12483000.0,
        "Net Income Continuous Operations": -12483000.0,
        "Earnings From Equity Interest Net Of Tax": 966000.0,
        "Tax Provision": -682000.0,
        "Pretax Income": -14131000.0,
        "Other Income Expense": -419000.0,
        "Other Non Operating Income Expenses": NaN,
        "Special Income Charges": 37000.0,
        "Gain On Sale Of Ppe": 37000.0,
        "Gain On Sale Of Security": -456000.0,
        "Net Non Operating Interest Income Expense": -9745000.0,
        "Interest Expense Non Operating": 10190000.0,
        "Interest Income Non Operating": 445000.0,
        "Operating Income": -3967000.0,
        "Operating Expense": 10889000.0,
        "Selling General And Administration": 10889000.0,
        "General And Administrative Expense": 10889000.0,
        "Other Gand A": 10889000.0,
        "Gross Profit": 6922000.0,
        "Cost Of Revenue": 62945000.0,
        "Total Revenue": 69867000.0,
        "Operating Revenue": 69867000.0
    },
    "2024-09-30": {
        "Tax Effect Of Unusual Items": 4908.678865,
        "Tax Rate For Calcs": 0.028706,
        "Normalized EBITDA": 5013000.0,
        "Total Unusual Items": 171000.0,
        "Total Unusual Items Excluding Goodwill": 171000.0,
        "Net Income From Continuing Operation Net Minority Interest": -16346000.0,
        "Reconciled Depreciation": 12928000.0,
        "Reconciled Cost Of Revenue": 66199000.0,
        "EBITDA": 5184000.0,
        "EBIT": -7744000.0,
        "Net Interest Income": -9769000.0,
        "Interest Expense": 10127000.0,
        "Interest Income": 358000.0,
        "Normalized Income": -16512091.321135,
        "Net Income From Continuing And Discontinued Operation": -16346000.0,
        "Total Expenses": 77218000.0,
        "Rent Expense Supplemental": 364000.0,
        "Total Operating Income As Reported": -6481000.0,
        "Diluted Average Shares": 27772733.0,
        "Basic Average Shares": 27772733.0,
        "Diluted EPS": -0.59,
        "Basic EPS": -0.59,
        "Diluted NI Availto Com Stockholders": -16346000.0,
        "Net Income Common Stockholders": -16346000.0,
        "Net Income": -16346000.0,
        "Net Income Including Noncontrolling Interests": -16346000.0,
        "Net Income Continuous Operations": -16346000.0,
        "Earnings From Equity Interest Net Of Tax": 1012000.0,
        "Tax Provision": -513000.0,
        "Pretax Income": -17871000.0,
        "Other Income Expense": 200000.0,
        "Other Non Operating Income Expenses": 29000.0,
        "Special Income Charges": 1821000.0,
        "Gain On Sale Of Ppe": 1821000.0,
        "Gain On Sale Of Security": -1650000.0,
        "Net Non Operating Interest Income Expense": -9769000.0,
        "Interest Expense Non Operating": 10127000.0,
        "Interest Income Non Operating": 358000.0,
        "Operating Income": -8302000.0,
        "Operating Expense": 11019000.0,
        "Selling General And Administration": 11019000.0,
        "General And Administrative Expense": 11019000.0,
        "Other Gand A": 11019000.0,
        "Gross Profit": 2717000.0,
        "Cost Of Revenue": 66199000.0,
        "Total Revenue": 68916000.0,
        "Operating Revenue": 68916000.0
    },
    "2024-12-31": {
        "Tax Effect Of Unusual Items": -1526309.623013,
        "Tax Rate For Calcs": 0.078164,
        "Normalized EBITDA": 12406000.0,
        "Total Unusual Items": -19527000.0,
        "Total Unusual Items Excluding Goodwill": -19527000.0,
        "Net Income From Continuing Operation Net Minority Interest": -26226000.0,
        "Reconciled Depreciation": 12879000.0,
        "Reconciled Cost Of Revenue": 59952000.0,
        "EBITDA": -7121000.0,
        "EBIT": -20000000.0,
        "Net Interest Income": -9629000.0,
        "Interest Expense": 10001000.0,
        "Interest Income": 372000.0,
        "Normalized Income": -8225309.623013,
        "Net Income From Continuing And Discontinued Operation": -26226000.0,
        "Total Expenses": 70840000.0,
        "Rent Expense Supplemental": 347000.0,
        "Total Operating Income As Reported": 10592000.0,
        "Diluted Average Shares": 27773200.0,
        "Basic Average Shares": 27773200.0,
        "Diluted EPS": -0.94,
        "Basic EPS": -0.94,
        "Diluted NI Availto Com Stockholders": -26226000.0,
        "Net Income Common Stockholders": -26226000.0,
        "Net Income": -26226000.0,
        "Net Income Including Noncontrolling Interests": -26226000.0,
        "Net Income Continuous Operations": -26226000.0,
        "Earnings From Equity Interest Net Of Tax": 1430000.0,
        "Tax Provision": -2345000.0,
        "Pretax Income": -30001000.0,
        "Other Income Expense": -19340000.0,
        "Other Non Operating Income Expenses": 187000.0,
        "Special Income Charges": -20299000.0,
        "Gain On Sale Of Ppe": 11624000.0,
        "Gain On Sale Of Security": 772000.0,
        "Net Non Operating Interest Income Expense": -9629000.0,
        "Interest Expense Non Operating": 10001000.0,
        "Interest Income Non Operating": 372000.0,
        "Operating Income": -1032000.0,
        "Operating Expense": 10888000.0,
        "Selling General And Administration": 10888000.0,
        "General And Administrative Expense": 10888000.0,
        "Other Gand A": 10888000.0,
        "Gross Profit": 9856000.0,
        "Cost Of Revenue": 59952000.0,
        "Total Revenue": 69808000.0,
        "Operating Revenue": 69808000.0
    },
    "2025-03-31": {
        "Tax Effect Of Unusual Items": 994980.0,
        "Tax Rate For Calcs": 0.21,
        "Normalized EBITDA": 2184000.0,
        "Total Unusual Items": 4738000.0,
        "Total Unusual Items Excluding Goodwill": 4738000.0,
        "Net Income From Continuing Operation Net Minority Interest": -15489000.0,
        "Reconciled Depreciation": 12810000.0,
        "Reconciled Cost Of Revenue": 55075000.0,
        "EBITDA": 6922000.0,
        "EBIT": -5888000.0,
        "Net Interest Income": -9150000.0,
        "Interest Expense": 9586000.0,
        "Interest Income": 436000.0,
        "Normalized Income": -19232020.0,
        "Net Income From Continuing And Discontinued Operation": -15489000.0,
        "Total Expenses": 66561000.0,
        "Rent Expense Supplemental": 337000.0,
        "Total Operating Income As Reported": -5253000.0,
        "Diluted Average Shares": 27908297.0,
        "Basic Average Shares": 27908297.0,
        "Diluted EPS": -0.56,
        "Basic EPS": -0.56,
        "Diluted NI Availto Com Stockholders": -15489000.0,
        "Net Income Common Stockholders": -15489000.0,
        "Net Income": -15489000.0,
        "Net Income Including Noncontrolling Interests": -15489000.0,
        "Net Income Continuous Operations": -15489000.0,
        "Earnings From Equity Interest Net Of Tax": 889000.0,
        "Tax Provision": 904000.0,
        "Pretax Income": -15474000.0,
        "Other Income Expense": 4738000.0,
        "Other Non Operating Income Expenses": NaN,
        "Special Income Charges": 5809000.0,
        "Gain On Sale Of Ppe": 5809000.0,
        "Gain On Sale Of Security": -1071000.0,
        "Net Non Operating Interest Income Expense": -9150000.0,
        "Interest Expense Non Operating": 9586000.0,
        "Interest Income Non Operating": 436000.0,
        "Operating Income": -11062000.0,
        "Operating Expense": 11486000.0,
        "Selling General And Administration": 11486000.0,
        "General And Administrative Expense": 11486000.0,
        "Other Gand A": 11486000.0,
        "Gross Profit": 424000.0,
        "Cost Of Revenue": 55075000.0,
        "Total Revenue": 55499000.0,
        "Operating Revenue": 52641000.0
    },
    "2025-06-30": {
        "Tax Effect Of Unusual Items": 3597510.0,
        "Tax Rate For Calcs": 0.21,
        "Normalized EBITDA": -634000.0,
        "Total Unusual Items": 17131000.0,
        "Total Unusual Items Excluding Goodwill": 17131000.0,
        "Net Income From Continuing Operation Net Minority Interest": -6727000.0,
        "Reconciled Depreciation": 12090000.0,
        "Reconciled Cost Of Revenue": 61908000.0,
        "EBITDA": 16497000.0,
        "EBIT": 4407000.0,
        "Net Interest Income": -8472000.0,
        "Interest Expense": 8844000.0,
        "Interest Income": 372000.0,
        "Normalized Income": -20260490.0,
        "Net Income From Continuing And Discontinued Operation": -6727000.0,
        "Total Expenses": 73906000.0,
        "Rent Expense Supplemental": 325000.0,
        "Total Operating Income As Reported": 6067000.0,
        "Diluted Average Shares": 25686560.0,
        "Basic Average Shares": 25686560.0,
        "Diluted EPS": -0.26,
        "Basic EPS": -0.26,
        "Diluted NI Availto Com Stockholders": -6727000.0,
        "Net Income Common Stockholders": -6727000.0,
        "Net Income": -6727000.0,
        "Net Income Including Noncontrolling Interests": -6727000.0,
        "Net Income Continuous Operations": -6727000.0,
        "Earnings From Equity Interest Net Of Tax": 218000.0,
        "Tax Provision": 2508000.0,
        "Pretax Income": -4437000.0,
        "Other Income Expense": 17131000.0,
        "Other Non Operating Income Expenses": NaN,
        "Special Income Charges": 19163000.0,
        "Gain On Sale Of Ppe": 19163000.0,
        "Gain On Sale Of Security": -2032000.0,
        "Net Non Operating Interest Income Expense": -8472000.0,
        "Interest Expense Non Operating": 8844000.0,
        "Interest Income Non Operating": 372000.0,
        "Operating Income": -13096000.0,
        "Operating Expense": 11998000.0,
        "Selling General And Administration": 11998000.0,
        "General And Administrative Expense": 11998000.0,
        "Other Gand A": 11998000.0,
        "Gross Profit": -1098000.0,
        "Cost Of Revenue": 61908000.0,
        "Total Revenue": 60810000.0,
        "Operating Revenue": 60810000.0
    }
}