{
    "2023-06-30": {
        "Tax Effect Of Unusual Items": -882556.0,
        "Tax Rate For Calcs": 0.212,
        "Total Unusual Items": -4163000.0,
        "Total Unusual Items Excluding Goodwill": -4163000.0,
        "Net Income From Continuing Operation Net Minority Interest": 8209000.0,
        "Reconciled Depreciation": 1972000.0,
        "Net Interest Income": 40313000.0,
        "Interest Expense": 20550000.0,
        "Interest Income": 60863000.0,
        "Normalized Income": 11489444.0,
        "Net Income From Continuing And Discontinued Operation": 8209000.0,
        "Diluted Average Shares": 14703636.0,
        "Basic Average Shares": 14668923.0,
        "Diluted EPS": 0.54,
        "Basic EPS": 0.54,
        "Diluted NI Availto Com Stockholders": 7984000.0,
        "Net Income Common Stockholders": 7984000.0,
        "Preferred Stock Dividends": 225000.0,
        "Net Income": 8209000.0,
        "Net Income Including Noncontrolling Interests": 8209000.0,
        "Net Income Continuous Operations": 8209000.0,
        "Tax Provision": 2203000.0,
        "Pretax Income": 10412000.0,
        "Special Income Charges": -4163000.0,
        "Restructuring And Mergern Acquisition": 4163000.0,
        "Gain On Sale Of Security": -61000.0,
        "Depreciation Amortization Depletion Income Statement": 999000.0,
        "Depreciation And Amortization In Income Statement": 999000.0,
        "Amortization": 999000.0,
        "Amortization Of Intangibles Income Statement": 999000.0,
        "Selling General And Administration": 13162000.0,
        "Selling And Marketing Expense": 264000.0,
        "General And Administrative Expense": 12898000.0,
        "Insurance And Claims": 742000.0,
        "Salaries And Wages": 12156000.0,
        "Total Revenue": 44785000.0,
        "Operating Revenue": 44785000.0
    },
    "2023-03-31": {
        "Tax Effect Of Unusual Items": -66862.0,
        "Tax Rate For Calcs": 0.202,
        "Total Unusual Items": -331000.0,
        "Total Unusual Items Excluding Goodwill": -331000.0,
        "Net Income From Continuing Operation Net Minority Interest": 14101000.0,
        "Reconciled Depreciation": 1212000.0,
        "Net Interest Income": 34189000.0,
        "Interest Expense": 16286000.0,
        "Interest Income": 50475000.0,
        "Normalized Income": 14365138.0,
        "Net Income From Continuing And Discontinued Operation": 14101000.0,
        "Diluted Average Shares": 12830102.0,
        "Basic Average Shares": 12783851.0,
        "Diluted EPS": 1.08,
        "Basic EPS": 1.09,
        "Diluted NI Availto Com Stockholders": 13876000.0,
        "Net Income Common Stockholders": 13876000.0,
        "Preferred Stock Dividends": 225000.0,
        "Net Income": 14101000.0,
        "Net Income Including Noncontrolling Interests": 14101000.0,
        "Net Income Continuous Operations": 14101000.0,
        "Tax Provision": 3575000.0,
        "Pretax Income": 17676000.0,
        "Special Income Charges": -331000.0,
        "Restructuring And Mergern Acquisition": 331000.0,
        "Gain On Sale Of Security": -14000.0,
        "Depreciation Amortization Depletion Income Statement": 343000.0,
        "Depreciation And Amortization In Income Statement": 343000.0,
        "Amortization": 343000.0,
        "Amortization Of Intangibles Income Statement": 343000.0,
        "Selling General And Administration": 11307000.0,
        "Selling And Marketing Expense": 170000.0,
        "General And Administrative Expense": 11137000.0,
        "Insurance And Claims": 330000.0,
        "Salaries And Wages": 10807000.0,
        "Total Revenue": 37879000.0,
        "Operating Revenue": 37879000.0
    },
    "2022-12-31": {
        "Tax Effect Of Unusual Items": -16239.493349,
        "Tax Rate For Calcs": 0.200488,
        "Total Unusual Items": -81000.0,
        "Total Unusual Items Excluding Goodwill": -81000.0,
        "Net Income From Continuing Operation Net Minority Interest": 15086000.0,
        "Reconciled Depreciation": 1233000.0,
        "Net Interest Income": 34353000.0,
        "Interest Expense": 13487000.0,
        "Interest Income": 47840000.0,
        "Normalized Income": 15150760.506651,
        "Net Income From Continuing And Discontinued Operation": 15086000.0,
        "Diluted Average Shares": 12837637.0,
        "Basic Average Shares": 12775703.0,
        "Diluted EPS": 1.16,
        "Basic EPS": 1.16,
        "Diluted NI Availto Com Stockholders": 14861000.0,
        "Net Income Common Stockholders": 14861000.0,
        "Preferred Stock Dividends": 225000.0,
        "Net Income": 15086000.0,
        "Net Income Including Noncontrolling Interests": 15086000.0,
        "Net Income Continuous Operations": 15086000.0,
        "Tax Provision": 3783000.0,
        "Pretax Income": 18869000.0,
        "Special Income Charges": -81000.0,
        "Restructuring And Mergern Acquisition": 81000.0,
        "Gain On Sale Of Security": 255000.0,
        "Depreciation Amortization Depletion Income Statement": 352000.0,
        "Depreciation And Amortization In Income Statement": 352000.0,
        "Amortization": 352000.0,
        "Amortization Of Intangibles Income Statement": 352000.0,
        "Selling General And Administration": 11164000.0,
        "Selling And Marketing Expense": 280000.0,
        "General And Administrative Expense": 10884000.0,
        "Insurance And Claims": 352000.0,
        "Salaries And Wages": 10532000.0,
        "Total Revenue": 38539000.0,
        "Operating Revenue": 38539000.0
    },
    "2022-09-30": {
        "Tax Effect Of Unusual Items": 0.0,
        "Tax Rate For Calcs": 0.210952,
        "Total Unusual Items": 0.0,
        "Total Unusual Items Excluding Goodwill": 0.0,
        "Net Income From Continuing Operation Net Minority Interest": 14423000.0,
        "Reconciled Depreciation": 354000.0,
        "Net Interest Income": 34113000.0,
        "Interest Expense": 8338000.0,
        "Interest Income": 42451000.0,
        "Normalized Income": 14423000.0,
        "Net Income From Continuing And Discontinued Operation": 14423000.0,
        "Diluted Average Shares": 12835670.0,
        "Basic Average Shares": 12766473.0,
        "Diluted EPS": 1.11,
        "Basic EPS": 1.11,
        "Diluted NI Availto Com Stockholders": 14198000.0,
        "Net Income Common Stockholders": 14198000.0,
        "Preferred Stock Dividends": 225000.0,
        "Net Income": 14423000.0,
        "Net Income Including Noncontrolling Interests": 14423000.0,
        "Net Income Continuous Operations": 14423000.0,
        "Tax Provision": 3856000.0,
        "Pretax Income": 18279000.0,
        "Special Income Charges": 0.0,
        "Restructuring And Mergern Acquisition": 0.0,
        "Gain On Sale Of Security": 41000.0,
        "Depreciation Amortization Depletion Income Statement": 354000.0,
        "Depreciation And Amortization In Income Statement": 354000.0,
        "Amortization": 354000.0,
        "Amortization Of Intangibles Income Statement": 354000.0,
        "Selling General And Administration": 10757000.0,
        "Selling And Marketing Expense": 276000.0,
        "General And Administrative Expense": 10481000.0,
        "Insurance And Claims": 292000.0,
        "Salaries And Wages": 10189000.0,
        "Total Revenue": 38274000.0,
        "Operating Revenue": 38274000.0
    },
    "2022-06-30": {
        "Tax Effect Of Unusual Items": -840.915067,
        "Tax Rate For Calcs": 0.210229,
        "Total Unusual Items": -4000.0,
        "Total Unusual Items Excluding Goodwill": -4000.0,
        "Net Income From Continuing Operation Net Minority Interest": 12014000.0,
        "Reconciled Depreciation": 355000.0,
        "Net Interest Income": 30965000.0,
        "Interest Expense": 4598000.0,
        "Interest Income": 35563000.0,
        "Normalized Income": 12017159.084933,
        "Net Income From Continuing And Discontinued Operation": 12014000.0,
        "Diluted Average Shares": 12810174.0,
        "Basic Average Shares": 12754724.0,
        "Diluted EPS": 0.92,
        "Basic EPS": 0.92,
        "Diluted NI Availto Com Stockholders": 11789000.0,
        "Net Income Common Stockholders": 11789000.0,
        "Preferred Stock Dividends": 225000.0,
        "Net Income": 12014000.0,
        "Net Income Including Noncontrolling Interests": 12014000.0,
        "Net Income Continuous Operations": 12014000.0,
        "Tax Provision": 3198000.0,
        "Pretax Income": 15212000.0,
        "Special Income Charges": -4000.0,
        "Restructuring And Mergern Acquisition": 4000.0,
        "Gain On Sale Of Security": -958000.0,
        "Depreciation Amortization Depletion Income Statement": 355000.0,
        "Depreciation And Amortization In Income Statement": 355000.0,
        "Amortization": 355000.0,
        "Amortization Of Intangibles Income Statement": 355000.0,
        "Selling General And Administration": 10385000.0,
        "Selling And Marketing Expense": 165000.0,
        "General And Administrative Expense": 10220000.0,
        "Insurance And Claims": 190000.0,
        "Salaries And Wages": 10030000.0,
        "Total Revenue": 34011000.0,
        "Operating Revenue": 34011000.0
    },
    "2022-03-31": {
        "Diluted EPS": 0.9,
        "Total Revenue": 37,
        "Gross Profit": 34,
        "Operating Income": 15,
        "EBIT": NaN,
        "Net Income": 11
    },
    "2021-12-31": {
        "Diluted EPS": 0.95,
        "Total Revenue": 38,
        "Gross Profit": 35,
        "Operating Income": 15,
        "EBIT": NaN,
        "Net Income": 12
    },
    "2021-09-30": {
        "Diluted EPS": 0.92,
        "Total Revenue": 35,
        "Gross Profit": 33,
        "Operating Income": 16,
        "EBIT": NaN,
        "Net Income": 12
    },
    "2021-06-30": {
        "Diluted EPS": 0.8,
        "Total Revenue": 35,
        "Gross Profit": 32,
        "Operating Income": 14,
        "EBIT": NaN,
        "Net Income": 10
    },
    "2021-03-31": {
        "Diluted EPS": 0.8,
        "Total Revenue": 35,
        "Gross Profit": 31,
        "Operating Income": 14,
        "EBIT": NaN,
        "Net Income": 10
    },
    "2020-12-31": {
        "Diluted EPS": 0.78,
        "Total Revenue": 36,
        "Gross Profit": 32,
        "Operating Income": 13,
        "EBIT": NaN,
        "Net Income": 10
    },
    "2020-09-30": {
        "Diluted EPS": 0.74,
        "Total Revenue": 35,
        "Gross Profit": 31,
        "Operating Income": 12,
        "EBIT": NaN,
        "Net Income": 10
    },
    "2020-06-30": {
        "Diluted EPS": 0.54,
        "Total Revenue": 32,
        "Gross Profit": 27,
        "Operating Income": 9,
        "EBIT": NaN,
        "Net Income": 7
    },
    "2020-03-31": {
        "Diluted EPS": 0.35,
        "Total Revenue": 32,
        "Gross Profit": 26,
        "Operating Income": 6,
        "EBIT": NaN,
        "Net Income": 5
    },
    "2019-12-31": {
        "Diluted EPS": 0.64,
        "Total Revenue": 31,
        "Gross Profit": 24,
        "Operating Income": 11,
        "EBIT": NaN,
        "Net Income": 8
    },
    "2019-09-30": {
        "Diluted EPS": 0.65,
        "Total Revenue": 31,
        "Gross Profit": 23,
        "Operating Income": 10,
        "EBIT": NaN,
        "Net Income": 8
    },
    "2019-06-30": {
        "Diluted EPS": 0.68,
        "Total Revenue": 34,
        "Gross Profit": 26,
        "Operating Income": 11,
        "EBIT": NaN,
        "Net Income": 9
    },
    "2019-03-31": {
        "Diluted EPS": 0.56,
        "Total Revenue": 30,
        "Gross Profit": 23,
        "Operating Income": 9,
        "EBIT": NaN,
        "Net Income": 7
    },
    "2018-12-31": {
        "Diluted EPS": 0.6,
        "Total Revenue": 30,
        "Gross Profit": 22,
        "Operating Income": 9,
        "EBIT": NaN,
        "Net Income": 7
    },
    "2018-09-30": {
        "Diluted EPS": 0.55,
        "Total Revenue": 28,
        "Gross Profit": 21,
        "Operating Income": 9,
        "EBIT": NaN,
        "Net Income": 7
    },
    "2018-06-30": {
        "Diluted EPS": 0.51,
        "Total Revenue": 28,
        "Gross Profit": 21,
        "Operating Income": 8,
        "EBIT": NaN,
        "Net Income": 6
    },
    "2018-03-31": {
        "Diluted EPS": 0.6,
        "Total Revenue": 28,
        "Gross Profit": 22,
        "Operating Income": 9,
        "EBIT": NaN,
        "Net Income": 7
    },
    "2017-12-31": {
        "Diluted EPS": 0.24,
        "Total Revenue": 27,
        "Gross Profit": 21,
        "Operating Income": 9,
        "EBIT": NaN,
        "Net Income": 2
    },
    "2017-09-30": {
        "Diluted EPS": 0.48,
        "Total Revenue": 26,
        "Gross Profit": 21,
        "Operating Income": 8,
        "EBIT": NaN,
        "Net Income": 6
    },
    "2017-06-30": {
        "Diluted EPS": 0.43,
        "Total Revenue": 26,
        "Gross Profit": 22,
        "Operating Income": 9,
        "EBIT": NaN,
        "Net Income": 5
    },
    "2017-03-31": {
        "Diluted EPS": -0.15,
        "Total Revenue": 20,
        "Gross Profit": 16,
        "Operating Income": -3,
        "EBIT": NaN,
        "Net Income": -2
    },
    "2016-12-31": {
        "Diluted EPS": 0.43,
        "Total Revenue": 21,
        "Gross Profit": 16,
        "Operating Income": 8,
        "EBIT": NaN,
        "Net Income": 5
    },
    "2016-09-30": {
        "Diluted EPS": 0.4,
        "Total Revenue": 19,
        "Gross Profit": 15,
        "Operating Income": 6,
        "EBIT": NaN,
        "Net Income": 4
    },
    "2016-06-30": {
        "Diluted EPS": 0.4,
        "Total Revenue": 18,
        "Gross Profit": 15,
        "Operating Income": 6,
        "EBIT": NaN,
        "Net Income": 4
    },
    "2016-03-31": {
        "Diluted EPS": 0.38,
        "Total Revenue": 18,
        "Gross Profit": 15,
        "Operating Income": 6,
        "EBIT": NaN,
        "Net Income": 4
    },
    "2015-12-31": {
        "Diluted EPS": 0.37,
        "Total Revenue": 18,
        "Gross Profit": 15,
        "Operating Income": 6,
        "EBIT": NaN,
        "Net Income": 4
    },
    "2015-09-30": {
        "Diluted EPS": 0.34,
        "Total Revenue": 18,
        "Gross Profit": 14,
        "Operating Income": 5,
        "EBIT": NaN,
        "Net Income": 4
    },
    "2015-06-30": {
        "Diluted EPS": 0.38,
        "Total Revenue": 18,
        "Gross Profit": 14,
        "Operating Income": 6,
        "EBIT": NaN,
        "Net Income": 4
    },
    "2015-03-31": {
        "Diluted EPS": 0.41,
        "Total Revenue": 18,
        "Gross Profit": 15,
        "Operating Income": 6,
        "EBIT": NaN,
        "Net Income": 4
    },
    "2014-12-31": {
        "Diluted EPS": 0.32,
        "Total Revenue": 17,
        "Gross Profit": 14,
        "Operating Income": 5,
        "EBIT": NaN,
        "Net Income": 3
    },
    "2014-09-30": {
        "Diluted EPS": 0.35,
        "Total Revenue": 18,
        "Gross Profit": 14,
        "Operating Income": 5,
        "EBIT": NaN,
        "Net Income": 3
    },
    "2014-06-30": {
        "Diluted EPS": 0.25,
        "Total Revenue": 17,
        "Gross Profit": 13,
        "Operating Income": 3,
        "EBIT": NaN,
        "Net Income": 2
    },
    "2014-03-31": {
        "Diluted EPS": 0.25,
        "Total Revenue": 17,
        "Gross Profit": 13,
        "Operating Income": 3,
        "EBIT": NaN,
        "Net Income": 2
    },
    "2013-12-31": {
        "Diluted EPS": 0.28,
        "Total Revenue": 17,
        "Gross Profit": 13,
        "Operating Income": 3,
        "EBIT": NaN,
        "Net Income": 3
    },
    "2013-09-30": {
        "Diluted EPS": 0.24,
        "Total Revenue": 17,
        "Gross Profit": 12,
        "Operating Income": 3,
        "EBIT": NaN,
        "Net Income": 2
    },
    "2013-06-30": {
        "Diluted EPS": 0.13,
        "Total Revenue": 17,
        "Gross Profit": 12,
        "Operating Income": 2,
        "EBIT": NaN,
        "Net Income": 1
    },
    "2013-03-31": {
        "Diluted EPS": 0.19,
        "Total Revenue": 17,
        "Gross Profit": 13,
        "Operating Income": 2,
        "EBIT": NaN,
        "Net Income": 2
    },
    "2012-12-31": {
        "Diluted EPS": 0.23,
        "Total Revenue": 22,
        "Gross Profit": 17,
        "Operating Income": 2,
        "EBIT": NaN,
        "Net Income": 2
    },
    "2012-09-30": {
        "Diluted EPS": 0.1,
        "Total Revenue": 19,
        "Gross Profit": 13,
        "Operating Income": 1,
        "EBIT": NaN,
        "Net Income": 1
    },
    "2012-06-30": {
        "Diluted EPS": 0.09,
        "Total Revenue": 17,
        "Gross Profit": 11,
        "Operating Income": 2,
        "EBIT": NaN,
        "Net Income": 1
    },
    "2012-03-31": {
        "Diluted EPS": 0.18,
        "Total Revenue": 19,
        "Gross Profit": 12,
        "Operating Income": 2,
        "EBIT": NaN,
        "Net Income": 2
    },
    "2011-12-31": {
        "Diluted EPS": 0.18,
        "Total Revenue": 25,
        "Gross Profit": 18,
        "Operating Income": 2,
        "EBIT": NaN,
        "Net Income": 1
    },
    "2011-09-30": {
        "Diluted EPS": 0.24,
        "Total Revenue": 20,
        "Gross Profit": 12,
        "Operating Income": 3,
        "EBIT": NaN,
        "Net Income": 2
    },
    "2011-06-30": {
        "Diluted EPS": 0.11,
        "Total Revenue": 20,
        "Gross Profit": 12,
        "Operating Income": 1,
        "EBIT": NaN,
        "Net Income": 1
    },
    "2011-03-31": {
        "Diluted EPS": -0.04,
        "Total Revenue": 18,
        "Gross Profit": 10,
        "Operating Income": 0,
        "EBIT": NaN,
        "Net Income": 0
    },
    "2010-12-31": {
        "Diluted EPS": 0.11,
        "Total Revenue": 20,
        "Gross Profit": 11,
        "Operating Income": 1,
        "EBIT": NaN,
        "Net Income": 1
    },
    "2010-09-30": {
        "Diluted EPS": -0.03,
        "Total Revenue": 22,
        "Gross Profit": 12,
        "Operating Income": -1,
        "EBIT": NaN,
        "Net Income": 0
    },
    "2010-06-30": {
        "Diluted EPS": -0.4,
        "Total Revenue": 22,
        "Gross Profit": 12,
        "Operating Income": -5,
        "EBIT": NaN,
        "Net Income": -3
    },
    "2010-03-31": {
        "Diluted EPS": 0.01,
        "Total Revenue": 23,
        "Gross Profit": 13,
        "Operating Income": 0,
        "EBIT": NaN,
        "Net Income": 0
    },
    "2009-12-31": {
        "Diluted EPS": -0.08,
        "Total Revenue": 25,
        "Gross Profit": 14,
        "Operating Income": -1,
        "EBIT": NaN,
        "Net Income": -1
    },
    "2009-09-30": {
        "Diluted EPS": 0.19,
        "Total Revenue": 25,
        "Gross Profit": 14,
        "Operating Income": 2,
        "EBIT": NaN,
        "Net Income": 1
    },
    "2009-06-30": {
        "Diluted EPS": -0.46,
        "Total Revenue": 20,
        "Gross Profit": 9,
        "Operating Income": -5,
        "EBIT": NaN,
        "Net Income": -3
    },
    "2009-03-31": {
        "Diluted EPS": 0.24,
        "Total Revenue": 25,
        "Gross Profit": 14,
        "Operating Income": 2,
        "EBIT": NaN,
        "Net Income": 2
    },
    "2023-09-30": {
        "Tax Effect Of Unusual Items": -251970.0,
        "Tax Rate For Calcs": 0.227,
        "Total Unusual Items": -1110000.0,
        "Total Unusual Items Excluding Goodwill": -1110000.0,
        "Net Income From Continuing Operation Net Minority Interest": 16332000.0,
        "Reconciled Depreciation": 1977000.0,
        "Net Interest Income": 41273000.0,
        "Interest Expense": 23421000.0,
        "Interest Income": 64694000.0,
        "Normalized Income": 17190030.0,
        "Net Income From Continuing And Discontinued Operation": 16332000.0,
        "Diluted Average Shares": 14714211.0,
        "Basic Average Shares": 14672176.0,
        "Diluted EPS": 1.09,
        "Basic EPS": 1.1,
        "Diluted NI Availto Com Stockholders": 16107000.0,
        "Net Income Common Stockholders": 16107000.0,
        "Preferred Stock Dividends": 225000.0,
        "Net Income": 16332000.0,
        "Net Income Including Noncontrolling Interests": 16332000.0,
        "Net Income Continuous Operations": 16332000.0,
        "Tax Provision": 4794000.0,
        "Pretax Income": 21126000.0,
        "Special Income Charges": -1110000.0,
        "Restructuring And Mergern Acquisition": 1110000.0,
        "Gain On Sale Of Security": 168000.0,
        "Depreciation Amortization Depletion Income Statement": 998000.0,
        "Depreciation And Amortization In Income Statement": 998000.0,
        "Amortization": 998000.0,
        "Amortization Of Intangibles Income Statement": 998000.0,
        "Selling General And Administration": 12922000.0,
        "Selling And Marketing Expense": 247000.0,
        "General And Administrative Expense": 12675000.0,
        "Insurance And Claims": 716000.0,
        "Salaries And Wages": 11959000.0,
        "Total Revenue": 45566000.0,
        "Operating Revenue": 45566000.0
    },
    "2023-12-31": {
        "Tax Effect Of Unusual Items": -182010.572022,
        "Tax Rate For Calcs": 0.216679,
        "Total Unusual Items": -840000.0,
        "Total Unusual Items Excluding Goodwill": -840000.0,
        "Net Income From Continuing Operation Net Minority Interest": 16597000.0,
        "Reconciled Depreciation": 2022000.0,
        "Net Interest Income": 40793000.0,
        "Interest Expense": 25723000.0,
        "Interest Income": 66516000.0,
        "Normalized Income": 17254989.427978,
        "Net Income From Continuing And Discontinued Operation": 16597000.0,
        "Diluted Average Shares": 14718790.0,
        "Basic Average Shares": 14676383.0,
        "Diluted EPS": 1.11,
        "Basic EPS": 1.12,
        "Diluted NI Availto Com Stockholders": 16372000.0,
        "Net Income Common Stockholders": 16372000.0,
        "Preferred Stock Dividends": 225000.0,
        "Net Income": 16597000.0,
        "Net Income Including Noncontrolling Interests": 16597000.0,
        "Net Income Continuous Operations": 16597000.0,
        "Tax Provision": 4591000.0,
        "Pretax Income": 21188000.0,
        "Special Income Charges": -840000.0,
        "Restructuring And Mergern Acquisition": 840000.0,
        "Gain On Sale Of Security": 381000.0,
        "Depreciation Amortization Depletion Income Statement": 995000.0,
        "Depreciation And Amortization In Income Statement": 995000.0,
        "Amortization": 995000.0,
        "Amortization Of Intangibles Income Statement": 995000.0,
        "Selling General And Administration": 12476000.0,
        "Selling And Marketing Expense": 432000.0,
        "General And Administrative Expense": 12044000.0,
        "Insurance And Claims": 670000.0,
        "Salaries And Wages": 11374000.0,
        "Total Revenue": 45786000.0,
        "Operating Revenue": 45786000.0
    }
}