{
    "2023-05-31": {
        "Tax Effect Of Unusual Items": NaN,
        "Tax Rate For Calcs": NaN,
        "Normalized EBITDA": NaN,
        "Total Unusual Items": NaN,
        "Total Unusual Items Excluding Goodwill": NaN,
        "Net Income From Continuing Operation Net Minority Interest": NaN,
        "Reconciled Depreciation": NaN,
        "Reconciled Cost Of Revenue": NaN,
        "EBITDA": NaN,
        "EBIT": NaN,
        "Net Interest Income": NaN,
        "Interest Expense": NaN,
        "Interest Income": NaN,
        "Normalized Income": NaN,
        "Net Income From Continuing And Discontinued Operation": NaN,
        "Total Expenses": NaN,
        "Total Operating Income As Reported": NaN,
        "Diluted Average Shares": NaN,
        "Basic Average Shares": NaN,
        "Diluted EPS": NaN,
        "Basic EPS": NaN,
        "Diluted NI Availto Com Stockholders": NaN,
        "Net Income Common Stockholders": NaN,
        "Net Income": NaN,
        "Net Income Including Noncontrolling Interests": NaN,
        "Net Income Continuous Operations": NaN,
        "Tax Provision": NaN,
        "Pretax Income": NaN,
        "Other Income Expense": NaN,
        "Other Non Operating Income Expenses": NaN,
        "Special Income Charges": 0.0,
        "Restructuring And Mergern Acquisition": 0.0,
        "Gain On Sale Of Security": NaN,
        "Net Non Operating Interest Income Expense": NaN,
        "Interest Expense Non Operating": NaN,
        "Interest Income Non Operating": NaN,
        "Operating Income": NaN,
        "Operating Expense": NaN,
        "Depreciation Amortization Depletion Income Statement": NaN,
        "Depreciation And Amortization In Income Statement": NaN,
        "Selling General And Administration": NaN,
        "Selling And Marketing Expense": NaN,
        "General And Administrative Expense": NaN,
        "Other Gand A": NaN,
        "Gross Profit": NaN,
        "Cost Of Revenue": NaN,
        "Total Revenue": NaN,
        "Operating Revenue": NaN
    },
    "2023-02-28": {
        "Tax Effect Of Unusual Items": -52795.887192,
        "Tax Rate For Calcs": 0.24671,
        "Normalized EBITDA": 49373000.0,
        "Total Unusual Items": -214000.0,
        "Total Unusual Items Excluding Goodwill": -214000.0,
        "Net Income From Continuing Operation Net Minority Interest": 25642000.0,
        "Reconciled Depreciation": 6622000.0,
        "Reconciled Cost Of Revenue": 191575000.0,
        "EBITDA": 49159000.0,
        "EBIT": 42537000.0,
        "Net Interest Income": -8251000.0,
        "Interest Expense": 8497000.0,
        "Interest Income": 246000.0,
        "Normalized Income": 25803204.112808,
        "Net Income From Continuing And Discontinued Operation": 25642000.0,
        "Total Expenses": 254079000.0,
        "Total Operating Income As Reported": 42505000.0,
        "Diluted Average Shares": 100840887.0,
        "Basic Average Shares": 99495657.0,
        "Diluted EPS": 0.25,
        "Basic EPS": 0.26,
        "Diluted NI Availto Com Stockholders": 25642000.0,
        "Net Income Common Stockholders": 25642000.0,
        "Net Income": 25642000.0,
        "Net Income Including Noncontrolling Interests": 25642000.0,
        "Net Income Continuous Operations": 25642000.0,
        "Tax Provision": 8398000.0,
        "Pretax Income": 34040000.0,
        "Other Income Expense": -214000.0,
        "Other Non Operating Income Expenses": NaN,
        "Gain On Sale Of Security": -214000.0,
        "Net Non Operating Interest Income Expense": -8251000.0,
        "Interest Expense Non Operating": 8497000.0,
        "Interest Income Non Operating": 246000.0,
        "Operating Income": 42505000.0,
        "Operating Expense": 60227000.0,
        "Depreciation Amortization Depletion Income Statement": 4345000.0,
        "Depreciation And Amortization In Income Statement": 4345000.0,
        "Selling General And Administration": 55882000.0,
        "Selling And Marketing Expense": 29948000.0,
        "General And Administrative Expense": 25934000.0,
        "Other Gand A": 25934000.0,
        "Gross Profit": 102732000.0,
        "Cost Of Revenue": 193852000.0,
        "Total Revenue": 296584000.0,
        "Operating Revenue": 296584000.0
    },
    "2022-11-30": {
        "Tax Effect Of Unusual Items": NaN,
        "Tax Rate For Calcs": NaN,
        "Normalized EBITDA": NaN,
        "Total Unusual Items": NaN,
        "Total Unusual Items Excluding Goodwill": NaN,
        "Net Income From Continuing Operation Net Minority Interest": NaN,
        "Reconciled Depreciation": NaN,
        "Reconciled Cost Of Revenue": NaN,
        "EBITDA": NaN,
        "EBIT": NaN,
        "Net Interest Income": NaN,
        "Interest Expense": NaN,
        "Interest Income": NaN,
        "Normalized Income": NaN,
        "Net Income From Continuing And Discontinued Operation": NaN,
        "Total Expenses": NaN,
        "Total Operating Income As Reported": NaN,
        "Diluted Average Shares": NaN,
        "Basic Average Shares": NaN,
        "Diluted EPS": NaN,
        "Basic EPS": NaN,
        "Diluted NI Availto Com Stockholders": NaN,
        "Net Income Common Stockholders": NaN,
        "Net Income": NaN,
        "Net Income Including Noncontrolling Interests": NaN,
        "Net Income Continuous Operations": NaN,
        "Tax Provision": NaN,
        "Pretax Income": NaN,
        "Other Income Expense": NaN,
        "Other Non Operating Income Expenses": 6000.0,
        "Special Income Charges": NaN,
        "Restructuring And Mergern Acquisition": NaN,
        "Gain On Sale Of Security": NaN,
        "Net Non Operating Interest Income Expense": NaN,
        "Interest Expense Non Operating": NaN,
        "Interest Income Non Operating": NaN,
        "Operating Income": NaN,
        "Operating Expense": NaN,
        "Depreciation Amortization Depletion Income Statement": NaN,
        "Depreciation And Amortization In Income Statement": NaN,
        "Selling General And Administration": NaN,
        "Selling And Marketing Expense": NaN,
        "General And Administrative Expense": NaN,
        "Other Gand A": NaN,
        "Gross Profit": NaN,
        "Cost Of Revenue": NaN,
        "Total Revenue": NaN,
        "Operating Revenue": NaN
    },
    "2022-08-31": {
        "Tax Effect Of Unusual Items": NaN,
        "Tax Rate For Calcs": NaN,
        "Normalized EBITDA": NaN,
        "Total Unusual Items": NaN,
        "Total Unusual Items Excluding Goodwill": NaN,
        "Net Income From Continuing Operation Net Minority Interest": NaN,
        "Reconciled Depreciation": NaN,
        "Reconciled Cost Of Revenue": NaN,
        "EBITDA": NaN,
        "EBIT": NaN,
        "Net Interest Income": NaN,
        "Interest Expense": NaN,
        "Interest Income": NaN,
        "Normalized Income": NaN,
        "Net Income From Continuing And Discontinued Operation": NaN,
        "Total Expenses": NaN,
        "Total Operating Income As Reported": NaN,
        "Diluted Average Shares": NaN,
        "Basic Average Shares": NaN,
        "Diluted EPS": NaN,
        "Basic EPS": NaN,
        "Diluted NI Availto Com Stockholders": NaN,
        "Net Income Common Stockholders": NaN,
        "Net Income": NaN,
        "Net Income Including Noncontrolling Interests": NaN,
        "Net Income Continuous Operations": NaN,
        "Tax Provision": NaN,
        "Pretax Income": NaN,
        "Other Income Expense": NaN,
        "Other Non Operating Income Expenses": -479000.0,
        "Special Income Charges": 0.0,
        "Gain On Sale Of Security": NaN,
        "Net Non Operating Interest Income Expense": NaN,
        "Interest Expense Non Operating": NaN,
        "Interest Income Non Operating": NaN,
        "Operating Income": NaN,
        "Operating Expense": NaN,
        "Depreciation Amortization Depletion Income Statement": NaN,
        "Depreciation And Amortization In Income Statement": NaN,
        "Selling General And Administration": NaN,
        "Selling And Marketing Expense": NaN,
        "General And Administrative Expense": NaN,
        "Other Gand A": NaN,
        "Gross Profit": NaN,
        "Cost Of Revenue": NaN,
        "Total Revenue": NaN,
        "Operating Revenue": NaN
    },
    "2022-05-31": {
        "Tax Effect Of Unusual Items": 17542.86167,
        "Tax Rate For Calcs": 0.230827,
        "Normalized EBITDA": 61781000.0,
        "Total Unusual Items": 76000.0,
        "Total Unusual Items Excluding Goodwill": 76000.0,
        "Net Income From Continuing Operation Net Minority Interest": 38834000.0,
        "Reconciled Depreciation": 6488000.0,
        "Reconciled Cost Of Revenue": 195712000.0,
        "EBIT": 55369000.0,
        "Net Interest Income": -4881000.0,
        "Interest Expense": 4881000.0,
        "Interest Income": 0.0,
        "Normalized Income": 38775542.86167,
        "Net Income From Continuing And Discontinued Operation": 38834000.0,
        "Total Expenses": 261255000.0,
        "Total Operating Income As Reported": 55276000.0,
        "Diluted Average Shares": 102237457.0,
        "Basic Average Shares": 100426227.0,
        "Diluted EPS": 0.38,
        "Basic EPS": 0.39,
        "Diluted NI Availto Com Stockholders": 38834000.0,
        "Net Income Common Stockholders": 38834000.0,
        "Net Income": 38834000.0,
        "Net Income Including Noncontrolling Interests": 38834000.0,
        "Net Income Continuous Operations": 38834000.0,
        "Tax Provision": 11654000.0,
        "Pretax Income": 50488000.0,
        "Other Income Expense": 93000.0,
        "Other Non Operating Income Expenses": 17000.0,
        "Special Income Charges": 0.0,
        "Gain On Sale Of Security": 76000.0,
        "Net Non Operating Interest Income Expense": -4881000.0,
        "Interest Expense Non Operating": 4881000.0,
        "Interest Income Non Operating": 0.0,
        "Operating Income": 55276000.0,
        "Operating Expense": 63372000.0,
        "Depreciation Amortization Depletion Income Statement": 4317000.0,
        "Depreciation And Amortization In Income Statement": 4317000.0,
        "Selling General And Administration": 59055000.0,
        "Selling And Marketing Expense": 32334000.0,
        "General And Administrative Expense": 26721000.0,
        "Other Gand A": 26721000.0,
        "Gross Profit": 118648000.0,
        "Cost Of Revenue": 197883000.0,
        "Total Revenue": 316531000.0,
        "Operating Revenue": 316531000.0
    },
    "2022-02-28": {
        "Diluted EPS": 0.18,
        "Total Revenue": 297,
        "Gross Profit": 109,
        "Operating Income": 46,
        "EBIT": 53,
        "Net Income": 18
    },
    "2021-11-30": {
        "Diluted EPS": 0.22,
        "Total Revenue": 281,
        "Gross Profit": 117,
        "Operating Income": 58,
        "EBIT": 65,
        "Net Income": 21
    },
    "2021-08-31": {
        "Diluted EPS": 0.4,
        "Total Revenue": 260,
        "Gross Profit": 104,
        "Operating Income": 41,
        "EBIT": 48,
        "Net Income": 18
    },
    "2021-05-31": {
        "Diluted EPS": 0.06,
        "Total Revenue": 284,
        "Gross Profit": 121,
        "Operating Income": 60,
        "EBIT": 67,
        "Net Income": 6
    },
    "2021-02-28": {
        "Diluted EPS": -0.27,
        "Total Revenue": 231,
        "Gross Profit": 90,
        "Operating Income": 33,
        "EBIT": 40,
        "Net Income": -26
    },
    "2020-11-30": {
        "Diluted EPS": 0.23,
        "Total Revenue": 231,
        "Gross Profit": 94,
        "Operating Income": 39,
        "EBIT": 46,
        "Net Income": 43
    },
    "2020-08-31": {
        "Diluted EPS": 0.12,
        "Total Revenue": 222,
        "Gross Profit": 88,
        "Operating Income": 25,
        "EBIT": 32,
        "Net Income": -39
    },
    "2020-05-31": {
        "Diluted EPS": 0.17,
        "Total Revenue": 215,
        "Gross Profit": 89,
        "Operating Income": 31,
        "EBIT": 37,
        "Net Income": 48
    },
    "2020-02-29": {
        "Diluted EPS": 0.11,
        "Total Revenue": 227,
        "Gross Profit": 85,
        "Operating Income": 25,
        "EBIT": 32,
        "Net Income": 48
    },
    "2019-11-30": {
        "Diluted EPS": -0.05,
        "Total Revenue": 152,
        "Gross Profit": 62,
        "Operating Income": -3,
        "EBIT": 1,
        "Net Income": 9
    },
    "2019-08-31": {
        "Diluted EPS": -0.8,
        "Total Revenue": 140,
        "Gross Profit": 59,
        "Operating Income": 12,
        "EBIT": 14,
        "Net Income": -67
    },
    "2019-05-31": {
        "Diluted EPS": 0.16,
        "Total Revenue": 139,
        "Gross Profit": 57,
        "Operating Income": 21,
        "EBIT": 23,
        "Net Income": 13
    },
    "2019-02-28": {
        "Diluted EPS": 0.15,
        "Total Revenue": 124,
        "Gross Profit": 50,
        "Operating Income": 19,
        "EBIT": 21,
        "Net Income": 13
    },
    "2018-11-30": {
        "Diluted EPS": 0.18,
        "Total Revenue": 121,
        "Gross Profit": 52,
        "Operating Income": 21,
        "EBIT": 23,
        "Net Income": 15
    },
    "2018-08-31": {
        "Diluted EPS": -0.29,
        "Total Revenue": 115,
        "Gross Profit": 29,
        "Operating Income": 17,
        "EBIT": 20,
        "Net Income": -21
    },
    "2018-05-31": {
        "Diluted EPS": 0.1,
        "Total Revenue": 107,
        "Gross Profit": 51,
        "Operating Income": 14,
        "EBIT": 16,
        "Net Income": 7
    },
    "2018-02-28": {
        "Diluted EPS": 0.56,
        "Total Revenue": 109,
        "Gross Profit": 50,
        "Operating Income": 17,
        "EBIT": 19,
        "Net Income": 41
    },
    "2017-11-30": {
        "Diluted EPS": 0.14,
        "Total Revenue": 107,
        "Gross Profit": 53,
        "Operating Income": 19,
        "EBIT": 22,
        "Net Income": 10
    },
    "2017-08-31": {
        "Diluted EPS": -0.09,
        "Total Revenue": 98,
        "Gross Profit": 18,
        "Operating Income": -17,
        "EBIT": -14,
        "Net Income": -17
    },
    "2017-05-31": {
        "Diluted EPS": 0.06,
        "Total Revenue": 97,
        "Gross Profit": 44,
        "Operating Income": 11,
        "EBIT": 14,
        "Net Income": 4
    },
    "2017-02-28": {
        "Diluted EPS": 0.0,
        "Total Revenue": 102,
        "Gross Profit": 47,
        "Operating Income": 13,
        "EBIT": 16,
        "Net Income": 3
    },
    "2016-11-30": {
        "Diluted EPS": 0.0,
        "Total Revenue": 100,
        "Gross Profit": 49,
        "Operating Income": 18,
        "EBIT": 21,
        "Net Income": 7
    },
    "2016-08-31": {
        "Diluted EPS": 0.0,
        "Total Revenue": NaN,
        "Gross Profit": NaN,
        "Operating Income": NaN,
        "EBIT": NaN,
        "Net Income": NaN
    },
    "2016-05-31": {
        "Diluted EPS": 0.0,
        "Total Revenue": 105,
        "Gross Profit": 42,
        "Operating Income": 8,
        "EBIT": 8,
        "Net Income": 1
    },
    "2015-02-28": {
        "Diluted EPS": 0.0,
        "Total Revenue": NaN,
        "Gross Profit": NaN,
        "Operating Income": NaN,
        "EBIT": NaN,
        "Net Income": NaN
    },
    "2014-11-30": {
        "Diluted EPS": 0.0,
        "Total Revenue": NaN,
        "Gross Profit": NaN,
        "Operating Income": NaN,
        "EBIT": NaN,
        "Net Income": NaN
    },
    "2014-08-31": {
        "Diluted EPS": 0.0,
        "Total Revenue": NaN,
        "Gross Profit": NaN,
        "Operating Income": NaN,
        "EBIT": NaN,
        "Net Income": NaN
    },
    "2023-08-31": {
        "Tax Effect Of Unusual Items": NaN,
        "Tax Rate For Calcs": NaN,
        "Normalized EBITDA": NaN,
        "Total Unusual Items": NaN,
        "Total Unusual Items Excluding Goodwill": NaN,
        "Net Income From Continuing Operation Net Minority Interest": NaN,
        "Reconciled Depreciation": NaN,
        "Reconciled Cost Of Revenue": NaN,
        "EBITDA": NaN,
        "EBIT": NaN,
        "Net Interest Income": NaN,
        "Interest Expense": NaN,
        "Interest Income": NaN,
        "Normalized Income": NaN,
        "Net Income From Continuing And Discontinued Operation": NaN,
        "Total Expenses": NaN,
        "Total Operating Income As Reported": NaN,
        "Diluted Average Shares": NaN,
        "Basic Average Shares": NaN,
        "Diluted EPS": NaN,
        "Basic EPS": NaN,
        "Diluted NI Availto Com Stockholders": NaN,
        "Net Income Common Stockholders": NaN,
        "Net Income": NaN,
        "Net Income Including Noncontrolling Interests": NaN,
        "Net Income Continuous Operations": NaN,
        "Tax Provision": NaN,
        "Pretax Income": NaN,
        "Other Income Expense": NaN,
        "Other Non Operating Income Expenses": 1000.0,
        "Special Income Charges": NaN,
        "Restructuring And Mergern Acquisition": NaN,
        "Gain On Sale Of Security": NaN,
        "Net Non Operating Interest Income Expense": NaN,
        "Interest Expense Non Operating": NaN,
        "Interest Income Non Operating": NaN,
        "Operating Income": NaN,
        "Operating Expense": NaN,
        "Depreciation Amortization Depletion Income Statement": NaN,
        "Depreciation And Amortization In Income Statement": NaN,
        "Selling General And Administration": NaN,
        "Selling And Marketing Expense": NaN,
        "General And Administrative Expense": NaN,
        "Other Gand A": NaN,
        "Gross Profit": NaN,
        "Cost Of Revenue": NaN,
        "Total Revenue": NaN,
        "Operating Revenue": NaN
    },
    "2023-11-30": {
        "Tax Effect Of Unusual Items": NaN,
        "Tax Rate For Calcs": NaN,
        "Normalized EBITDA": NaN,
        "Total Unusual Items": NaN,
        "Total Unusual Items Excluding Goodwill": NaN,
        "Net Income From Continuing Operation Net Minority Interest": NaN,
        "Reconciled Depreciation": NaN,
        "Reconciled Cost Of Revenue": NaN,
        "EBITDA": NaN,
        "EBIT": NaN,
        "Net Interest Income": NaN,
        "Interest Expense": NaN,
        "Interest Income": NaN,
        "Normalized Income": NaN,
        "Net Income From Continuing And Discontinued Operation": NaN,
        "Total Expenses": NaN,
        "Total Operating Income As Reported": NaN,
        "Diluted Average Shares": NaN,
        "Basic Average Shares": NaN,
        "Diluted EPS": NaN,
        "Basic EPS": NaN,
        "Diluted NI Availto Com Stockholders": NaN,
        "Net Income Common Stockholders": NaN,
        "Net Income": NaN,
        "Net Income Including Noncontrolling Interests": NaN,
        "Net Income Continuous Operations": NaN,
        "Tax Provision": NaN,
        "Pretax Income": NaN,
        "Other Income Expense": NaN,
        "Other Non Operating Income Expenses": 6000.0,
        "Special Income Charges": NaN,
        "Restructuring And Mergern Acquisition": NaN,
        "Gain On Sale Of Security": NaN,
        "Net Non Operating Interest Income Expense": NaN,
        "Interest Expense Non Operating": NaN,
        "Interest Income Non Operating": NaN,
        "Operating Income": NaN,
        "Operating Expense": NaN,
        "Depreciation Amortization Depletion Income Statement": NaN,
        "Depreciation And Amortization In Income Statement": NaN,
        "Selling General And Administration": NaN,
        "Selling And Marketing Expense": NaN,
        "General And Administrative Expense": NaN,
        "Other Gand A": NaN,
        "Gross Profit": NaN,
        "Cost Of Revenue": NaN,
        "Total Revenue": NaN,
        "Operating Revenue": NaN
    },
    "2024-02-29": {
        "Tax Effect Of Unusual Items": -5441.481516,
        "Tax Rate For Calcs": 0.236586,
        "Normalized EBITDA": 55948000.0,
        "Total Unusual Items": -23000.0,
        "Total Unusual Items Excluding Goodwill": -23000.0,
        "Net Income From Continuing Operation Net Minority Interest": 33123000.0,
        "Reconciled Depreciation": 6941000.0,
        "Reconciled Cost Of Revenue": 192599000.0,
        "EBITDA": 55925000.0,
        "EBIT": 48984000.0,
        "Net Interest Income": -4672000.0,
        "Interest Expense": 5596000.0,
        "Interest Income": 924000.0,
        "Normalized Income": 33140558.518484,
        "Net Income From Continuing And Discontinued Operation": 33123000.0,
        "Total Expenses": 264116000.0,
        "Total Operating Income As Reported": 48083000.0,
        "Diluted Average Shares": 101276575.0,
        "Basic Average Shares": 99905643.0,
        "Diluted EPS": 0.33,
        "Basic EPS": 0.33,
        "Diluted NI Availto Com Stockholders": 33123000.0,
        "Net Income Common Stockholders": 33123000.0,
        "Net Income": 33123000.0,
        "Net Income Including Noncontrolling Interests": 33123000.0,
        "Net Income Continuous Operations": 33123000.0,
        "Tax Provision": 10265000.0,
        "Pretax Income": 43388000.0,
        "Other Income Expense": -23000.0,
        "Other Non Operating Income Expenses": NaN,
        "Special Income Charges": 0.0,
        "Restructuring And Mergern Acquisition": 0.0,
        "Gain On Sale Of Security": -23000.0,
        "Net Non Operating Interest Income Expense": -4672000.0,
        "Interest Expense Non Operating": 5596000.0,
        "Interest Income Non Operating": 924000.0,
        "Operating Income": 48083000.0,
        "Operating Expense": 68787000.0,
        "Depreciation Amortization Depletion Income Statement": 4211000.0,
        "Depreciation And Amortization In Income Statement": 4211000.0,
        "Selling General And Administration": 64576000.0,
        "Selling And Marketing Expense": 34643000.0,
        "General And Administrative Expense": 29933000.0,
        "Other Gand A": 29933000.0,
        "Gross Profit": 116870000.0,
        "Cost Of Revenue": 195329000.0,
        "Total Revenue": 312199000.0,
        "Operating Revenue": 312199000.0
    },
    "2024-05-31": {
        "Tax Effect Of Unusual Items": -664050.386534,
        "Tax Rate For Calcs": 0.244586,
        "Normalized EBITDA": 69315000.0,
        "Total Unusual Items": -2715000.0,
        "Total Unusual Items Excluding Goodwill": -2715000.0,
        "Net Income From Continuing Operation Net Minority Interest": 41334000.0,
        "Reconciled Depreciation": 6855000.0,
        "Reconciled Cost Of Revenue": 198418000.0,
        "EBITDA": 66600000.0,
        "EBIT": 59745000.0,
        "Net Interest Income": -4147000.0,
        "Interest Expense": 5028000.0,
        "Interest Income": 881000.0,
        "Normalized Income": 43384949.613466,
        "Net Income From Continuing And Discontinued Operation": 41334000.0,
        "Total Expenses": 273280000.0,
        "Total Operating Income As Reported": 58774000.0,
        "Diluted Average Shares": 101270163.0,
        "Basic Average Shares": 100024230.0,
        "Diluted EPS": 0.41,
        "Basic EPS": 0.41,
        "Diluted NI Availto Com Stockholders": 41334000.0,
        "Net Income Common Stockholders": 41334000.0,
        "Net Income": 41334000.0,
        "Net Income Including Noncontrolling Interests": 41334000.0,
        "Net Income Continuous Operations": 41334000.0,
        "Tax Provision": 13383000.0,
        "Pretax Income": 54717000.0,
        "Other Income Expense": -2613000.0,
        "Other Non Operating Income Expenses": 102000.0,
        "Special Income Charges": -2703000.0,
        "Restructuring And Mergern Acquisition": 2703000.0,
        "Gain On Sale Of Security": -12000.0,
        "Net Non Operating Interest Income Expense": -4147000.0,
        "Interest Expense Non Operating": 5028000.0,
        "Interest Income Non Operating": 881000.0,
        "Operating Income": 61477000.0,
        "Operating Expense": 72149000.0,
        "Depreciation Amortization Depletion Income Statement": 4142000.0,
        "Depreciation And Amortization In Income Statement": 4142000.0,
        "Selling General And Administration": 68007000.0,
        "Selling And Marketing Expense": 36464000.0,
        "General And Administrative Expense": 31543000.0,
        "Other Gand A": 31543000.0,
        "Gross Profit": 133626000.0,
        "Cost Of Revenue": 201131000.0,
        "Total Revenue": 334757000.0,
        "Operating Revenue": 334757000.0
    },
    "2024-08-31": {
        "Tax Effect Of Unusual Items": -3320708.426182,
        "Tax Rate For Calcs": 0.282734,
        "Normalized EBITDA": 68801000.0,
        "Total Unusual Items": -11745000.0,
        "Total Unusual Items Excluding Goodwill": -11745000.0,
        "Net Income From Continuing Operation Net Minority Interest": 29291000.0,
        "Reconciled Depreciation": 6848000.0,
        "Reconciled Cost Of Revenue": 227093000.0,
        "EBITDA": 57056000.0,
        "EBIT": 50208000.0,
        "Net Interest Income": -7959000.0,
        "Interest Expense": 9371000.0,
        "Interest Income": 1412000.0,
        "Normalized Income": 37715291.573818,
        "Net Income From Continuing And Discontinued Operation": 29291000.0,
        "Total Expenses": 316046000.0,
        "Total Operating Income As Reported": 47820000.0,
        "Diluted Average Shares": 101355223.0,
        "Basic Average Shares": 100144460.0,
        "Diluted EPS": 0.29,
        "Basic EPS": 0.29,
        "Diluted NI Availto Com Stockholders": 29291000.0,
        "Net Income Common Stockholders": 29291000.0,
        "Net Income": 29291000.0,
        "Net Income Including Noncontrolling Interests": 29291000.0,
        "Net Income Continuous Operations": 29291000.0,
        "Tax Provision": 11546000.0,
        "Pretax Income": 40837000.0,
        "Other Income Expense": -10845000.0,
        "Other Non Operating Income Expenses": 900000.0,
        "Special Income Charges": -11821000.0,
        "Restructuring And Mergern Acquisition": 11821000.0,
        "Gain On Sale Of Security": 76000.0,
        "Net Non Operating Interest Income Expense": -7959000.0,
        "Interest Expense Non Operating": 9371000.0,
        "Interest Income Non Operating": 1412000.0,
        "Operating Income": 59641000.0,
        "Operating Expense": 86311000.0,
        "Depreciation Amortization Depletion Income Statement": 4206000.0,
        "Depreciation And Amortization In Income Statement": 4206000.0,
        "Selling General And Administration": 82105000.0,
        "Selling And Marketing Expense": 40832000.0,
        "General And Administrative Expense": 41273000.0,
        "Other Gand A": 41273000.0,
        "Gross Profit": 145952000.0,
        "Cost Of Revenue": 229735000.0,
        "Total Revenue": 375687000.0,
        "Operating Revenue": 375687000.0
    },
    "2024-11-30": {
        "Tax Effect Of Unusual Items": -104797.461982,
        "Tax Rate For Calcs": 0.200378,
        "Normalized EBITDA": 62784000.0,
        "Total Unusual Items": -523000.0,
        "Total Unusual Items Excluding Goodwill": -523000.0,
        "Net Income From Continuing Operation Net Minority Interest": 38122000.0,
        "Reconciled Depreciation": 6725000.0,
        "Reconciled Cost Of Revenue": 208217000.0,
        "EBITDA": 62261000.0,
        "EBIT": 55536000.0,
        "Net Interest Income": -7085000.0,
        "Interest Expense": 7861000.0,
        "Interest Income": 776000.0,
        "Normalized Income": 38540202.538018,
        "Net Income From Continuing And Discontinued Operation": 38122000.0,
        "Total Expenses": 286000000.0,
        "Total Operating Income As Reported": 54625000.0,
        "Diluted Average Shares": 101479603.0,
        "Basic Average Shares": 100394693.0,
        "Diluted EPS": 0.38,
        "Basic EPS": 0.38,
        "Diluted NI Availto Com Stockholders": 38122000.0,
        "Net Income Common Stockholders": 38122000.0,
        "Net Income": 38122000.0,
        "Net Income Including Noncontrolling Interests": 38122000.0,
        "Net Income Continuous Operations": 38122000.0,
        "Tax Provision": 9553000.0,
        "Pretax Income": 47675000.0,
        "Other Income Expense": -508000.0,
        "Other Non Operating Income Expenses": 15000.0,
        "Special Income Charges": -643000.0,
        "Restructuring And Mergern Acquisition": 643000.0,
        "Gain On Sale Of Security": 120000.0,
        "Net Non Operating Interest Income Expense": -7085000.0,
        "Interest Expense Non Operating": 7861000.0,
        "Interest Income Non Operating": 776000.0,
        "Operating Income": 55268000.0,
        "Operating Expense": 75218000.0,
        "Depreciation Amortization Depletion Income Statement": 4160000.0,
        "Depreciation And Amortization In Income Statement": 4160000.0,
        "Selling General And Administration": 71058000.0,
        "Selling And Marketing Expense": 32994000.0,
        "General And Administrative Expense": 38064000.0,
        "Other Gand A": 38064000.0,
        "Gross Profit": 130486000.0,
        "Cost Of Revenue": 210782000.0,
        "Total Revenue": 341268000.0,
        "Operating Revenue": 341268000.0
    },
    "2025-02-28": {
        "Tax Effect Of Unusual Items": -75416.758545,
        "Tax Rate For Calcs": 0.249724,
        "Normalized EBITDA": 62397000.0,
        "Total Unusual Items": -302000.0,
        "Total Unusual Items Excluding Goodwill": -302000.0,
        "Net Income From Continuing Operation Net Minority Interest": 36747000.0,
        "Reconciled Depreciation": 6779000.0,
        "Reconciled Cost Of Revenue": 226887000.0,
        "EBITDA": 62095000.0,
        "EBIT": 55316000.0,
        "Net Interest Income": -5637000.0,
        "Interest Expense": 6338000.0,
        "Interest Income": 701000.0,
        "Normalized Income": 36973583.241455,
        "Net Income From Continuing And Discontinued Operation": 36747000.0,
        "Total Expenses": 304757000.0,
        "Total Operating Income As Reported": 54721000.0,
        "Diluted Average Shares": 101821229.0,
        "Basic Average Shares": 101040501.0,
        "Diluted EPS": 0.36,
        "Basic EPS": 0.36,
        "Diluted NI Availto Com Stockholders": 36747000.0,
        "Net Income Common Stockholders": 36747000.0,
        "Net Income": 36747000.0,
        "Net Income Including Noncontrolling Interests": 36747000.0,
        "Net Income Continuous Operations": 36747000.0,
        "Tax Provision": 12231000.0,
        "Pretax Income": 48978000.0,
        "Other Income Expense": -283000.0,
        "Other Non Operating Income Expenses": 19000.0,
        "Special Income Charges": -177000.0,
        "Restructuring And Mergern Acquisition": 177000.0,
        "Gain On Sale Of Security": -125000.0,
        "Net Non Operating Interest Income Expense": -5637000.0,
        "Interest Expense Non Operating": 6338000.0,
        "Interest Income Non Operating": 701000.0,
        "Operating Income": 54898000.0,
        "Operating Expense": 75239000.0,
        "Depreciation Amortization Depletion Income Statement": 4148000.0,
        "Depreciation And Amortization In Income Statement": 4148000.0,
        "Selling General And Administration": 71091000.0,
        "Selling And Marketing Expense": 35078000.0,
        "General And Administrative Expense": 36013000.0,
        "Other Gand A": 36013000.0,
        "Gross Profit": 130137000.0,
        "Cost Of Revenue": 229518000.0,
        "Total Revenue": 359655000.0,
        "Operating Revenue": 359655000.0
    },
    "2025-05-31": {
        "Tax Effect Of Unusual Items": -83969.895144,
        "Tax Rate For Calcs": 0.249169,
        "Normalized EBITDA": 67147000.0,
        "Total Unusual Items": -337000.0,
        "Total Unusual Items Excluding Goodwill": -337000.0,
        "Net Income From Continuing Operation Net Minority Interest": 41102000.0,
        "Reconciled Depreciation": 7168000.0,
        "Reconciled Cost Of Revenue": 239440000.0,
        "EBITDA": 66810000.0,
        "EBIT": 59642000.0,
        "Net Interest Income": -4227000.0,
        "Interest Expense": 4900000.0,
        "Interest Income": 673000.0,
        "Normalized Income": 41355030.104856,
        "Net Income From Continuing And Discontinued Operation": 41102000.0,
        "Total Expenses": 321636000.0,
        "Total Operating Income As Reported": 59320000.0,
        "Diluted Average Shares": 101635521.0,
        "Basic Average Shares": 100923690.0,
        "Diluted EPS": 0.4,
        "Basic EPS": 0.41,
        "Diluted NI Availto Com Stockholders": 41102000.0,
        "Net Income Common Stockholders": 41102000.0,
        "Net Income": 41102000.0,
        "Net Income Including Noncontrolling Interests": 41102000.0,
        "Net Income Continuous Operations": 41102000.0,
        "Tax Provision": 13640000.0,
        "Pretax Income": 54742000.0,
        "Other Income Expense": -351000.0,
        "Other Non Operating Income Expenses": -14000.0,
        "Special Income Charges": 0.0,
        "Restructuring And Mergern Acquisition": 0.0,
        "Gain On Sale Of Security": -337000.0,
        "Net Non Operating Interest Income Expense": -4227000.0,
        "Interest Expense Non Operating": 4900000.0,
        "Interest Income Non Operating": 673000.0,
        "Operating Income": 59320000.0,
        "Operating Expense": 79199000.0,
        "Depreciation Amortization Depletion Income Statement": 4171000.0,
        "Depreciation And Amortization In Income Statement": 4171000.0,
        "Selling General And Administration": 75028000.0,
        "Selling And Marketing Expense": 33799000.0,
        "General And Administrative Expense": 41229000.0,
        "Other Gand A": 41229000.0,
        "Gross Profit": 138519000.0,
        "Cost Of Revenue": 242437000.0,
        "Total Revenue": 380956000.0,
        "Operating Revenue": 380956000.0
    },
    "2025-08-31": {
        "Tax Effect Of Unusual Items": -12345529.628195,
        "Tax Rate For Calcs": 0.202363,
        "Normalized EBITDA": 57287000.0,
        "Total Unusual Items": -61007000.0,
        "Total Unusual Items Excluding Goodwill": -61007000.0,
        "Net Income From Continuing Operation Net Minority Interest": -12357000.0,
        "Reconciled Depreciation": 7622000.0,
        "Reconciled Cost Of Revenue": 239235000.0,
        "EBITDA": -3720000.0,
        "EBIT": -11342000.0,
        "Net Interest Income": -3637000.0,
        "Interest Expense": 4150000.0,
        "Interest Income": 513000.0,
        "Normalized Income": 36304470.371805,
        "Net Income From Continuing And Discontinued Operation": -12357000.0,
        "Total Expenses": 319892000.0,
        "Total Operating Income As Reported": -11779000.0,
        "Diluted Average Shares": 100997903.0,
        "Basic Average Shares": 100419463.0,
        "Diluted EPS": -0.12,
        "Basic EPS": -0.12,
        "Diluted NI Availto Com Stockholders": -12357000.0,
        "Net Income Common Stockholders": -12357000.0,
        "Net Income": -12357000.0,
        "Net Income Including Noncontrolling Interests": -12357000.0,
        "Net Income Continuous Operations": -12357000.0,
        "Tax Provision": -3135000.0,
        "Pretax Income": -15492000.0,
        "Other Income Expense": -61004000.0,
        "Other Non Operating Income Expenses": 3000.0,
        "Special Income Charges": -60928000.0,
        "Restructuring And Mergern Acquisition": 0.0,
        "Gain On Sale Of Security": -79000.0,
        "Net Non Operating Interest Income Expense": -3637000.0,
        "Interest Expense Non Operating": 4150000.0,
        "Interest Income Non Operating": 513000.0,
        "Operating Income": 49149000.0,
        "Operating Expense": 77456000.0,
        "Depreciation Amortization Depletion Income Statement": 4421000.0,
        "Depreciation And Amortization In Income Statement": 4421000.0,
        "Selling General And Administration": 73035000.0,
        "Selling And Marketing Expense": 32411000.0,
        "General And Administrative Expense": 40624000.0,
        "Other Gand A": 40624000.0,
        "Gross Profit": 126605000.0,
        "Cost Of Revenue": 242436000.0,
        "Total Revenue": 369041000.0,
        "Operating Revenue": 369041000.0
    },
    "2025-11-30": {
        "Tax Effect Of Unusual Items": -14406.760114,
        "Tax Rate For Calcs": 0.25275,
        "Normalized EBITDA": 45844000.0,
        "Total Unusual Items": -57000.0,
        "Total Unusual Items Excluding Goodwill": -57000.0,
        "Net Income From Continuing Operation Net Minority Interest": 25269000.0,
        "Reconciled Depreciation": 7685000.0,
        "Reconciled Cost Of Revenue": 227246000.0,
        "EBITDA": 45787000.0,
        "EBIT": 38102000.0,
        "Net Interest Income": -3787000.0,
        "Interest Expense": 4286000.0,
        "Interest Income": 499000.0,
        "Normalized Income": 25311593.239886,
        "Net Income From Continuing And Discontinued Operation": 25269000.0,
        "Total Expenses": 302614000.0,
        "Total Operating Income As Reported": 37584000.0,
        "Diluted Average Shares": 99051004.0,
        "Basic Average Shares": 98749340.0,
        "Diluted EPS": 0.26,
        "Basic EPS": 0.26,
        "Diluted NI Availto Com Stockholders": 25269000.0,
        "Net Income Common Stockholders": 25269000.0,
        "Net Income": 25269000.0,
        "Net Income Including Noncontrolling Interests": 25269000.0,
        "Net Income Continuous Operations": 25269000.0,
        "Tax Provision": 8547000.0,
        "Pretax Income": 33816000.0,
        "Other Income Expense": 19000.0,
        "Other Non Operating Income Expenses": 76000.0,
        "Special Income Charges": 0.0,
        "Restructuring And Mergern Acquisition": 0.0,
        "Gain On Sale Of Security": -57000.0,
        "Net Non Operating Interest Income Expense": -3787000.0,
        "Interest Expense Non Operating": 4286000.0,
        "Interest Income Non Operating": 499000.0,
        "Operating Income": 37584000.0,
        "Operating Expense": 72316000.0,
        "Depreciation Amortization Depletion Income Statement": 4633000.0,
        "Depreciation And Amortization In Income Statement": 4633000.0,
        "Selling General And Administration": 67683000.0,
        "Selling And Marketing Expense": 29677000.0,
        "General And Administrative Expense": 38006000.0,
        "Other Gand A": 38006000.0,
        "Gross Profit": 109900000.0,
        "Cost Of Revenue": 230298000.0,
        "Total Revenue": 340198000.0,
        "Operating Revenue": 340198000.0
    }
}