{
    "2023-03-31": {
        "Tax Effect Of Unusual Items": NaN,
        "Tax Rate For Calcs": NaN,
        "Normalized EBITDA": NaN,
        "Net Income From Continuing Operation Net Minority Interest": NaN,
        "Reconciled Depreciation": NaN,
        "Reconciled Cost Of Revenue": NaN,
        "EBITDA": NaN,
        "EBIT": NaN,
        "Net Interest Income": NaN,
        "Interest Income": NaN,
        "Normalized Income": NaN,
        "Net Income From Continuing And Discontinued Operation": NaN,
        "Total Expenses": NaN,
        "Total Operating Income As Reported": NaN,
        "Diluted Average Shares": NaN,
        "Basic Average Shares": NaN,
        "Diluted EPS": NaN,
        "Basic EPS": NaN,
        "Diluted NI Availto Com Stockholders": NaN,
        "Net Income Common Stockholders": NaN,
        "Net Income": NaN,
        "Net Income Including Noncontrolling Interests": NaN,
        "Net Income Continuous Operations": NaN,
        "Tax Provision": NaN,
        "Pretax Income": NaN,
        "Other Income Expense": NaN,
        "Other Non Operating Income Expenses": NaN,
        "Net Non Operating Interest Income Expense": NaN,
        "Total Other Finance Cost": -2016000.0,
        "Interest Income Non Operating": NaN,
        "Operating Income": NaN,
        "Operating Expense": NaN,
        "Research And Development": NaN,
        "Selling General And Administration": NaN,
        "Selling And Marketing Expense": NaN,
        "General And Administrative Expense": NaN,
        "Other Gand A": NaN,
        "Gross Profit": NaN,
        "Cost Of Revenue": NaN,
        "Total Revenue": NaN,
        "Operating Revenue": NaN
    },
    "2022-12-31": {
        "Tax Effect Of Unusual Items": NaN,
        "Tax Rate For Calcs": NaN,
        "Normalized EBITDA": NaN,
        "Net Income From Continuing Operation Net Minority Interest": NaN,
        "Reconciled Depreciation": NaN,
        "Reconciled Cost Of Revenue": NaN,
        "EBITDA": NaN,
        "EBIT": NaN,
        "Net Interest Income": NaN,
        "Interest Income": 1199000.0,
        "Normalized Income": NaN,
        "Net Income From Continuing And Discontinued Operation": NaN,
        "Total Expenses": NaN,
        "Total Operating Income As Reported": NaN,
        "Diluted Average Shares": NaN,
        "Basic Average Shares": NaN,
        "Diluted EPS": NaN,
        "Basic EPS": NaN,
        "Diluted NI Availto Com Stockholders": NaN,
        "Net Income Common Stockholders": NaN,
        "Net Income": NaN,
        "Net Income Including Noncontrolling Interests": NaN,
        "Net Income Continuous Operations": NaN,
        "Tax Provision": NaN,
        "Pretax Income": NaN,
        "Other Income Expense": NaN,
        "Other Non Operating Income Expenses": NaN,
        "Net Non Operating Interest Income Expense": NaN,
        "Total Other Finance Cost": NaN,
        "Interest Income Non Operating": 1199000.0,
        "Operating Income": NaN,
        "Operating Expense": NaN,
        "Research And Development": NaN,
        "Selling General And Administration": NaN,
        "Selling And Marketing Expense": NaN,
        "General And Administrative Expense": NaN,
        "Other Gand A": NaN,
        "Gross Profit": NaN,
        "Cost Of Revenue": NaN,
        "Total Revenue": NaN,
        "Operating Revenue": NaN
    },
    "2022-09-30": {
        "Tax Effect Of Unusual Items": NaN,
        "Tax Rate For Calcs": NaN,
        "Normalized EBITDA": NaN,
        "Net Income From Continuing Operation Net Minority Interest": NaN,
        "Reconciled Depreciation": NaN,
        "Reconciled Cost Of Revenue": NaN,
        "EBITDA": NaN,
        "EBIT": NaN,
        "Net Interest Income": NaN,
        "Interest Income": NaN,
        "Normalized Income": NaN,
        "Net Income From Continuing And Discontinued Operation": NaN,
        "Total Expenses": NaN,
        "Total Operating Income As Reported": NaN,
        "Diluted Average Shares": 196486000.0,
        "Basic Average Shares": 196486000.0,
        "Diluted EPS": -0.13,
        "Basic EPS": -0.13,
        "Diluted NI Availto Com Stockholders": NaN,
        "Net Income Common Stockholders": NaN,
        "Net Income": NaN,
        "Net Income Including Noncontrolling Interests": NaN,
        "Net Income Continuous Operations": NaN,
        "Tax Provision": NaN,
        "Pretax Income": NaN,
        "Other Income Expense": NaN,
        "Other Non Operating Income Expenses": NaN,
        "Net Non Operating Interest Income Expense": NaN,
        "Total Other Finance Cost": NaN,
        "Interest Income Non Operating": NaN,
        "Operating Income": NaN,
        "Operating Expense": NaN,
        "Research And Development": NaN,
        "Selling General And Administration": NaN,
        "Selling And Marketing Expense": NaN,
        "General And Administrative Expense": NaN,
        "Other Gand A": NaN,
        "Gross Profit": NaN,
        "Cost Of Revenue": NaN,
        "Total Revenue": NaN,
        "Operating Revenue": NaN
    },
    "2022-06-30": {
        "Tax Effect Of Unusual Items": 0.0,
        "Tax Rate For Calcs": 0.0379,
        "Normalized EBITDA": -25786000.0,
        "Net Income From Continuing Operation Net Minority Interest": -25589000.0,
        "Reconciled Depreciation": 1227000.0,
        "Reconciled Cost Of Revenue": 41421000.0,
        "EBITDA": -25786000.0,
        "EBIT": -27013000.0,
        "Net Interest Income": 253000.0,
        "Interest Income": 253000.0,
        "Normalized Income": -25589000.0,
        "Net Income From Continuing And Discontinued Operation": -25589000.0,
        "Total Expenses": 69422000.0,
        "Total Operating Income As Reported": -27013000.0,
        "Diluted Average Shares": 195693000.0,
        "Basic Average Shares": 195693000.0,
        "Diluted EPS": -0.13,
        "Basic EPS": -0.13,
        "Diluted NI Availto Com Stockholders": -25589000.0,
        "Net Income Common Stockholders": -25589000.0,
        "Net Income": -25589000.0,
        "Net Income Including Noncontrolling Interests": -25589000.0,
        "Net Income Continuous Operations": -25589000.0,
        "Tax Provision": -1009000.0,
        "Pretax Income": -26598000.0,
        "Other Income Expense": 162000.0,
        "Other Non Operating Income Expenses": 162000.0,
        "Net Non Operating Interest Income Expense": 253000.0,
        "Total Other Finance Cost": NaN,
        "Interest Income Non Operating": 253000.0,
        "Operating Income": -27013000.0,
        "Operating Expense": 28001000.0,
        "Research And Development": 8030000.0,
        "Selling General And Administration": 19971000.0,
        "Selling And Marketing Expense": 6139000.0,
        "General And Administrative Expense": 13832000.0,
        "Other Gand A": 13832000.0,
        "Gross Profit": 988000.0,
        "Cost Of Revenue": 41421000.0,
        "Total Revenue": 42409000.0,
        "Operating Revenue": 42409000.0
    },
    "2022-03-31": {
        "Diluted EPS": -0.12,
        "Total Revenue": 37,
        "Gross Profit": -5,
        "Operating Income": -28,
        "EBIT": -28,
        "Net Income": -23
    },
    "2021-12-31": {
        "Diluted EPS": 5.21,
        "Total Revenue": 35,
        "Gross Profit": -3,
        "Operating Income": -26,
        "EBIT": -26,
        "Net Income": -26
    },
    "2021-09-30": {
        "Diluted EPS": -0.31,
        "Total Revenue": 35,
        "Gross Profit": -7,
        "Operating Income": -27,
        "EBIT": -26,
        "Net Income": -27
    },
    "2021-06-30": {
        "Diluted EPS": -4.87,
        "Total Revenue": 22,
        "Gross Profit": 0,
        "Operating Income": -10,
        "EBIT": -10,
        "Net Income": -10
    },
    "2021-03-31": {
        "Diluted EPS": -0.99,
        "Total Revenue": 19,
        "Gross Profit": 0,
        "Operating Income": -9,
        "EBIT": -9,
        "Net Income": -9
    },
    "2020-12-31": {
        "Diluted EPS": 0.0,
        "Total Revenue": NaN,
        "Gross Profit": NaN,
        "Operating Income": NaN,
        "EBIT": NaN,
        "Net Income": NaN
    },
    "2020-09-30": {
        "Diluted EPS": -1.07,
        "Total Revenue": 17,
        "Gross Profit": 0,
        "Operating Income": -8,
        "EBIT": -8,
        "Net Income": -9
    },
    "2020-06-30": {
        "Diluted EPS": 0.0,
        "Total Revenue": NaN,
        "Gross Profit": NaN,
        "Operating Income": -3,
        "EBIT": -3,
        "Net Income": -3
    },
    "2023-06-30": {
        "Tax Effect Of Unusual Items": NaN,
        "Tax Rate For Calcs": NaN,
        "Normalized EBITDA": NaN,
        "Net Income From Continuing Operation Net Minority Interest": NaN,
        "Reconciled Depreciation": NaN,
        "Reconciled Cost Of Revenue": NaN,
        "EBITDA": NaN,
        "EBIT": NaN,
        "Net Interest Income": NaN,
        "Interest Income": 1815000.0,
        "Normalized Income": NaN,
        "Net Income From Continuing And Discontinued Operation": NaN,
        "Total Expenses": NaN,
        "Total Operating Income As Reported": NaN,
        "Diluted Average Shares": 199619000.0,
        "Basic Average Shares": 199619000.0,
        "Diluted EPS": -0.05,
        "Basic EPS": -0.05,
        "Diluted NI Availto Com Stockholders": NaN,
        "Net Income Common Stockholders": NaN,
        "Net Income": NaN,
        "Net Income Including Noncontrolling Interests": NaN,
        "Net Income Continuous Operations": NaN,
        "Tax Provision": NaN,
        "Pretax Income": NaN,
        "Other Income Expense": NaN,
        "Other Non Operating Income Expenses": NaN,
        "Net Non Operating Interest Income Expense": NaN,
        "Interest Income Non Operating": 1815000.0,
        "Operating Income": NaN,
        "Operating Expense": NaN,
        "Research And Development": NaN,
        "Selling General And Administration": NaN,
        "Selling And Marketing Expense": NaN,
        "General And Administrative Expense": NaN,
        "Other Gand A": NaN,
        "Gross Profit": NaN,
        "Cost Of Revenue": NaN,
        "Total Revenue": NaN,
        "Operating Revenue": NaN
    },
    "2023-09-30": {
        "Tax Effect Of Unusual Items": NaN,
        "Tax Rate For Calcs": NaN,
        "Normalized EBITDA": NaN,
        "Net Income From Continuing Operation Net Minority Interest": NaN,
        "Reconciled Depreciation": NaN,
        "Reconciled Cost Of Revenue": NaN,
        "EBITDA": NaN,
        "EBIT": NaN,
        "Net Interest Income": NaN,
        "Interest Income": 2233000.0,
        "Normalized Income": NaN,
        "Net Income From Continuing And Discontinued Operation": NaN,
        "Total Expenses": NaN,
        "Total Operating Income As Reported": NaN,
        "Diluted Average Shares": 201584000.0,
        "Basic Average Shares": 201584000.0,
        "Diluted EPS": -0.04,
        "Basic EPS": -0.04,
        "Diluted NI Availto Com Stockholders": NaN,
        "Net Income Common Stockholders": NaN,
        "Net Income": NaN,
        "Net Income Including Noncontrolling Interests": NaN,
        "Net Income Continuous Operations": NaN,
        "Tax Provision": NaN,
        "Pretax Income": NaN,
        "Other Income Expense": NaN,
        "Other Non Operating Income Expenses": NaN,
        "Net Non Operating Interest Income Expense": NaN,
        "Interest Income Non Operating": 2233000.0,
        "Operating Income": NaN,
        "Operating Expense": NaN,
        "Research And Development": NaN,
        "Selling General And Administration": NaN,
        "Selling And Marketing Expense": NaN,
        "General And Administrative Expense": NaN,
        "Other Gand A": NaN,
        "Gross Profit": NaN,
        "Cost Of Revenue": NaN,
        "Total Revenue": NaN,
        "Operating Revenue": NaN
    },
    "2023-12-31": {
        "Tax Effect Of Unusual Items": 0.0,
        "Tax Rate For Calcs": 0.025399,
        "Normalized EBITDA": -4289000.0,
        "Net Income From Continuing Operation Net Minority Interest": -3300000.0,
        "Reconciled Depreciation": 1542000.0,
        "Reconciled Cost Of Revenue": 43253000.0,
        "EBITDA": -4289000.0,
        "EBIT": -5831000.0,
        "Net Interest Income": 2516000.0,
        "Interest Income": NaN,
        "Normalized Income": -3300000.0,
        "Net Income From Continuing And Discontinued Operation": -3300000.0,
        "Total Expenses": 66084000.0,
        "Total Operating Income As Reported": -5831000.0,
        "Diluted Average Shares": NaN,
        "Basic Average Shares": NaN,
        "Diluted EPS": NaN,
        "Basic EPS": NaN,
        "Diluted NI Availto Com Stockholders": -3300000.0,
        "Net Income Common Stockholders": -3300000.0,
        "Net Income": -3300000.0,
        "Net Income Including Noncontrolling Interests": -3300000.0,
        "Net Income Continuous Operations": -3300000.0,
        "Tax Provision": -86000.0,
        "Pretax Income": -3386000.0,
        "Other Income Expense": -71000.0,
        "Other Non Operating Income Expenses": -71000.0,
        "Net Non Operating Interest Income Expense": 2516000.0,
        "Interest Income Non Operating": NaN,
        "Operating Income": -5831000.0,
        "Operating Expense": 22831000.0,
        "Research And Development": 7465000.0,
        "Selling General And Administration": 15366000.0,
        "Selling And Marketing Expense": 4583000.0,
        "General And Administrative Expense": 10783000.0,
        "Other Gand A": 10783000.0,
        "Gross Profit": 17000000.0,
        "Cost Of Revenue": 43253000.0,
        "Total Revenue": 60253000.0,
        "Operating Revenue": 60253000.0
    },
    "2024-03-31": {
        "Tax Effect Of Unusual Items": NaN,
        "Tax Rate For Calcs": NaN,
        "Normalized EBITDA": NaN,
        "Total Unusual Items": 0.0,
        "Total Unusual Items Excluding Goodwill": 0.0,
        "Net Income From Continuing Operation Net Minority Interest": NaN,
        "Reconciled Depreciation": NaN,
        "Reconciled Cost Of Revenue": NaN,
        "EBITDA": NaN,
        "EBIT": NaN,
        "Net Interest Income": NaN,
        "Interest Income": NaN,
        "Normalized Income": NaN,
        "Net Income From Continuing And Discontinued Operation": NaN,
        "Total Expenses": NaN,
        "Total Operating Income As Reported": NaN,
        "Diluted Average Shares": NaN,
        "Basic Average Shares": NaN,
        "Diluted EPS": NaN,
        "Basic EPS": NaN,
        "Diluted NI Availto Com Stockholders": NaN,
        "Net Income Common Stockholders": NaN,
        "Net Income": NaN,
        "Net Income Including Noncontrolling Interests": NaN,
        "Net Income Continuous Operations": NaN,
        "Tax Provision": NaN,
        "Pretax Income": NaN,
        "Other Income Expense": NaN,
        "Other Non Operating Income Expenses": NaN,
        "Special Income Charges": 0.0,
        "Write Off": 0.0,
        "Impairment Of Capital Assets": NaN,
        "Net Non Operating Interest Income Expense": NaN,
        "Interest Income Non Operating": NaN,
        "Operating Income": NaN,
        "Operating Expense": NaN,
        "Research And Development": NaN,
        "Selling General And Administration": NaN,
        "Selling And Marketing Expense": NaN,
        "General And Administrative Expense": NaN,
        "Other Gand A": NaN,
        "Gross Profit": NaN,
        "Cost Of Revenue": NaN,
        "Total Revenue": NaN,
        "Operating Revenue": NaN
    },
    "2024-06-30": {
        "Tax Effect Of Unusual Items": 0.0,
        "Tax Rate For Calcs": 0.21,
        "Normalized EBITDA": -5333000.0,
        "Total Unusual Items": 0.0,
        "Total Unusual Items Excluding Goodwill": 0.0,
        "Net Income From Continuing Operation Net Minority Interest": -4605000.0,
        "Reconciled Depreciation": 1585000.0,
        "Reconciled Cost Of Revenue": 31213000.0,
        "EBITDA": -5333000.0,
        "EBIT": -6918000.0,
        "Net Interest Income": 2290000.0,
        "Interest Income": 2290000.0,
        "Normalized Income": -4605000.0,
        "Net Income From Continuing And Discontinued Operation": -4605000.0,
        "Total Expenses": 55436000.0,
        "Total Operating Income As Reported": -6918000.0,
        "Diluted Average Shares": 201986000.0,
        "Basic Average Shares": 201986000.0,
        "Diluted EPS": -0.02,
        "Basic EPS": -0.02,
        "Diluted NI Availto Com Stockholders": -4605000.0,
        "Net Income Common Stockholders": -4605000.0,
        "Net Income": -4605000.0,
        "Net Income Including Noncontrolling Interests": -4605000.0,
        "Net Income Continuous Operations": -4605000.0,
        "Tax Provision": 68000.0,
        "Pretax Income": -4537000.0,
        "Other Income Expense": 91000.0,
        "Other Non Operating Income Expenses": 91000.0,
        "Special Income Charges": 0.0,
        "Write Off": NaN,
        "Impairment Of Capital Assets": 0.0,
        "Net Non Operating Interest Income Expense": 2290000.0,
        "Interest Income Non Operating": 2290000.0,
        "Operating Income": -6918000.0,
        "Operating Expense": 24223000.0,
        "Research And Development": 7484000.0,
        "Selling General And Administration": 16739000.0,
        "Selling And Marketing Expense": 4716000.0,
        "General And Administrative Expense": 12023000.0,
        "Other Gand A": 12023000.0,
        "Gross Profit": 17305000.0,
        "Cost Of Revenue": 31213000.0,
        "Total Revenue": 48518000.0,
        "Operating Revenue": 48518000.0
    },
    "2024-09-30": {
        "Tax Effect Of Unusual Items": 0.0,
        "Tax Rate For Calcs": 0.21,
        "Normalized EBITDA": -10093000.0,
        "Total Unusual Items": NaN,
        "Total Unusual Items Excluding Goodwill": NaN,
        "Net Income From Continuing Operation Net Minority Interest": -9923000.0,
        "Reconciled Depreciation": 1644000.0,
        "Reconciled Cost Of Revenue": 27053000.0,
        "EBITDA": -10093000.0,
        "EBIT": -11737000.0,
        "Net Interest Income": 2019000.0,
        "Interest Income": 2019000.0,
        "Normalized Income": -9923000.0,
        "Net Income From Continuing And Discontinued Operation": -9923000.0,
        "Total Expenses": 52247000.0,
        "Total Operating Income As Reported": -11737000.0,
        "Diluted Average Shares": 198731000.0,
        "Basic Average Shares": 198731000.0,
        "Diluted EPS": -0.05,
        "Basic EPS": -0.05,
        "Diluted NI Availto Com Stockholders": -9923000.0,
        "Net Income Common Stockholders": -9923000.0,
        "Net Income": -9923000.0,
        "Net Income Including Noncontrolling Interests": -9923000.0,
        "Net Income Continuous Operations": -9923000.0,
        "Tax Provision": 18000.0,
        "Pretax Income": -9905000.0,
        "Other Income Expense": -187000.0,
        "Other Non Operating Income Expenses": -187000.0,
        "Special Income Charges": NaN,
        "Write Off": NaN,
        "Impairment Of Capital Assets": NaN,
        "Net Non Operating Interest Income Expense": 2019000.0,
        "Interest Income Non Operating": 2019000.0,
        "Operating Income": -11737000.0,
        "Operating Expense": 25194000.0,
        "Research And Development": 6596000.0,
        "Selling General And Administration": 18598000.0,
        "Selling And Marketing Expense": 4444000.0,
        "General And Administrative Expense": 14154000.0,
        "Other Gand A": 14154000.0,
        "Gross Profit": 13457000.0,
        "Cost Of Revenue": 27053000.0,
        "Total Revenue": 40510000.0,
        "Operating Revenue": 40510000.0
    },
    "2024-12-31": {
        "Tax Effect Of Unusual Items": 0.0,
        "Tax Rate For Calcs": 0.21,
        "Normalized EBITDA": -11193000.0,
        "Total Unusual Items": NaN,
        "Total Unusual Items Excluding Goodwill": NaN,
        "Net Income From Continuing Operation Net Minority Interest": -11423000.0,
        "Reconciled Depreciation": 1765000.0,
        "Reconciled Cost Of Revenue": 25215000.0,
        "EBITDA": -11193000.0,
        "EBIT": -12958000.0,
        "Net Interest Income": 1524000.0,
        "Interest Income": 1524000.0,
        "Normalized Income": -11423000.0,
        "Net Income From Continuing And Discontinued Operation": -11423000.0,
        "Total Expenses": 48326000.0,
        "Total Operating Income As Reported": -12958000.0,
        "Diluted Average Shares": 198731000.0,
        "Basic Average Shares": 198731000.0,
        "Diluted EPS": -0.06,
        "Basic EPS": -0.06,
        "Diluted NI Availto Com Stockholders": -11423000.0,
        "Net Income Common Stockholders": -11423000.0,
        "Net Income": -11423000.0,
        "Net Income Including Noncontrolling Interests": -11423000.0,
        "Net Income Continuous Operations": -11423000.0,
        "Tax Provision": 136000.0,
        "Pretax Income": -11287000.0,
        "Other Income Expense": 147000.0,
        "Other Non Operating Income Expenses": 147000.0,
        "Special Income Charges": NaN,
        "Write Off": NaN,
        "Impairment Of Capital Assets": NaN,
        "Net Non Operating Interest Income Expense": 1524000.0,
        "Interest Income Non Operating": 1524000.0,
        "Operating Income": -12958000.0,
        "Operating Expense": 23111000.0,
        "Research And Development": 6927000.0,
        "Selling General And Administration": 16184000.0,
        "Selling And Marketing Expense": 4732000.0,
        "General And Administrative Expense": 11452000.0,
        "Other Gand A": 11452000.0,
        "Gross Profit": 10153000.0,
        "Cost Of Revenue": 25215000.0,
        "Total Revenue": 35368000.0,
        "Operating Revenue": 35368000.0
    },
    "2025-03-31": {
        "Tax Effect Of Unusual Items": -5235090.0,
        "Tax Rate For Calcs": 0.21,
        "Normalized EBITDA": 10512000.0,
        "Total Unusual Items": -24929000.0,
        "Total Unusual Items Excluding Goodwill": -24929000.0,
        "Net Income From Continuing Operation Net Minority Interest": -40184000.0,
        "Reconciled Depreciation": 1943000.0,
        "Reconciled Cost Of Revenue": 27782000.0,
        "EBITDA": -14417000.0,
        "EBIT": -16360000.0,
        "Net Interest Income": 1200000.0,
        "Interest Income": 1200000.0,
        "Normalized Income": -20490090.0,
        "Net Income From Continuing And Discontinued Operation": -40184000.0,
        "Total Expenses": 57704000.0,
        "Total Operating Income As Reported": -41289000.0,
        "Diluted Average Shares": 192419000.0,
        "Basic Average Shares": 192419000.0,
        "Diluted EPS": -0.21,
        "Basic EPS": -0.21,
        "Diluted NI Availto Com Stockholders": -40184000.0,
        "Net Income Common Stockholders": -40184000.0,
        "Net Income": -40184000.0,
        "Net Income Including Noncontrolling Interests": -40184000.0,
        "Net Income Continuous Operations": -40184000.0,
        "Tax Provision": 108000.0,
        "Pretax Income": -40076000.0,
        "Other Income Expense": -24916000.0,
        "Other Non Operating Income Expenses": 13000.0,
        "Special Income Charges": -24929000.0,
        "Write Off": 24929000.0,
        "Impairment Of Capital Assets": NaN,
        "Net Non Operating Interest Income Expense": 1200000.0,
        "Interest Income Non Operating": 1200000.0,
        "Operating Income": -16360000.0,
        "Operating Expense": 29922000.0,
        "Research And Development": 8258000.0,
        "Selling General And Administration": 21664000.0,
        "Selling And Marketing Expense": 4770000.0,
        "General And Administrative Expense": 16894000.0,
        "Other Gand A": 16894000.0,
        "Gross Profit": 13562000.0,
        "Cost Of Revenue": 27782000.0,
        "Total Revenue": 41344000.0,
        "Operating Revenue": 41344000.0
    },
    "2025-06-30": {
        "Tax Effect Of Unusual Items": 0.0,
        "Tax Rate For Calcs": 0.003029,
        "Normalized EBITDA": -9619000.0,
        "Total Unusual Items": 0.0,
        "Total Unusual Items Excluding Goodwill": 0.0,
        "Net Income From Continuing Operation Net Minority Interest": -10860000.0,
        "Reconciled Depreciation": 2066000.0,
        "Reconciled Cost Of Revenue": 25640000.0,
        "EBITDA": -9619000.0,
        "EBIT": -11685000.0,
        "Net Interest Income": 1012000.0,
        "Interest Income": 1012000.0,
        "Normalized Income": -10860000.0,
        "Net Income From Continuing And Discontinued Operation": -10860000.0,
        "Total Expenses": 49993000.0,
        "Total Operating Income As Reported": -11685000.0,
        "Diluted Average Shares": 188755000.0,
        "Basic Average Shares": 188755000.0,
        "Diluted EPS": -0.06,
        "Basic EPS": -0.06,
        "Diluted NI Availto Com Stockholders": -10860000.0,
        "Net Income Common Stockholders": -10860000.0,
        "Net Income": -10860000.0,
        "Net Income Including Noncontrolling Interests": -10860000.0,
        "Net Income Continuous Operations": -10860000.0,
        "Tax Provision": -33000.0,
        "Pretax Income": -10893000.0,
        "Other Income Expense": -220000.0,
        "Other Non Operating Income Expenses": -220000.0,
        "Special Income Charges": 0.0,
        "Write Off": NaN,
        "Impairment Of Capital Assets": 0.0,
        "Net Non Operating Interest Income Expense": 1012000.0,
        "Interest Income Non Operating": 1012000.0,
        "Operating Income": -11685000.0,
        "Operating Expense": 24353000.0,
        "Research And Development": 6465000.0,
        "Selling General And Administration": 17888000.0,
        "Selling And Marketing Expense": 6375000.0,
        "General And Administrative Expense": 11513000.0,
        "Other Gand A": 11513000.0,
        "Gross Profit": 12668000.0,
        "Cost Of Revenue": 25640000.0,
        "Total Revenue": 38308000.0,
        "Operating Revenue": 38308000.0
    }
}