{
    "2023-03-31": {
        "Tax Effect Of Unusual Items": NaN,
        "Tax Rate For Calcs": NaN,
        "Normalized EBITDA": NaN,
        "Total Unusual Items": NaN,
        "Total Unusual Items Excluding Goodwill": NaN,
        "Net Income From Continuing Operation Net Minority Interest": NaN,
        "Reconciled Depreciation": NaN,
        "Reconciled Cost Of Revenue": NaN,
        "EBITDA": NaN,
        "EBIT": NaN,
        "Net Interest Income": NaN,
        "Interest Expense": NaN,
        "Interest Income": NaN,
        "Normalized Income": NaN,
        "Net Income From Continuing And Discontinued Operation": NaN,
        "Total Expenses": NaN,
        "Total Operating Income As Reported": NaN,
        "Diluted Average Shares": NaN,
        "Basic Average Shares": NaN,
        "Diluted EPS": NaN,
        "Basic EPS": NaN,
        "Diluted NI Availto Com Stockholders": NaN,
        "Net Income Common Stockholders": NaN,
        "Net Income": NaN,
        "Net Income Including Noncontrolling Interests": NaN,
        "Net Income Continuous Operations": NaN,
        "Tax Provision": NaN,
        "Pretax Income": NaN,
        "Other Income Expense": NaN,
        "Other Non Operating Income Expenses": NaN,
        "Special Income Charges": NaN,
        "Other Special Charges": 627000.0,
        "Impairment Of Capital Assets": NaN,
        "Gain On Sale Of Security": NaN,
        "Net Non Operating Interest Income Expense": NaN,
        "Total Other Finance Cost": 2260000.0,
        "Interest Expense Non Operating": NaN,
        "Interest Income Non Operating": NaN,
        "Operating Income": NaN,
        "Operating Expense": NaN,
        "Depreciation Amortization Depletion Income Statement": NaN,
        "Depreciation And Amortization In Income Statement": NaN,
        "Research And Development": NaN,
        "Selling General And Administration": NaN,
        "Selling And Marketing Expense": NaN,
        "General And Administrative Expense": NaN,
        "Other Gand A": NaN,
        "Gross Profit": NaN,
        "Cost Of Revenue": NaN,
        "Total Revenue": NaN,
        "Operating Revenue": NaN
    },
    "2022-12-31": {
        "Tax Effect Of Unusual Items": NaN,
        "Tax Rate For Calcs": NaN,
        "Normalized EBITDA": NaN,
        "Total Unusual Items": NaN,
        "Total Unusual Items Excluding Goodwill": NaN,
        "Net Income From Continuing Operation Net Minority Interest": NaN,
        "Reconciled Depreciation": NaN,
        "Reconciled Cost Of Revenue": NaN,
        "EBITDA": NaN,
        "EBIT": NaN,
        "Net Interest Income": NaN,
        "Interest Expense": NaN,
        "Interest Income": NaN,
        "Normalized Income": NaN,
        "Net Income From Continuing And Discontinued Operation": NaN,
        "Total Expenses": NaN,
        "Total Operating Income As Reported": NaN,
        "Diluted Average Shares": NaN,
        "Basic Average Shares": NaN,
        "Diluted EPS": NaN,
        "Basic EPS": NaN,
        "Diluted NI Availto Com Stockholders": NaN,
        "Net Income Common Stockholders": NaN,
        "Net Income": NaN,
        "Net Income Including Noncontrolling Interests": NaN,
        "Net Income Continuous Operations": NaN,
        "Tax Provision": NaN,
        "Pretax Income": NaN,
        "Other Income Expense": NaN,
        "Other Non Operating Income Expenses": NaN,
        "Special Income Charges": NaN,
        "Other Special Charges": NaN,
        "Impairment Of Capital Assets": NaN,
        "Restructuring And Mergern Acquisition": 0.0,
        "Gain On Sale Of Security": NaN,
        "Net Non Operating Interest Income Expense": NaN,
        "Total Other Finance Cost": 1782000.0,
        "Interest Expense Non Operating": NaN,
        "Interest Income Non Operating": NaN,
        "Operating Income": NaN,
        "Operating Expense": NaN,
        "Depreciation Amortization Depletion Income Statement": NaN,
        "Depreciation And Amortization In Income Statement": NaN,
        "Amortization": 1546000.0,
        "Amortization Of Intangibles Income Statement": 1546000.0,
        "Research And Development": NaN,
        "Selling General And Administration": NaN,
        "Selling And Marketing Expense": NaN,
        "General And Administrative Expense": NaN,
        "Other Gand A": NaN,
        "Gross Profit": NaN,
        "Cost Of Revenue": NaN,
        "Total Revenue": NaN,
        "Operating Revenue": NaN
    },
    "2022-09-30": {
        "Tax Effect Of Unusual Items": NaN,
        "Tax Rate For Calcs": NaN,
        "Normalized EBITDA": NaN,
        "Total Unusual Items": NaN,
        "Total Unusual Items Excluding Goodwill": NaN,
        "Net Income From Continuing Operation Net Minority Interest": NaN,
        "Reconciled Depreciation": NaN,
        "Reconciled Cost Of Revenue": NaN,
        "EBITDA": NaN,
        "EBIT": NaN,
        "Net Interest Income": NaN,
        "Interest Expense": 896000.0,
        "Interest Income": NaN,
        "Normalized Income": NaN,
        "Net Income From Continuing And Discontinued Operation": NaN,
        "Total Expenses": NaN,
        "Total Operating Income As Reported": NaN,
        "Diluted Average Shares": NaN,
        "Basic Average Shares": NaN,
        "Diluted EPS": NaN,
        "Basic EPS": NaN,
        "Diluted NI Availto Com Stockholders": NaN,
        "Net Income Common Stockholders": NaN,
        "Net Income": NaN,
        "Net Income Including Noncontrolling Interests": NaN,
        "Net Income Continuous Operations": NaN,
        "Tax Provision": NaN,
        "Pretax Income": NaN,
        "Other Income Expense": NaN,
        "Other Non Operating Income Expenses": NaN,
        "Special Income Charges": NaN,
        "Other Special Charges": NaN,
        "Impairment Of Capital Assets": NaN,
        "Restructuring And Mergern Acquisition": 0.0,
        "Gain On Sale Of Security": NaN,
        "Net Non Operating Interest Income Expense": NaN,
        "Total Other Finance Cost": 896000.0,
        "Interest Expense Non Operating": 896000.0,
        "Interest Income Non Operating": NaN,
        "Operating Income": NaN,
        "Operating Expense": NaN,
        "Depreciation Amortization Depletion Income Statement": NaN,
        "Depreciation And Amortization In Income Statement": NaN,
        "Amortization": 1545000.0,
        "Amortization Of Intangibles Income Statement": 1545000.0,
        "Research And Development": NaN,
        "Selling General And Administration": NaN,
        "Selling And Marketing Expense": NaN,
        "General And Administrative Expense": NaN,
        "Other Gand A": NaN,
        "Gross Profit": NaN,
        "Cost Of Revenue": NaN,
        "Total Revenue": NaN,
        "Operating Revenue": NaN
    },
    "2022-06-30": {
        "Tax Effect Of Unusual Items": 0.0,
        "Tax Rate For Calcs": 0.4,
        "Normalized EBITDA": -6575000.0,
        "Total Unusual Items": NaN,
        "Total Unusual Items Excluding Goodwill": NaN,
        "Net Income From Continuing Operation Net Minority Interest": -8493000.0,
        "Reconciled Depreciation": 1904000.0,
        "Reconciled Cost Of Revenue": 3290000.0,
        "EBITDA": -6575000.0,
        "EBIT": -8479000.0,
        "Net Interest Income": 2000.0,
        "Interest Expense": NaN,
        "Interest Income": 2000.0,
        "Normalized Income": -8493000.0,
        "Net Income From Continuing And Discontinued Operation": -8493000.0,
        "Total Expenses": 21153000.0,
        "Total Operating Income As Reported": -8479000.0,
        "Diluted Average Shares": 55183000.0,
        "Basic Average Shares": 55183000.0,
        "Diluted EPS": -0.15,
        "Basic EPS": -0.15,
        "Diluted NI Availto Com Stockholders": -8493000.0,
        "Net Income Common Stockholders": -8493000.0,
        "Net Income": -8493000.0,
        "Net Income Including Noncontrolling Interests": -8493000.0,
        "Net Income Continuous Operations": -8493000.0,
        "Tax Provision": 31000.0,
        "Pretax Income": -8462000.0,
        "Other Income Expense": 15000.0,
        "Other Non Operating Income Expenses": 15000.0,
        "Special Income Charges": NaN,
        "Other Special Charges": NaN,
        "Restructuring And Mergern Acquisition": NaN,
        "Gain On Sale Of Security": NaN,
        "Net Non Operating Interest Income Expense": 2000.0,
        "Total Other Finance Cost": NaN,
        "Interest Expense Non Operating": NaN,
        "Interest Income Non Operating": 2000.0,
        "Operating Income": -8479000.0,
        "Operating Expense": 17536000.0,
        "Depreciation Amortization Depletion Income Statement": 1577000.0,
        "Depreciation And Amortization In Income Statement": 1577000.0,
        "Amortization": 1577000.0,
        "Amortization Of Intangibles Income Statement": 1577000.0,
        "Research And Development": 8213000.0,
        "Selling General And Administration": 7746000.0,
        "Selling And Marketing Expense": 3720000.0,
        "General And Administrative Expense": 4026000.0,
        "Other Gand A": 4026000.0,
        "Gross Profit": 9057000.0,
        "Cost Of Revenue": 3617000.0,
        "Total Revenue": 12674000.0,
        "Operating Revenue": 12674000.0
    },
    "2022-03-31": {
        "Diluted EPS": -0.13,
        "Total Revenue": 13,
        "Gross Profit": 9,
        "Operating Income": -7,
        "EBIT": -5,
        "Net Income": -7
    },
    "2021-12-31": {
        "Diluted EPS": -0.1,
        "Total Revenue": 15,
        "Gross Profit": 11,
        "Operating Income": -4,
        "EBIT": -4,
        "Net Income": -4
    },
    "2021-09-30": {
        "Diluted EPS": -0.34,
        "Total Revenue": 16,
        "Gross Profit": 13,
        "Operating Income": -18,
        "EBIT": -15,
        "Net Income": -19
    },
    "2021-06-30": {
        "Diluted EPS": -0.1,
        "Total Revenue": 16,
        "Gross Profit": 13,
        "Operating Income": -5,
        "EBIT": -2,
        "Net Income": -5
    },
    "2021-03-31": {
        "Diluted EPS": -0.07,
        "Total Revenue": 11,
        "Gross Profit": 10,
        "Operating Income": -3,
        "EBIT": -1,
        "Net Income": -3
    },
    "2020-12-31": {
        "Diluted EPS": 0.02,
        "Total Revenue": 12,
        "Gross Profit": 11,
        "Operating Income": 0,
        "EBIT": 1,
        "Net Income": 1
    },
    "2020-09-30": {
        "Diluted EPS": 0.0,
        "Total Revenue": 13,
        "Gross Profit": 11,
        "Operating Income": 0,
        "EBIT": 1,
        "Net Income": 0
    },
    "2020-06-30": {
        "Diluted EPS": 0.03,
        "Total Revenue": 13,
        "Gross Profit": 12,
        "Operating Income": 1,
        "EBIT": 2,
        "Net Income": 1
    },
    "2020-03-31": {
        "Diluted EPS": 0.05,
        "Total Revenue": 13,
        "Gross Profit": 12,
        "Operating Income": 2,
        "EBIT": 3,
        "Net Income": 2
    },
    "2019-12-31": {
        "Diluted EPS": 0.1,
        "Total Revenue": 12,
        "Gross Profit": 11,
        "Operating Income": 4,
        "EBIT": 4,
        "Net Income": 4
    },
    "2019-09-30": {
        "Diluted EPS": 0.09,
        "Total Revenue": 12,
        "Gross Profit": 11,
        "Operating Income": 3,
        "EBIT": 4,
        "Net Income": 4
    },
    "2019-06-30": {
        "Diluted EPS": 0.1,
        "Total Revenue": 11,
        "Gross Profit": 10,
        "Operating Income": 3,
        "EBIT": 3,
        "Net Income": 3
    },
    "2019-03-31": {
        "Diluted EPS": 0.0,
        "Total Revenue": 8,
        "Gross Profit": 8,
        "Operating Income": 0,
        "EBIT": 0,
        "Net Income": 0
    },
    "2018-12-31": {
        "Diluted EPS": 0.17,
        "Total Revenue": 7,
        "Gross Profit": 6,
        "Operating Income": 1,
        "EBIT": 1,
        "Net Income": 3
    },
    "2018-09-30": {
        "Diluted EPS": -0.04,
        "Total Revenue": 7,
        "Gross Profit": 6,
        "Operating Income": 0,
        "EBIT": 0,
        "Net Income": -1
    },
    "2018-06-30": {
        "Diluted EPS": -0.11,
        "Total Revenue": 7,
        "Gross Profit": 6,
        "Operating Income": 0,
        "EBIT": 0,
        "Net Income": -2
    },
    "2018-03-31": {
        "Diluted EPS": -0.16,
        "Total Revenue": 5,
        "Gross Profit": 4,
        "Operating Income": -2,
        "EBIT": -2,
        "Net Income": -2
    },
    "2017-12-31": {
        "Diluted EPS": 0.02,
        "Total Revenue": 6,
        "Gross Profit": 4,
        "Operating Income": -1,
        "EBIT": 0,
        "Net Income": 0
    },
    "2017-09-30": {
        "Diluted EPS": -0.12,
        "Total Revenue": 6,
        "Gross Profit": 5,
        "Operating Income": -1,
        "EBIT": -1,
        "Net Income": -2
    },
    "2017-06-30": {
        "Diluted EPS": -0.15,
        "Total Revenue": 6,
        "Gross Profit": 5,
        "Operating Income": -2,
        "EBIT": -1,
        "Net Income": -2
    },
    "2017-03-31": {
        "Diluted EPS": -0.24,
        "Total Revenue": 6,
        "Gross Profit": 4,
        "Operating Income": -3,
        "EBIT": -2,
        "Net Income": -3
    },
    "2016-12-31": {
        "Diluted EPS": -0.3,
        "Total Revenue": 7,
        "Gross Profit": 5,
        "Operating Income": -4,
        "EBIT": -3,
        "Net Income": -4
    },
    "2016-09-30": {
        "Diluted EPS": -0.38,
        "Total Revenue": 6,
        "Gross Profit": 5,
        "Operating Income": -5,
        "EBIT": -4,
        "Net Income": -5
    },
    "2016-06-30": {
        "Diluted EPS": -0.28,
        "Total Revenue": 7,
        "Gross Profit": 6,
        "Operating Income": -4,
        "EBIT": -4,
        "Net Income": -3
    },
    "2016-03-31": {
        "Diluted EPS": -0.32,
        "Total Revenue": 7,
        "Gross Profit": 5,
        "Operating Income": -4,
        "EBIT": -3,
        "Net Income": -4
    },
    "2015-12-31": {
        "Diluted EPS": -0.07,
        "Total Revenue": 10,
        "Gross Profit": 8,
        "Operating Income": -1,
        "EBIT": 0,
        "Net Income": -1
    },
    "2015-09-30": {
        "Diluted EPS": -0.07,
        "Total Revenue": 10,
        "Gross Profit": 8,
        "Operating Income": -1,
        "EBIT": 0,
        "Net Income": -1
    },
    "2015-06-30": {
        "Diluted EPS": -0.12,
        "Total Revenue": 9,
        "Gross Profit": 7,
        "Operating Income": -1,
        "EBIT": -1,
        "Net Income": -1
    },
    "2015-03-31": {
        "Diluted EPS": 0.0,
        "Total Revenue": 11,
        "Gross Profit": 8,
        "Operating Income": 0,
        "EBIT": 0,
        "Net Income": 0
    },
    "2014-12-31": {
        "Diluted EPS": 0.12,
        "Total Revenue": 11,
        "Gross Profit": 8,
        "Operating Income": 0,
        "EBIT": 1,
        "Net Income": 0
    },
    "2014-09-30": {
        "Diluted EPS": -0.12,
        "Total Revenue": 9,
        "Gross Profit": 7,
        "Operating Income": -1,
        "EBIT": 0,
        "Net Income": -1
    },
    "2014-06-30": {
        "Diluted EPS": -0.6,
        "Total Revenue": 9,
        "Gross Profit": 6,
        "Operating Income": -6,
        "EBIT": -5,
        "Net Income": -6
    },
    "2014-03-31": {
        "Diluted EPS": -0.56,
        "Total Revenue": 8,
        "Gross Profit": 6,
        "Operating Income": -5,
        "EBIT": -4,
        "Net Income": -5
    },
    "2013-12-31": {
        "Diluted EPS": -0.2,
        "Total Revenue": 12,
        "Gross Profit": 9,
        "Operating Income": -2,
        "EBIT": -1,
        "Net Income": -2
    },
    "2013-09-30": {
        "Diluted EPS": -1.4,
        "Total Revenue": 9,
        "Gross Profit": 6,
        "Operating Income": -13,
        "EBIT": -12,
        "Net Income": -13
    },
    "2013-06-30": {
        "Diluted EPS": -0.76,
        "Total Revenue": 10,
        "Gross Profit": 8,
        "Operating Income": -7,
        "EBIT": -6,
        "Net Income": -7
    },
    "2013-03-31": {
        "Diluted EPS": -0.68,
        "Total Revenue": 12,
        "Gross Profit": 9,
        "Operating Income": -6,
        "EBIT": -5,
        "Net Income": -6
    },
    "2012-12-31": {
        "Diluted EPS": -0.48,
        "Total Revenue": 12,
        "Gross Profit": 10,
        "Operating Income": -5,
        "EBIT": -3,
        "Net Income": -4
    },
    "2012-09-30": {
        "Diluted EPS": -0.52,
        "Total Revenue": 11,
        "Gross Profit": 9,
        "Operating Income": -6,
        "EBIT": -5,
        "Net Income": -5
    },
    "2012-06-30": {
        "Diluted EPS": -0.76,
        "Total Revenue": 10,
        "Gross Profit": 8,
        "Operating Income": -7,
        "EBIT": -6,
        "Net Income": -7
    },
    "2012-03-31": {
        "Diluted EPS": -1.08,
        "Total Revenue": 10,
        "Gross Profit": 8,
        "Operating Income": -10,
        "EBIT": -9,
        "Net Income": -10
    },
    "2011-12-31": {
        "Diluted EPS": -1.12,
        "Total Revenue": 11,
        "Gross Profit": 9,
        "Operating Income": -12,
        "EBIT": -11,
        "Net Income": -10
    },
    "2011-09-30": {
        "Diluted EPS": -15.04,
        "Total Revenue": 13,
        "Gross Profit": 9,
        "Operating Income": -128,
        "EBIT": -125,
        "Net Income": -134
    },
    "2011-06-30": {
        "Diluted EPS": -0.88,
        "Total Revenue": 16,
        "Gross Profit": 13,
        "Operating Income": -13,
        "EBIT": -10,
        "Net Income": -8
    },
    "2011-03-31": {
        "Diluted EPS": -0.88,
        "Total Revenue": 18,
        "Gross Profit": 14,
        "Operating Income": -13,
        "EBIT": -10,
        "Net Income": -8
    },
    "2010-12-31": {
        "Diluted EPS": 0.68,
        "Total Revenue": 35,
        "Gross Profit": 31,
        "Operating Income": 6,
        "EBIT": 9,
        "Net Income": 6
    },
    "2010-09-30": {
        "Diluted EPS": 0.36,
        "Total Revenue": 34,
        "Gross Profit": 30,
        "Operating Income": 6,
        "EBIT": 9,
        "Net Income": 3
    },
    "2010-06-30": {
        "Diluted EPS": 0.2,
        "Total Revenue": 31,
        "Gross Profit": 27,
        "Operating Income": 4,
        "EBIT": 7,
        "Net Income": 2
    },
    "2010-03-31": {
        "Diluted EPS": 0.2,
        "Total Revenue": 30,
        "Gross Profit": 26,
        "Operating Income": 3,
        "EBIT": 6,
        "Net Income": 2
    },
    "2009-12-31": {
        "Diluted EPS": 0.12,
        "Total Revenue": 30,
        "Gross Profit": 26,
        "Operating Income": 4,
        "EBIT": 7,
        "Net Income": 1
    },
    "2009-09-30": {
        "Diluted EPS": 0.24,
        "Total Revenue": 28,
        "Gross Profit": 24,
        "Operating Income": 4,
        "EBIT": 7,
        "Net Income": 2
    },
    "2009-06-30": {
        "Diluted EPS": 0.16,
        "Total Revenue": 26,
        "Gross Profit": 22,
        "Operating Income": 3,
        "EBIT": 5,
        "Net Income": 1
    },
    "2009-03-31": {
        "Diluted EPS": 0.04,
        "Total Revenue": 24,
        "Gross Profit": 19,
        "Operating Income": 0,
        "EBIT": 3,
        "Net Income": 0
    },
    "2023-06-30": {
        "Tax Effect Of Unusual Items": NaN,
        "Tax Rate For Calcs": NaN,
        "Normalized EBITDA": NaN,
        "Total Unusual Items": NaN,
        "Total Unusual Items Excluding Goodwill": NaN,
        "Net Income From Continuing Operation Net Minority Interest": NaN,
        "Reconciled Depreciation": NaN,
        "Reconciled Cost Of Revenue": NaN,
        "EBITDA": NaN,
        "EBIT": NaN,
        "Net Interest Income": NaN,
        "Interest Expense": 2037000.0,
        "Interest Income": NaN,
        "Normalized Income": NaN,
        "Net Income From Continuing And Discontinued Operation": NaN,
        "Total Expenses": NaN,
        "Total Operating Income As Reported": NaN,
        "Diluted Average Shares": NaN,
        "Basic Average Shares": NaN,
        "Diluted EPS": NaN,
        "Basic EPS": NaN,
        "Diluted NI Availto Com Stockholders": NaN,
        "Net Income Common Stockholders": NaN,
        "Net Income": NaN,
        "Net Income Including Noncontrolling Interests": NaN,
        "Net Income Continuous Operations": NaN,
        "Tax Provision": NaN,
        "Pretax Income": NaN,
        "Other Income Expense": NaN,
        "Other Non Operating Income Expenses": NaN,
        "Special Income Charges": NaN,
        "Other Special Charges": 775000.0,
        "Impairment Of Capital Assets": 0.0,
        "Gain On Sale Of Security": NaN,
        "Net Non Operating Interest Income Expense": NaN,
        "Interest Expense Non Operating": 2037000.0,
        "Interest Income Non Operating": NaN,
        "Operating Income": NaN,
        "Operating Expense": NaN,
        "Depreciation Amortization Depletion Income Statement": NaN,
        "Depreciation And Amortization In Income Statement": NaN,
        "Research And Development": NaN,
        "Selling General And Administration": NaN,
        "Selling And Marketing Expense": NaN,
        "General And Administrative Expense": NaN,
        "Other Gand A": NaN,
        "Gross Profit": NaN,
        "Cost Of Revenue": NaN,
        "Total Revenue": NaN,
        "Operating Revenue": NaN
    },
    "2023-09-30": {
        "Tax Effect Of Unusual Items": -317100.0,
        "Tax Rate For Calcs": 0.21,
        "Normalized EBITDA": -586000.0,
        "Total Unusual Items": -1510000.0,
        "Total Unusual Items Excluding Goodwill": -1510000.0,
        "Net Income From Continuing Operation Net Minority Interest": -5133000.0,
        "Reconciled Depreciation": 1580000.0,
        "Reconciled Cost Of Revenue": 2515000.0,
        "EBITDA": -2096000.0,
        "EBIT": -3676000.0,
        "Net Interest Income": -1443000.0,
        "Interest Expense": 1443000.0,
        "Interest Income": NaN,
        "Normalized Income": -3940100.0,
        "Net Income From Continuing And Discontinued Operation": -5133000.0,
        "Total Expenses": 13182000.0,
        "Total Operating Income As Reported": -2181000.0,
        "Diluted Average Shares": 8419000.0,
        "Basic Average Shares": 8419000.0,
        "Diluted EPS": -0.61,
        "Basic EPS": -0.61,
        "Diluted NI Availto Com Stockholders": -5133000.0,
        "Net Income Common Stockholders": -5133000.0,
        "Net Income": -5133000.0,
        "Net Income Including Noncontrolling Interests": -5133000.0,
        "Net Income Continuous Operations": -5133000.0,
        "Tax Provision": 14000.0,
        "Pretax Income": -5119000.0,
        "Other Income Expense": -1495000.0,
        "Other Non Operating Income Expenses": 15000.0,
        "Special Income Charges": -1583000.0,
        "Other Special Charges": 1583000.0,
        "Impairment Of Capital Assets": 0.0,
        "Gain On Sale Of Security": 73000.0,
        "Net Non Operating Interest Income Expense": -1443000.0,
        "Interest Expense Non Operating": 1443000.0,
        "Interest Income Non Operating": NaN,
        "Operating Income": -2181000.0,
        "Operating Expense": 10654000.0,
        "Depreciation Amortization Depletion Income Statement": 1567000.0,
        "Depreciation And Amortization In Income Statement": 1567000.0,
        "Research And Development": 3704000.0,
        "Selling General And Administration": 5383000.0,
        "Selling And Marketing Expense": 2449000.0,
        "General And Administrative Expense": 2934000.0,
        "Other Gand A": 2934000.0,
        "Gross Profit": 8473000.0,
        "Cost Of Revenue": 2528000.0,
        "Total Revenue": 11001000.0,
        "Operating Revenue": 11001000.0
    },
    "2023-12-31": {
        "Tax Effect Of Unusual Items": -58380.0,
        "Tax Rate For Calcs": 0.21,
        "Normalized EBITDA": -3204000.0,
        "Total Unusual Items": -278000.0,
        "Total Unusual Items Excluding Goodwill": -278000.0,
        "Net Income From Continuing Operation Net Minority Interest": -6712000.0,
        "Reconciled Depreciation": 2483000.0,
        "Reconciled Cost Of Revenue": 2149000.0,
        "EBITDA": -3482000.0,
        "EBIT": -5965000.0,
        "Net Interest Income": -614000.0,
        "Interest Expense": 614000.0,
        "Interest Income": NaN,
        "Normalized Income": -6492380.0,
        "Net Income From Continuing And Discontinued Operation": -6712000.0,
        "Total Expenses": 14290000.0,
        "Total Operating Income As Reported": -5697000.0,
        "Diluted Average Shares": 9086125.0,
        "Basic Average Shares": 9086125.0,
        "Diluted EPS": -0.72,
        "Basic EPS": -0.72,
        "Diluted NI Availto Com Stockholders": -6712000.0,
        "Net Income Common Stockholders": -6712000.0,
        "Net Income": -6712000.0,
        "Net Income Including Noncontrolling Interests": -6712000.0,
        "Net Income Continuous Operations": -6712000.0,
        "Tax Provision": 133000.0,
        "Pretax Income": -6579000.0,
        "Other Income Expense": -268000.0,
        "Other Non Operating Income Expenses": 10000.0,
        "Special Income Charges": -1006000.0,
        "Other Special Charges": 1006000.0,
        "Impairment Of Capital Assets": NaN,
        "Gain On Sale Of Security": 728000.0,
        "Net Non Operating Interest Income Expense": -614000.0,
        "Interest Expense Non Operating": 614000.0,
        "Interest Income Non Operating": NaN,
        "Operating Income": -5697000.0,
        "Operating Expense": 12131000.0,
        "Depreciation Amortization Depletion Income Statement": 2473000.0,
        "Depreciation And Amortization In Income Statement": 2473000.0,
        "Research And Development": 3869000.0,
        "Selling General And Administration": 5789000.0,
        "Selling And Marketing Expense": 2458000.0,
        "General And Administrative Expense": 3331000.0,
        "Other Gand A": 3331000.0,
        "Gross Profit": 6434000.0,
        "Cost Of Revenue": 2159000.0,
        "Total Revenue": 8593000.0,
        "Operating Revenue": 8593000.0
    },
    "2024-03-31": {
        "Tax Effect Of Unusual Items": -4998840.0,
        "Tax Rate For Calcs": 0.21,
        "Normalized EBITDA": 18261000.0,
        "Total Unusual Items": -23804000.0,
        "Total Unusual Items Excluding Goodwill": -23804000.0,
        "Net Income From Continuing Operation Net Minority Interest": -31007000.0,
        "Reconciled Depreciation": 1914000.0,
        "Reconciled Cost Of Revenue": 1982000.0,
        "EBITDA": -5543000.0,
        "EBIT": -7457000.0,
        "Net Interest Income": 74000.0,
        "Interest Expense": NaN,
        "Interest Income": 74000.0,
        "Normalized Income": -12201840.0,
        "Net Income From Continuing And Discontinued Operation": -31007000.0,
        "Total Expenses": 13255000.0,
        "Total Operating Income As Reported": -31446000.0,
        "Diluted Average Shares": 9466000.0,
        "Basic Average Shares": 9466000.0,
        "Diluted EPS": -3.28,
        "Basic EPS": -3.28,
        "Diluted NI Availto Com Stockholders": -31007000.0,
        "Net Income Common Stockholders": -31007000.0,
        "Net Income": -31007000.0,
        "Net Income Including Noncontrolling Interests": -31007000.0,
        "Net Income Continuous Operations": -31007000.0,
        "Tax Provision": 39000.0,
        "Pretax Income": -30968000.0,
        "Other Income Expense": -23585000.0,
        "Other Non Operating Income Expenses": 219000.0,
        "Special Income Charges": -23989000.0,
        "Other Special Charges": NaN,
        "Impairment Of Capital Assets": 23989000.0,
        "Gain On Sale Of Security": 185000.0,
        "Net Non Operating Interest Income Expense": 74000.0,
        "Interest Expense Non Operating": NaN,
        "Interest Income Non Operating": 74000.0,
        "Operating Income": -7457000.0,
        "Operating Expense": 11267000.0,
        "Depreciation Amortization Depletion Income Statement": 1908000.0,
        "Depreciation And Amortization In Income Statement": 1908000.0,
        "Research And Development": 3989000.0,
        "Selling General And Administration": 5370000.0,
        "Selling And Marketing Expense": 2614000.0,
        "General And Administrative Expense": 2756000.0,
        "Other Gand A": 2756000.0,
        "Gross Profit": 3810000.0,
        "Cost Of Revenue": 1988000.0,
        "Total Revenue": 5798000.0,
        "Operating Revenue": 5798000.0
    },
    "2024-06-30": {
        "Tax Effect Of Unusual Items": 0.0,
        "Tax Rate For Calcs": 0.0,
        "Normalized EBITDA": -5475000.0,
        "Total Unusual Items": 42000.0,
        "Total Unusual Items Excluding Goodwill": 42000.0,
        "Net Income From Continuing Operation Net Minority Interest": -6929000.0,
        "Reconciled Depreciation": 1546000.0,
        "Reconciled Cost Of Revenue": 1602000.0,
        "EBITDA": -5433000.0,
        "EBIT": -6979000.0,
        "Net Interest Income": 26000.0,
        "Interest Expense": NaN,
        "Interest Income": 26000.0,
        "Normalized Income": -6971000.0,
        "Net Income From Continuing And Discontinued Operation": -6929000.0,
        "Total Expenses": 12119000.0,
        "Total Operating Income As Reported": -6979000.0,
        "Diluted Average Shares": 10567000.0,
        "Basic Average Shares": 10567000.0,
        "Diluted EPS": -0.66,
        "Basic EPS": -0.66,
        "Diluted NI Availto Com Stockholders": -6929000.0,
        "Net Income Common Stockholders": -6929000.0,
        "Net Income": -6929000.0,
        "Net Income Including Noncontrolling Interests": -6929000.0,
        "Net Income Continuous Operations": -6929000.0,
        "Tax Provision": 0.0,
        "Pretax Income": -6929000.0,
        "Other Income Expense": 24000.0,
        "Other Non Operating Income Expenses": -18000.0,
        "Special Income Charges": 0.0,
        "Other Special Charges": NaN,
        "Impairment Of Capital Assets": 0.0,
        "Gain On Sale Of Security": 42000.0,
        "Net Non Operating Interest Income Expense": 26000.0,
        "Interest Expense Non Operating": NaN,
        "Interest Income Non Operating": 26000.0,
        "Operating Income": -6979000.0,
        "Operating Expense": 10512000.0,
        "Depreciation Amortization Depletion Income Statement": 1541000.0,
        "Depreciation And Amortization In Income Statement": 1541000.0,
        "Research And Development": 3702000.0,
        "Selling General And Administration": 5269000.0,
        "Selling And Marketing Expense": 2529000.0,
        "General And Administrative Expense": 2740000.0,
        "Other Gand A": 2740000.0,
        "Gross Profit": 3533000.0,
        "Cost Of Revenue": 1607000.0,
        "Total Revenue": 5140000.0,
        "Operating Revenue": 5140000.0
    },
    "2024-09-30": {
        "Tax Effect Of Unusual Items": 0.0,
        "Tax Rate For Calcs": 0.0,
        "Normalized EBITDA": -5152000.0,
        "Total Unusual Items": 221000.0,
        "Total Unusual Items Excluding Goodwill": 221000.0,
        "Net Income From Continuing Operation Net Minority Interest": -6369000.0,
        "Reconciled Depreciation": 1426000.0,
        "Reconciled Cost Of Revenue": 1317000.0,
        "EBITDA": -4931000.0,
        "EBIT": -6357000.0,
        "Net Interest Income": -12000.0,
        "Interest Expense": 12000.0,
        "Interest Income": NaN,
        "Normalized Income": -6590000.0,
        "Net Income From Continuing And Discontinued Operation": -6369000.0,
        "Total Expenses": 11155000.0,
        "Total Operating Income As Reported": -6507000.0,
        "Diluted Average Shares": 11832000.0,
        "Basic Average Shares": 11832000.0,
        "Diluted EPS": -0.54,
        "Basic EPS": -0.54,
        "Diluted NI Availto Com Stockholders": -6369000.0,
        "Net Income Common Stockholders": -6369000.0,
        "Net Income": -6369000.0,
        "Net Income Including Noncontrolling Interests": -6369000.0,
        "Net Income Continuous Operations": -6369000.0,
        "Tax Provision": 0.0,
        "Pretax Income": -6369000.0,
        "Other Income Expense": 150000.0,
        "Other Non Operating Income Expenses": -71000.0,
        "Special Income Charges": 0.0,
        "Other Special Charges": NaN,
        "Impairment Of Capital Assets": 0.0,
        "Gain On Sale Of Security": 221000.0,
        "Net Non Operating Interest Income Expense": -12000.0,
        "Interest Expense Non Operating": 12000.0,
        "Interest Income Non Operating": NaN,
        "Operating Income": -6507000.0,
        "Operating Expense": 9834000.0,
        "Depreciation Amortization Depletion Income Statement": 1422000.0,
        "Depreciation And Amortization In Income Statement": 1422000.0,
        "Research And Development": 3637000.0,
        "Selling General And Administration": 4775000.0,
        "Selling And Marketing Expense": 2060000.0,
        "General And Administrative Expense": 2715000.0,
        "Other Gand A": 2715000.0,
        "Gross Profit": 3327000.0,
        "Cost Of Revenue": 1321000.0,
        "Total Revenue": 4648000.0,
        "Operating Revenue": 4648000.0
    }
}