{
    "2023-04-30": {
        "Tax Effect Of Unusual Items": NaN,
        "Tax Rate For Calcs": NaN,
        "Normalized EBITDA": NaN,
        "Total Unusual Items": NaN,
        "Total Unusual Items Excluding Goodwill": NaN,
        "Net Income From Continuing Operation Net Minority Interest": NaN,
        "Reconciled Depreciation": NaN,
        "Reconciled Cost Of Revenue": NaN,
        "EBITDA": NaN,
        "EBIT": NaN,
        "Net Interest Income": NaN,
        "Interest Expense": NaN,
        "Interest Income": NaN,
        "Normalized Income": NaN,
        "Net Income From Continuing And Discontinued Operation": NaN,
        "Total Expenses": NaN,
        "Total Operating Income As Reported": NaN,
        "Diluted Average Shares": 63924000.0,
        "Basic Average Shares": 63924000.0,
        "Diluted EPS": -0.46,
        "Basic EPS": -0.46,
        "Diluted NI Availto Com Stockholders": NaN,
        "Net Income Common Stockholders": NaN,
        "Net Income": NaN,
        "Minority Interests": NaN,
        "Net Income Including Noncontrolling Interests": NaN,
        "Net Income Continuous Operations": NaN,
        "Earnings From Equity Interest Net Of Tax": NaN,
        "Tax Provision": NaN,
        "Pretax Income": NaN,
        "Other Income Expense": NaN,
        "Other Non Operating Income Expenses": NaN,
        "Special Income Charges": NaN,
        "Gain On Sale Of Business": NaN,
        "Other Special Charges": NaN,
        "Write Off": NaN,
        "Impairment Of Capital Assets": NaN,
        "Restructuring And Mergern Acquisition": NaN,
        "Gain On Sale Of Security": NaN,
        "Net Non Operating Interest Income Expense": NaN,
        "Total Other Finance Cost": NaN,
        "Interest Expense Non Operating": NaN,
        "Interest Income Non Operating": NaN,
        "Operating Income": NaN,
        "Operating Expense": NaN,
        "Depreciation Amortization Depletion Income Statement": NaN,
        "Depreciation And Amortization In Income Statement": NaN,
        "Amortization": NaN,
        "Amortization Of Intangibles Income Statement": NaN,
        "Research And Development": NaN,
        "Selling General And Administration": NaN,
        "General And Administrative Expense": NaN,
        "Other Gand A": NaN,
        "Salaries And Wages": NaN,
        "Gross Profit": NaN,
        "Cost Of Revenue": NaN,
        "Total Revenue": NaN,
        "Operating Revenue": NaN
    },
    "2023-01-31": {
        "Tax Effect Of Unusual Items": NaN,
        "Tax Rate For Calcs": NaN,
        "Normalized EBITDA": NaN,
        "Total Unusual Items": NaN,
        "Total Unusual Items Excluding Goodwill": NaN,
        "Net Income From Continuing Operation Net Minority Interest": NaN,
        "Reconciled Depreciation": NaN,
        "Reconciled Cost Of Revenue": NaN,
        "EBITDA": NaN,
        "EBIT": NaN,
        "Net Interest Income": NaN,
        "Interest Expense": NaN,
        "Interest Income": NaN,
        "Normalized Income": NaN,
        "Net Income From Continuing And Discontinued Operation": NaN,
        "Total Expenses": NaN,
        "Total Operating Income As Reported": NaN,
        "Diluted Average Shares": NaN,
        "Basic Average Shares": NaN,
        "Diluted EPS": NaN,
        "Basic EPS": NaN,
        "Diluted NI Availto Com Stockholders": NaN,
        "Net Income Common Stockholders": NaN,
        "Net Income": NaN,
        "Minority Interests": NaN,
        "Net Income Including Noncontrolling Interests": NaN,
        "Net Income Continuous Operations": NaN,
        "Earnings From Equity Interest Net Of Tax": NaN,
        "Tax Provision": NaN,
        "Pretax Income": NaN,
        "Other Income Expense": NaN,
        "Other Non Operating Income Expenses": NaN,
        "Special Income Charges": NaN,
        "Gain On Sale Of Business": 0.0,
        "Other Special Charges": 0.0,
        "Write Off": NaN,
        "Impairment Of Capital Assets": NaN,
        "Restructuring And Mergern Acquisition": NaN,
        "Gain On Sale Of Security": NaN,
        "Net Non Operating Interest Income Expense": NaN,
        "Total Other Finance Cost": NaN,
        "Interest Expense Non Operating": NaN,
        "Interest Income Non Operating": NaN,
        "Operating Income": NaN,
        "Operating Expense": NaN,
        "Depreciation Amortization Depletion Income Statement": NaN,
        "Depreciation And Amortization In Income Statement": NaN,
        "Amortization": NaN,
        "Amortization Of Intangibles Income Statement": NaN,
        "Research And Development": NaN,
        "Selling General And Administration": NaN,
        "General And Administrative Expense": NaN,
        "Other Gand A": NaN,
        "Salaries And Wages": NaN,
        "Gross Profit": NaN,
        "Cost Of Revenue": NaN,
        "Total Revenue": NaN,
        "Operating Revenue": NaN
    },
    "2022-10-31": {
        "Tax Effect Of Unusual Items": NaN,
        "Tax Rate For Calcs": NaN,
        "Normalized EBITDA": NaN,
        "Total Unusual Items": NaN,
        "Total Unusual Items Excluding Goodwill": NaN,
        "Net Income From Continuing Operation Net Minority Interest": NaN,
        "Reconciled Depreciation": NaN,
        "Reconciled Cost Of Revenue": NaN,
        "EBITDA": NaN,
        "EBIT": NaN,
        "Net Interest Income": NaN,
        "Interest Expense": NaN,
        "Interest Income": NaN,
        "Normalized Income": NaN,
        "Net Income From Continuing And Discontinued Operation": NaN,
        "Total Expenses": NaN,
        "Total Operating Income As Reported": NaN,
        "Diluted Average Shares": NaN,
        "Basic Average Shares": NaN,
        "Diluted EPS": NaN,
        "Basic EPS": NaN,
        "Diluted NI Availto Com Stockholders": NaN,
        "Net Income Common Stockholders": NaN,
        "Net Income": NaN,
        "Minority Interests": NaN,
        "Net Income Including Noncontrolling Interests": NaN,
        "Net Income Continuous Operations": NaN,
        "Earnings From Equity Interest Net Of Tax": NaN,
        "Tax Provision": NaN,
        "Pretax Income": NaN,
        "Other Income Expense": NaN,
        "Other Non Operating Income Expenses": NaN,
        "Special Income Charges": NaN,
        "Gain On Sale Of Business": 327000.0,
        "Other Special Charges": 7255000.0,
        "Write Off": NaN,
        "Impairment Of Capital Assets": 0.0,
        "Restructuring And Mergern Acquisition": 2244000.0,
        "Gain On Sale Of Security": NaN,
        "Net Non Operating Interest Income Expense": NaN,
        "Total Other Finance Cost": 279000.0,
        "Interest Expense Non Operating": NaN,
        "Interest Income Non Operating": NaN,
        "Operating Income": NaN,
        "Operating Expense": NaN,
        "Depreciation Amortization Depletion Income Statement": NaN,
        "Depreciation And Amortization In Income Statement": NaN,
        "Amortization": NaN,
        "Amortization Of Intangibles Income Statement": NaN,
        "Research And Development": NaN,
        "Selling General And Administration": NaN,
        "General And Administrative Expense": NaN,
        "Other Gand A": NaN,
        "Salaries And Wages": NaN,
        "Gross Profit": NaN,
        "Cost Of Revenue": NaN,
        "Total Revenue": NaN,
        "Operating Revenue": NaN
    },
    "2022-07-31": {
        "Tax Effect Of Unusual Items": 3498850.0,
        "Tax Rate For Calcs": 0.19,
        "Normalized EBITDA": 54668000.0,
        "Total Unusual Items": 18415000.0,
        "Total Unusual Items Excluding Goodwill": 18415000.0,
        "Net Income From Continuing Operation Net Minority Interest": 51598000.0,
        "Reconciled Depreciation": 8492000.0,
        "Reconciled Cost Of Revenue": 65991000.0,
        "EBITDA": 73083000.0,
        "EBIT": 64591000.0,
        "Net Interest Income": -1259000.0,
        "Interest Expense": 1259000.0,
        "Interest Income": NaN,
        "Normalized Income": 36681850.0,
        "Net Income From Continuing And Discontinued Operation": 51598000.0,
        "Total Expenses": 163203000.0,
        "Total Operating Income As Reported": 64037000.0,
        "Diluted Average Shares": 63977000.0,
        "Basic Average Shares": 63500000.0,
        "Diluted EPS": 0.81,
        "Basic EPS": 0.81,
        "Diluted NI Availto Com Stockholders": 51598000.0,
        "Net Income Common Stockholders": 51598000.0,
        "Net Income": 51598000.0,
        "Minority Interests": 2000.0,
        "Net Income Including Noncontrolling Interests": 51596000.0,
        "Net Income Continuous Operations": 51596000.0,
        "Earnings From Equity Interest Net Of Tax": 283000.0,
        "Tax Provision": 12019000.0,
        "Pretax Income": 63332000.0,
        "Other Income Expense": 18540000.0,
        "Other Non Operating Income Expenses": 125000.0,
        "Special Income Charges": 18415000.0,
        "Gain On Sale Of Business": 17986000.0,
        "Other Special Charges": NaN,
        "Write Off": -429000.0,
        "Impairment Of Capital Assets": NaN,
        "Restructuring And Mergern Acquisition": NaN,
        "Gain On Sale Of Security": NaN,
        "Net Non Operating Interest Income Expense": -1259000.0,
        "Total Other Finance Cost": NaN,
        "Interest Expense Non Operating": 1259000.0,
        "Interest Income Non Operating": NaN,
        "Operating Income": 46051000.0,
        "Operating Expense": 89768000.0,
        "Depreciation Amortization Depletion Income Statement": 1048000.0,
        "Depreciation And Amortization In Income Statement": 1048000.0,
        "Amortization": 1048000.0,
        "Amortization Of Intangibles Income Statement": 1048000.0,
        "Research And Development": 40601000.0,
        "Selling General And Administration": 48119000.0,
        "General And Administrative Expense": NaN,
        "Other Gand A": NaN,
        "Salaries And Wages": NaN,
        "Gross Profit": 135819000.0,
        "Cost Of Revenue": 73435000.0,
        "Total Revenue": 209254000.0,
        "Operating Revenue": 209254000.0
    },
    "2022-04-30": {
        "Diluted EPS": 0.59,
        "Total Revenue": 202,
        "Gross Profit": 129,
        "Operating Income": 47,
        "EBIT": 56,
        "Net Income": 38
    },
    "2022-01-31": {
        "Diluted EPS": 0.53,
        "Total Revenue": 191,
        "Gross Profit": 117,
        "Operating Income": 43,
        "EBIT": 52,
        "Net Income": 35
    },
    "2021-10-31": {
        "Diluted EPS": 0.53,
        "Total Revenue": 195,
        "Gross Profit": 124,
        "Operating Income": 37,
        "EBIT": 46,
        "Net Income": 34
    },
    "2021-07-31": {
        "Diluted EPS": 0.5,
        "Total Revenue": 185,
        "Gross Profit": 115,
        "Operating Income": 37,
        "EBIT": 46,
        "Net Income": 33
    },
    "2021-04-30": {
        "Diluted EPS": 0.36,
        "Total Revenue": 170,
        "Gross Profit": 105,
        "Operating Income": 28,
        "EBIT": 37,
        "Net Income": 24
    },
    "2021-01-31": {
        "Diluted EPS": 0.24,
        "Total Revenue": 165,
        "Gross Profit": 93,
        "Operating Income": 19,
        "EBIT": 31,
        "Net Income": 16
    },
    "2020-10-31": {
        "Diluted EPS": 0.28,
        "Total Revenue": 154,
        "Gross Profit": 94,
        "Operating Income": 21,
        "EBIT": 30,
        "Net Income": 18
    },
    "2020-07-31": {
        "Diluted EPS": 0.24,
        "Total Revenue": 144,
        "Gross Profit": 88,
        "Operating Income": 19,
        "EBIT": 27,
        "Net Income": 16
    },
    "2020-04-30": {
        "Diluted EPS": 0.15,
        "Total Revenue": 133,
        "Gross Profit": 81,
        "Operating Income": 16,
        "EBIT": 24,
        "Net Income": 10
    },
    "2020-01-31": {
        "Diluted EPS": 0.04,
        "Total Revenue": 138,
        "Gross Profit": 84,
        "Operating Income": 10,
        "EBIT": 24,
        "Net Income": 3
    },
    "2019-10-31": {
        "Diluted EPS": 0.21,
        "Total Revenue": 141,
        "Gross Profit": 86,
        "Operating Income": 18,
        "EBIT": 28,
        "Net Income": 14
    },
    "2019-07-31": {
        "Diluted EPS": 0.03,
        "Total Revenue": 137,
        "Gross Profit": 85,
        "Operating Income": 12,
        "EBIT": 22,
        "Net Income": 2
    },
    "2019-04-30": {
        "Diluted EPS": 0.19,
        "Total Revenue": 131,
        "Gross Profit": 81,
        "Operating Income": 12,
        "EBIT": 23,
        "Net Income": 13
    },
    "2019-01-31": {
        "Diluted EPS": 0.29,
        "Total Revenue": 160,
        "Gross Profit": 99,
        "Operating Income": 34,
        "EBIT": 46,
        "Net Income": 20
    },
    "2018-10-31": {
        "Diluted EPS": 0.18,
        "Total Revenue": 174,
        "Gross Profit": 107,
        "Operating Income": 42,
        "EBIT": 55,
        "Net Income": 12
    },
    "2018-07-31": {
        "Diluted EPS": 0.37,
        "Total Revenue": 163,
        "Gross Profit": 100,
        "Operating Income": 33,
        "EBIT": 45,
        "Net Income": 25
    },
    "2018-04-30": {
        "Diluted EPS": 0.18,
        "Total Revenue": 130,
        "Gross Profit": 71,
        "Operating Income": -3,
        "EBIT": 9,
        "Net Income": 12
    },
    "2018-01-31": {
        "Diluted EPS": -0.06,
        "Total Revenue": 141,
        "Gross Profit": 85,
        "Operating Income": 12,
        "EBIT": 25,
        "Net Income": -3
    },
    "2017-10-31": {
        "Diluted EPS": 0.2,
        "Total Revenue": 150,
        "Gross Profit": 89,
        "Operating Income": 18,
        "EBIT": 30,
        "Net Income": 13
    },
    "2017-07-31": {
        "Diluted EPS": 0.19,
        "Total Revenue": 153,
        "Gross Profit": 92,
        "Operating Income": 19,
        "EBIT": 31,
        "Net Income": 13
    },
    "2017-04-30": {
        "Diluted EPS": 0.18,
        "Total Revenue": 144,
        "Gross Profit": 85,
        "Operating Income": 18,
        "EBIT": 30,
        "Net Income": 12
    },
    "2017-01-31": {
        "Diluted EPS": 0.12,
        "Total Revenue": 140,
        "Gross Profit": 83,
        "Operating Income": 15,
        "EBIT": 27,
        "Net Income": 8
    },
    "2016-10-31": {
        "Diluted EPS": 0.46,
        "Total Revenue": 137,
        "Gross Profit": 81,
        "Operating Income": 39,
        "EBIT": 51,
        "Net Income": 31
    },
    "2016-07-31": {
        "Diluted EPS": 0.14,
        "Total Revenue": 136,
        "Gross Profit": 82,
        "Operating Income": 16,
        "EBIT": 29,
        "Net Income": 9
    },
    "2016-04-30": {
        "Diluted EPS": 0.11,
        "Total Revenue": 131,
        "Gross Profit": 79,
        "Operating Income": 13,
        "EBIT": 25,
        "Net Income": 7
    },
    "2016-01-31": {
        "Diluted EPS": 0.01,
        "Total Revenue": 119,
        "Gross Profit": 70,
        "Operating Income": 3,
        "EBIT": 16,
        "Net Income": 1
    },
    "2015-10-31": {
        "Diluted EPS": 0.16,
        "Total Revenue": 116,
        "Gross Profit": 70,
        "Operating Income": 19,
        "EBIT": 32,
        "Net Income": 11
    },
    "2015-07-31": {
        "Diluted EPS": 0.0,
        "Total Revenue": 126,
        "Gross Profit": 76,
        "Operating Income": 3,
        "EBIT": 15,
        "Net Income": 0
    },
    "2015-04-30": {
        "Diluted EPS": 0.0,
        "Total Revenue": 130,
        "Gross Profit": 78,
        "Operating Income": 5,
        "EBIT": 17,
        "Net Income": 0
    },
    "2015-01-31": {
        "Diluted EPS": -0.23,
        "Total Revenue": 130,
        "Gross Profit": 73,
        "Operating Income": -14,
        "EBIT": 5,
        "Net Income": -15
    },
    "2014-10-31": {
        "Diluted EPS": 0.26,
        "Total Revenue": 149,
        "Gross Profit": 89,
        "Operating Income": 23,
        "EBIT": 35,
        "Net Income": 18
    },
    "2014-07-31": {
        "Diluted EPS": 0.26,
        "Total Revenue": 146,
        "Gross Profit": 88,
        "Operating Income": 22,
        "EBIT": 34,
        "Net Income": 18
    },
    "2014-04-30": {
        "Diluted EPS": 0.12,
        "Total Revenue": 133,
        "Gross Profit": 78,
        "Operating Income": 11,
        "EBIT": 23,
        "Net Income": 8
    },
    "2014-01-31": {
        "Diluted EPS": -3.12,
        "Total Revenue": 127,
        "Gross Profit": 54,
        "Operating Income": -167,
        "EBIT": 2,
        "Net Income": -211
    },
    "2013-10-31": {
        "Diluted EPS": 0.18,
        "Total Revenue": 141,
        "Gross Profit": 83,
        "Operating Income": 13,
        "EBIT": 27,
        "Net Income": 12
    },
    "2013-07-31": {
        "Diluted EPS": 0.28,
        "Total Revenue": 165,
        "Gross Profit": 101,
        "Operating Income": 24,
        "EBIT": 40,
        "Net Income": 19
    },
    "2013-04-30": {
        "Diluted EPS": 0.22,
        "Total Revenue": 162,
        "Gross Profit": 97,
        "Operating Income": 20,
        "EBIT": 34,
        "Net Income": 15
    },
    "2013-01-31": {
        "Diluted EPS": 0.19,
        "Total Revenue": 151,
        "Gross Profit": 88,
        "Operating Income": 12,
        "EBIT": 27,
        "Net Income": 13
    },
    "2012-10-31": {
        "Diluted EPS": 0.25,
        "Total Revenue": 161,
        "Gross Profit": 97,
        "Operating Income": 20,
        "EBIT": 33,
        "Net Income": 17
    },
    "2012-07-31": {
        "Diluted EPS": 0.15,
        "Total Revenue": 151,
        "Gross Profit": 75,
        "Operating Income": 3,
        "EBIT": 19,
        "Net Income": 10
    },
    "2012-04-30": {
        "Diluted EPS": 0.03,
        "Total Revenue": 117,
        "Gross Profit": 55,
        "Operating Income": -19,
        "EBIT": -12,
        "Net Income": 2
    },
    "2012-01-31": {
        "Diluted EPS": 0.18,
        "Total Revenue": 104,
        "Gross Profit": 60,
        "Operating Income": 12,
        "EBIT": 17,
        "Net Income": 12
    },
    "2011-10-31": {
        "Diluted EPS": 0.4,
        "Total Revenue": 124,
        "Gross Profit": 73,
        "Operating Income": 23,
        "EBIT": 31,
        "Net Income": 27
    },
    "2011-07-31": {
        "Diluted EPS": 0.4,
        "Total Revenue": 130,
        "Gross Profit": 79,
        "Operating Income": 32,
        "EBIT": 36,
        "Net Income": 27
    },
    "2011-04-30": {
        "Diluted EPS": 0.34,
        "Total Revenue": 122,
        "Gross Profit": 74,
        "Operating Income": 27,
        "EBIT": 31,
        "Net Income": 23
    },
    "2011-01-31": {
        "Diluted EPS": 0.39,
        "Total Revenue": 116,
        "Gross Profit": 70,
        "Operating Income": 26,
        "EBIT": 30,
        "Net Income": 26
    },
    "2010-10-31": {
        "Diluted EPS": 0.25,
        "Total Revenue": 123,
        "Gross Profit": 74,
        "Operating Income": 18,
        "EBIT": 22,
        "Net Income": 16
    },
    "2010-07-31": {
        "Diluted EPS": 0.31,
        "Total Revenue": 113,
        "Gross Profit": 67,
        "Operating Income": 23,
        "EBIT": 27,
        "Net Income": 20
    },
    "2010-04-30": {
        "Diluted EPS": 0.17,
        "Total Revenue": 102,
        "Gross Profit": 57,
        "Operating Income": 13,
        "EBIT": 17,
        "Net Income": 11
    },
    "2010-01-31": {
        "Diluted EPS": 0.16,
        "Total Revenue": 85,
        "Gross Profit": 46,
        "Operating Income": 5,
        "EBIT": 8,
        "Net Income": 9
    },
    "2009-10-31": {
        "Diluted EPS": -0.34,
        "Total Revenue": 75,
        "Gross Profit": 41,
        "Operating Income": 12,
        "EBIT": 14,
        "Net Income": -21
    },
    "2009-07-31": {
        "Diluted EPS": 0.12,
        "Total Revenue": 66,
        "Gross Profit": 36,
        "Operating Income": 9,
        "EBIT": 10,
        "Net Income": 7
    },
    "2009-04-30": {
        "Diluted EPS": 0.08,
        "Total Revenue": 60,
        "Gross Profit": 33,
        "Operating Income": 5,
        "EBIT": 7,
        "Net Income": 5
    },
    "2009-01-31": {
        "Diluted EPS": 0.1,
        "Total Revenue": 63,
        "Gross Profit": 33,
        "Operating Income": 7,
        "EBIT": 9,
        "Net Income": 6
    },
    "2023-07-31": {
        "Tax Effect Of Unusual Items": NaN,
        "Tax Rate For Calcs": NaN,
        "Normalized EBITDA": NaN,
        "Total Unusual Items": NaN,
        "Total Unusual Items Excluding Goodwill": NaN,
        "Net Income From Continuing Operation Net Minority Interest": NaN,
        "Reconciled Depreciation": NaN,
        "Reconciled Cost Of Revenue": NaN,
        "EBITDA": NaN,
        "EBIT": NaN,
        "Net Interest Income": NaN,
        "Interest Expense": NaN,
        "Interest Income": NaN,
        "Normalized Income": NaN,
        "Net Income From Continuing And Discontinued Operation": NaN,
        "Total Expenses": NaN,
        "Total Operating Income As Reported": NaN,
        "Diluted Average Shares": NaN,
        "Basic Average Shares": NaN,
        "Diluted EPS": NaN,
        "Basic EPS": NaN,
        "Diluted NI Availto Com Stockholders": NaN,
        "Net Income Common Stockholders": NaN,
        "Net Income": NaN,
        "Minority Interests": NaN,
        "Net Income Including Noncontrolling Interests": NaN,
        "Net Income Continuous Operations": NaN,
        "Earnings From Equity Interest Net Of Tax": NaN,
        "Tax Provision": NaN,
        "Pretax Income": NaN,
        "Other Income Expense": NaN,
        "Other Non Operating Income Expenses": NaN,
        "Special Income Charges": NaN,
        "Gain On Sale Of Business": 0.0,
        "Other Special Charges": NaN,
        "Write Off": NaN,
        "Impairment Of Capital Assets": NaN,
        "Restructuring And Mergern Acquisition": NaN,
        "Gain On Sale Of Security": NaN,
        "Net Non Operating Interest Income Expense": NaN,
        "Total Other Finance Cost": NaN,
        "Interest Expense Non Operating": NaN,
        "Interest Income Non Operating": NaN,
        "Operating Income": NaN,
        "Operating Expense": NaN,
        "Depreciation Amortization Depletion Income Statement": NaN,
        "Depreciation And Amortization In Income Statement": NaN,
        "Amortization": NaN,
        "Amortization Of Intangibles Income Statement": NaN,
        "Research And Development": NaN,
        "Selling General And Administration": NaN,
        "General And Administrative Expense": 65024000.0,
        "Other Gand A": 55615000.0,
        "Salaries And Wages": 9409000.0,
        "Gross Profit": NaN,
        "Cost Of Revenue": NaN,
        "Total Revenue": NaN,
        "Operating Revenue": NaN
    },
    "2023-10-31": {
        "Tax Effect Of Unusual Items": NaN,
        "Tax Rate For Calcs": NaN,
        "Normalized EBITDA": NaN,
        "Total Unusual Items": NaN,
        "Total Unusual Items Excluding Goodwill": NaN,
        "Net Income From Continuing Operation Net Minority Interest": NaN,
        "Reconciled Depreciation": NaN,
        "Reconciled Cost Of Revenue": NaN,
        "EBITDA": NaN,
        "EBIT": NaN,
        "Net Interest Income": NaN,
        "Interest Expense": NaN,
        "Interest Income": NaN,
        "Normalized Income": NaN,
        "Net Income From Continuing And Discontinued Operation": NaN,
        "Total Expenses": NaN,
        "Total Operating Income As Reported": NaN,
        "Diluted Average Shares": NaN,
        "Basic Average Shares": NaN,
        "Diluted EPS": NaN,
        "Basic EPS": NaN,
        "Diluted NI Availto Com Stockholders": NaN,
        "Net Income Common Stockholders": NaN,
        "Net Income": NaN,
        "Minority Interests": NaN,
        "Net Income Including Noncontrolling Interests": NaN,
        "Net Income Continuous Operations": NaN,
        "Earnings From Equity Interest Net Of Tax": NaN,
        "Tax Provision": NaN,
        "Pretax Income": NaN,
        "Other Income Expense": NaN,
        "Other Non Operating Income Expenses": NaN,
        "Special Income Charges": NaN,
        "Gain On Sale Of Business": 0.0,
        "Other Special Charges": 3675000.0,
        "Write Off": NaN,
        "Impairment Of Capital Assets": 2266000.0,
        "Restructuring And Mergern Acquisition": NaN,
        "Gain On Sale Of Security": NaN,
        "Net Non Operating Interest Income Expense": NaN,
        "Total Other Finance Cost": 5512000.0,
        "Interest Expense Non Operating": NaN,
        "Interest Income Non Operating": NaN,
        "Operating Income": NaN,
        "Operating Expense": NaN,
        "Depreciation Amortization Depletion Income Statement": NaN,
        "Depreciation And Amortization In Income Statement": NaN,
        "Amortization": NaN,
        "Amortization Of Intangibles Income Statement": NaN,
        "Research And Development": NaN,
        "Selling General And Administration": NaN,
        "Gross Profit": NaN,
        "Cost Of Revenue": NaN,
        "Total Revenue": NaN,
        "Operating Revenue": NaN
    },
    "2024-01-31": {
        "Tax Effect Of Unusual Items": NaN,
        "Tax Rate For Calcs": NaN,
        "Normalized EBITDA": NaN,
        "Total Unusual Items": NaN,
        "Total Unusual Items Excluding Goodwill": NaN,
        "Net Income From Continuing Operation Net Minority Interest": NaN,
        "Reconciled Depreciation": NaN,
        "Reconciled Cost Of Revenue": NaN,
        "EBITDA": NaN,
        "EBIT": NaN,
        "Net Interest Income": NaN,
        "Interest Expense": NaN,
        "Interest Income": NaN,
        "Normalized Income": NaN,
        "Net Income From Continuing And Discontinued Operation": NaN,
        "Total Expenses": NaN,
        "Total Operating Income As Reported": NaN,
        "Diluted Average Shares": NaN,
        "Basic Average Shares": NaN,
        "Diluted EPS": NaN,
        "Basic EPS": NaN,
        "Diluted NI Availto Com Stockholders": NaN,
        "Net Income Common Stockholders": NaN,
        "Net Income": NaN,
        "Minority Interests": -6000.0,
        "Net Income Including Noncontrolling Interests": NaN,
        "Net Income Continuous Operations": NaN,
        "Earnings From Equity Interest Net Of Tax": NaN,
        "Tax Provision": NaN,
        "Pretax Income": NaN,
        "Other Income Expense": NaN,
        "Other Non Operating Income Expenses": NaN,
        "Special Income Charges": NaN,
        "Gain On Sale Of Business": 0.0,
        "Other Special Charges": NaN,
        "Write Off": NaN,
        "Impairment Of Capital Assets": 513393000.0,
        "Restructuring And Mergern Acquisition": NaN,
        "Gain On Sale Of Security": NaN,
        "Net Non Operating Interest Income Expense": NaN,
        "Total Other Finance Cost": 6826000.0,
        "Interest Expense Non Operating": NaN,
        "Interest Income Non Operating": NaN,
        "Operating Income": NaN,
        "Operating Expense": NaN,
        "Depreciation Amortization Depletion Income Statement": NaN,
        "Depreciation And Amortization In Income Statement": NaN,
        "Amortization": NaN,
        "Amortization Of Intangibles Income Statement": NaN,
        "Research And Development": NaN,
        "Selling General And Administration": NaN,
        "Gross Profit": NaN,
        "Cost Of Revenue": NaN,
        "Total Revenue": NaN,
        "Operating Revenue": NaN
    },
    "2024-04-30": {
        "Tax Effect Of Unusual Items": NaN,
        "Tax Rate For Calcs": NaN,
        "Normalized EBITDA": NaN,
        "Total Unusual Items": NaN,
        "Total Unusual Items Excluding Goodwill": NaN,
        "Net Income From Continuing Operation Net Minority Interest": NaN,
        "Reconciled Depreciation": NaN,
        "Reconciled Cost Of Revenue": NaN,
        "EBITDA": NaN,
        "EBIT": NaN,
        "Net Interest Income": NaN,
        "Interest Expense": NaN,
        "Interest Income": NaN,
        "Normalized Income": NaN,
        "Net Income From Continuing And Discontinued Operation": NaN,
        "Total Expenses": NaN,
        "Total Operating Income As Reported": NaN,
        "Diluted Average Shares": NaN,
        "Basic Average Shares": NaN,
        "Diluted EPS": NaN,
        "Basic EPS": NaN,
        "Diluted NI Availto Com Stockholders": NaN,
        "Net Income Common Stockholders": NaN,
        "Net Income": NaN,
        "Minority Interests": 0.0,
        "Net Income Including Noncontrolling Interests": NaN,
        "Net Income Continuous Operations": NaN,
        "Earnings From Equity Interest Net Of Tax": NaN,
        "Tax Provision": NaN,
        "Pretax Income": NaN,
        "Other Income Expense": NaN,
        "Other Non Operating Income Expenses": NaN,
        "Special Income Charges": NaN,
        "Other Special Charges": NaN,
        "Write Off": NaN,
        "Impairment Of Capital Assets": NaN,
        "Restructuring And Mergern Acquisition": NaN,
        "Gain On Sale Of Security": NaN,
        "Net Non Operating Interest Income Expense": NaN,
        "Total Other Finance Cost": NaN,
        "Interest Expense Non Operating": NaN,
        "Interest Income Non Operating": NaN,
        "Operating Income": NaN,
        "Operating Expense": NaN,
        "Depreciation Amortization Depletion Income Statement": NaN,
        "Depreciation And Amortization In Income Statement": NaN,
        "Amortization": NaN,
        "Amortization Of Intangibles Income Statement": NaN,
        "Research And Development": NaN,
        "Selling General And Administration": NaN,
        "Gross Profit": NaN,
        "Cost Of Revenue": NaN,
        "Total Revenue": NaN,
        "Operating Revenue": NaN
    },
    "2024-07-31": {
        "Tax Effect Of Unusual Items": NaN,
        "Tax Rate For Calcs": NaN,
        "Normalized EBITDA": NaN,
        "Total Unusual Items": NaN,
        "Total Unusual Items Excluding Goodwill": NaN,
        "Net Income From Continuing Operation Net Minority Interest": NaN,
        "Reconciled Depreciation": NaN,
        "Reconciled Cost Of Revenue": NaN,
        "EBITDA": NaN,
        "EBIT": NaN,
        "Net Interest Income": NaN,
        "Interest Expense": NaN,
        "Interest Income": NaN,
        "Normalized Income": NaN,
        "Net Income From Continuing And Discontinued Operation": NaN,
        "Total Expenses": NaN,
        "Total Operating Income As Reported": NaN,
        "Diluted Average Shares": NaN,
        "Basic Average Shares": NaN,
        "Diluted EPS": NaN,
        "Basic EPS": NaN,
        "Diluted NI Availto Com Stockholders": NaN,
        "Net Income Common Stockholders": NaN,
        "Net Income": NaN,
        "Minority Interests": 0.0,
        "Net Income Including Noncontrolling Interests": NaN,
        "Net Income Continuous Operations": NaN,
        "Earnings From Equity Interest Net Of Tax": NaN,
        "Tax Provision": NaN,
        "Pretax Income": NaN,
        "Other Income Expense": NaN,
        "Other Non Operating Income Expenses": NaN,
        "Special Income Charges": NaN,
        "Other Special Charges": 144688000.0,
        "Write Off": NaN,
        "Impairment Of Capital Assets": 0.0,
        "Restructuring And Mergern Acquisition": NaN,
        "Gain On Sale Of Security": NaN,
        "Net Non Operating Interest Income Expense": NaN,
        "Total Other Finance Cost": 5497000.0,
        "Interest Expense Non Operating": NaN,
        "Interest Income Non Operating": NaN,
        "Operating Income": NaN,
        "Operating Expense": NaN,
        "Depreciation Amortization Depletion Income Statement": NaN,
        "Depreciation And Amortization In Income Statement": NaN,
        "Amortization": NaN,
        "Amortization Of Intangibles Income Statement": NaN,
        "Research And Development": NaN,
        "Selling General And Administration": NaN,
        "Gross Profit": NaN,
        "Cost Of Revenue": NaN,
        "Total Revenue": NaN,
        "Operating Revenue": NaN
    },
    "2024-10-31": {
        "Tax Effect Of Unusual Items": 394170.0,
        "Tax Rate For Calcs": 0.21,
        "Normalized EBITDA": 27372000.0,
        "Total Unusual Items": 1877000.0,
        "Total Unusual Items Excluding Goodwill": 1877000.0,
        "Net Income From Continuing Operation Net Minority Interest": -7586000.0,
        "Reconciled Depreciation": 11493000.0,
        "Reconciled Cost Of Revenue": 104512000.0,
        "EBITDA": 29249000.0,
        "EBIT": 17756000.0,
        "Net Interest Income": -22852000.0,
        "Interest Expense": 21323000.0,
        "Interest Income": 527000.0,
        "Normalized Income": -9068830.0,
        "Net Income From Continuing And Discontinued Operation": -7586000.0,
        "Total Expenses": 218345000.0,
        "Total Operating Income As Reported": 17785000.0,
        "Diluted Average Shares": 75401839.0,
        "Basic Average Shares": 75401839.0,
        "Diluted EPS": -0.1,
        "Basic EPS": -0.1,
        "Diluted NI Availto Com Stockholders": -7586000.0,
        "Net Income Common Stockholders": -7586000.0,
        "Net Income": -7586000.0,
        "Minority Interests": 0.0,
        "Net Income Including Noncontrolling Interests": -7586000.0,
        "Net Income Continuous Operations": -7586000.0,
        "Earnings From Equity Interest Net Of Tax": -12000.0,
        "Tax Provision": 4007000.0,
        "Pretax Income": -3567000.0,
        "Other Income Expense": 805000.0,
        "Other Non Operating Income Expenses": -1072000.0,
        "Special Income Charges": -695000.0,
        "Other Special Charges": NaN,
        "Write Off": 0.0,
        "Impairment Of Capital Assets": 0.0,
        "Restructuring And Mergern Acquisition": 695000.0,
        "Gain On Sale Of Security": 2572000.0,
        "Net Non Operating Interest Income Expense": -22852000.0,
        "Total Other Finance Cost": 2056000.0,
        "Interest Expense Non Operating": 21323000.0,
        "Interest Income Non Operating": 527000.0,
        "Operating Income": 18480000.0,
        "Operating Expense": 102488000.0,
        "Depreciation Amortization Depletion Income Statement": 148000.0,
        "Depreciation And Amortization In Income Statement": 148000.0,
        "Amortization": 148000.0,
        "Amortization Of Intangibles Income Statement": 148000.0,
        "Research And Development": 42563000.0,
        "Selling General And Administration": 59777000.0,
        "Gross Profit": 120968000.0,
        "Cost Of Revenue": 115857000.0,
        "Total Revenue": 236825000.0,
        "Operating Revenue": 236825000.0
    },
    "2025-01-31": {
        "Tax Effect Of Unusual Items": 463470.0,
        "Tax Rate For Calcs": 0.21,
        "Normalized EBITDA": 28833000.0,
        "Total Unusual Items": 2207000.0,
        "Total Unusual Items Excluding Goodwill": 2207000.0,
        "Net Income From Continuing Operation Net Minority Interest": 39144000.0,
        "Reconciled Depreciation": 11618000.0,
        "Reconciled Cost Of Revenue": 109027000.0,
        "EBITDA": 31040000.0,
        "EBIT": 19422000.0,
        "Net Interest Income": -26789000.0,
        "Interest Expense": 12883000.0,
        "Interest Income": 800000.0,
        "Normalized Income": 37400470.0,
        "Net Income From Continuing And Discontinued Operation": 39144000.0,
        "Total Expenses": 221835000.0,
        "Total Operating Income As Reported": 21238000.0,
        "Diluted Average Shares": 90298000.0,
        "Basic Average Shares": 81313000.0,
        "Diluted EPS": 0.43,
        "Basic EPS": 0.48,
        "Diluted NI Availto Com Stockholders": 39144000.0,
        "Net Income Common Stockholders": 39144000.0,
        "Net Income": 39144000.0,
        "Minority Interests": 0.0,
        "Net Income Including Noncontrolling Interests": 39144000.0,
        "Net Income Continuous Operations": 39144000.0,
        "Earnings From Equity Interest Net Of Tax": -585000.0,
        "Tax Provision": -33190000.0,
        "Pretax Income": 6539000.0,
        "Other Income Expense": 4161000.0,
        "Other Non Operating Income Expenses": 1954000.0,
        "Special Income Charges": -2432000.0,
        "Other Special Charges": -5497000.0,
        "Write Off": 0.0,
        "Impairment Of Capital Assets": 7490000.0,
        "Restructuring And Mergern Acquisition": 439000.0,
        "Gain On Sale Of Security": 4639000.0,
        "Net Non Operating Interest Income Expense": -26789000.0,
        "Total Other Finance Cost": 14706000.0,
        "Interest Expense Non Operating": 12883000.0,
        "Interest Income Non Operating": 800000.0,
        "Operating Income": 29167000.0,
        "Operating Expense": 101337000.0,
        "Depreciation Amortization Depletion Income Statement": 147000.0,
        "Depreciation And Amortization In Income Statement": 147000.0,
        "Amortization": 147000.0,
        "Amortization Of Intangibles Income Statement": 147000.0,
        "Research And Development": 46657000.0,
        "Selling General And Administration": 54533000.0,
        "Gross Profit": 130504000.0,
        "Cost Of Revenue": 120498000.0,
        "Total Revenue": 251002000.0,
        "Operating Revenue": 251002000.0
    },
    "2025-04-30": {
        "Tax Effect Of Unusual Items": -348983.78599,
        "Tax Rate For Calcs": 0.321052,
        "Normalized EBITDA": 46269000.0,
        "Total Unusual Items": -1087000.0,
        "Total Unusual Items Excluding Goodwill": -1087000.0,
        "Net Income From Continuing Operation Net Minority Interest": 19345000.0,
        "Reconciled Depreciation": 11536000.0,
        "Reconciled Cost Of Revenue": 108382000.0,
        "EBITDA": 45182000.0,
        "EBIT": 33646000.0,
        "Net Interest Income": -6325000.0,
        "Interest Expense": 6694000.0,
        "Interest Income": 369000.0,
        "Normalized Income": 20083016.21401,
        "Net Income From Continuing And Discontinued Operation": 19345000.0,
        "Total Expenses": 213894000.0,
        "Total Operating Income As Reported": 35967000.0,
        "Diluted Average Shares": 89600000.0,
        "Basic Average Shares": 86400000.0,
        "Diluted EPS": 0.22,
        "Basic EPS": 0.22,
        "Diluted NI Availto Com Stockholders": 19345000.0,
        "Net Income Common Stockholders": 19345000.0,
        "Net Income": 19345000.0,
        "Minority Interests": NaN,
        "Net Income Including Noncontrolling Interests": 19345000.0,
        "Net Income Continuous Operations": 19345000.0,
        "Earnings From Equity Interest Net Of Tax": 1046000.0,
        "Tax Provision": 8653000.0,
        "Pretax Income": 26952000.0,
        "Other Income Expense": -3889000.0,
        "Other Non Operating Income Expenses": -2802000.0,
        "Special Income Charges": -1351000.0,
        "Other Special Charges": 152000.0,
        "Write Off": 0.0,
        "Impairment Of Capital Assets": NaN,
        "Restructuring And Mergern Acquisition": 1199000.0,
        "Gain On Sale Of Security": 264000.0,
        "Net Non Operating Interest Income Expense": -6325000.0,
        "Total Other Finance Cost": NaN,
        "Interest Expense Non Operating": 6694000.0,
        "Interest Income Non Operating": 369000.0,
        "Operating Income": 37166000.0,
        "Operating Expense": 94123000.0,
        "Depreciation Amortization Depletion Income Statement": 147000.0,
        "Depreciation And Amortization In Income Statement": 147000.0,
        "Amortization": 147000.0,
        "Amortization Of Intangibles Income Statement": 147000.0,
        "Research And Development": 47529000.0,
        "Selling General And Administration": 46447000.0,
        "Gross Profit": 131289000.0,
        "Cost Of Revenue": 119771000.0,
        "Total Revenue": 251060000.0,
        "Operating Revenue": 251060000.0
    },
    "2025-07-31": {
        "Tax Effect Of Unusual Items": -8893080.0,
        "Tax Rate For Calcs": 0.21,
        "Normalized EBITDA": 37814000.0,
        "Total Unusual Items": -42348000.0,
        "Total Unusual Items Excluding Goodwill": -42348000.0,
        "Net Income From Continuing Operation Net Minority Interest": -27064000.0,
        "Reconciled Depreciation": 11670000.0,
        "Reconciled Cost Of Revenue": 111962000.0,
        "EBITDA": -4534000.0,
        "EBIT": -16204000.0,
        "Net Interest Income": -5840000.0,
        "Interest Expense": 6005000.0,
        "Interest Income": 529000.0,
        "Normalized Income": 6390920.0,
        "Net Income From Continuing And Discontinued Operation": -27064000.0,
        "Total Expenses": 230299000.0,
        "Total Operating Income As Reported": -16192000.0,
        "Diluted Average Shares": 86700000.0,
        "Basic Average Shares": 86700000.0,
        "Diluted EPS": -0.31,
        "Basic EPS": -0.31,
        "Diluted NI Availto Com Stockholders": -27064000.0,
        "Net Income Common Stockholders": -27064000.0,
        "Net Income": -27064000.0,
        "Minority Interests": NaN,
        "Net Income Including Noncontrolling Interests": -27064000.0,
        "Net Income Continuous Operations": -27064000.0,
        "Earnings From Equity Interest Net Of Tax": -62000.0,
        "Tax Provision": 4793000.0,
        "Pretax Income": -22209000.0,
        "Other Income Expense": -43659000.0,
        "Other Non Operating Income Expenses": -1311000.0,
        "Special Income Charges": -43482000.0,
        "Other Special Charges": NaN,
        "Write Off": 0.0,
        "Impairment Of Capital Assets": 41991000.0,
        "Restructuring And Mergern Acquisition": 1491000.0,
        "Gain On Sale Of Security": 1134000.0,
        "Net Non Operating Interest Income Expense": -5840000.0,
        "Total Other Finance Cost": 364000.0,
        "Interest Expense Non Operating": 6005000.0,
        "Interest Income Non Operating": 529000.0,
        "Operating Income": 27290000.0,
        "Operating Expense": 106815000.0,
        "Depreciation Amortization Depletion Income Statement": 148000.0,
        "Depreciation And Amortization In Income Statement": 148000.0,
        "Amortization": 148000.0,
        "Amortization Of Intangibles Income Statement": 148000.0,
        "Research And Development": 48198000.0,
        "Selling General And Administration": 58469000.0,
        "Gross Profit": 134105000.0,
        "Cost Of Revenue": 123484000.0,
        "Total Revenue": 257589000.0,
        "Operating Revenue": 257589000.0
    },
    "2025-10-31": {
        "Tax Effect Of Unusual Items": -4462920.0,
        "Tax Rate For Calcs": 0.21,
        "Normalized EBITDA": 40653000.0,
        "Total Unusual Items": -21252000.0,
        "Total Unusual Items Excluding Goodwill": -21252000.0,
        "Net Income From Continuing Operation Net Minority Interest": -2862000.0,
        "Reconciled Depreciation": 11521000.0,
        "Reconciled Cost Of Revenue": 117120000.0,
        "EBITDA": 19401000.0,
        "EBIT": 7880000.0,
        "Net Interest Income": -5689000.0,
        "Interest Expense": 3435000.0,
        "Interest Income": 790000.0,
        "Normalized Income": 13927080.0,
        "Net Income From Continuing And Discontinued Operation": -2862000.0,
        "Total Expenses": 235158000.0,
        "Total Operating Income As Reported": 31057000.0,
        "Diluted Average Shares": 87700000.0,
        "Basic Average Shares": 87700000.0,
        "Diluted EPS": -0.03,
        "Basic EPS": -0.03,
        "Diluted NI Availto Com Stockholders": -2862000.0,
        "Net Income Common Stockholders": -2862000.0,
        "Net Income": -2862000.0,
        "Minority Interests": NaN,
        "Net Income Including Noncontrolling Interests": -2862000.0,
        "Net Income Continuous Operations": -2862000.0,
        "Earnings From Equity Interest Net Of Tax": 16000.0,
        "Tax Provision": 7323000.0,
        "Pretax Income": 4445000.0,
        "Other Income Expense": -21679000.0,
        "Other Non Operating Income Expenses": -427000.0,
        "Special Income Charges": -756000.0,
        "Other Special Charges": NaN,
        "Write Off": 0.0,
        "Impairment Of Capital Assets": 0.0,
        "Restructuring And Mergern Acquisition": 756000.0,
        "Gain On Sale Of Security": -20496000.0,
        "Net Non Operating Interest Income Expense": -5689000.0,
        "Total Other Finance Cost": 3044000.0,
        "Interest Expense Non Operating": 3435000.0,
        "Interest Income Non Operating": 790000.0,
        "Operating Income": 31813000.0,
        "Operating Expense": 106665000.0,
        "Depreciation Amortization Depletion Income Statement": 148000.0,
        "Depreciation And Amortization In Income Statement": 148000.0,
        "Amortization": 148000.0,
        "Amortization Of Intangibles Income Statement": 148000.0,
        "Research And Development": 49404000.0,
        "Selling General And Administration": 57113000.0,
        "Gross Profit": 138478000.0,
        "Cost Of Revenue": 128493000.0,
        "Total Revenue": 266971000.0,
        "Operating Revenue": 266971000.0
    }
}