{
    "2023-03-31": {
        "Tax Effect Of Unusual Items": NaN,
        "Tax Rate For Calcs": NaN,
        "Normalized EBITDA": NaN,
        "Net Income From Continuing Operation Net Minority Interest": NaN,
        "Reconciled Depreciation": NaN,
        "Reconciled Cost Of Revenue": NaN,
        "EBITDA": NaN,
        "EBIT": NaN,
        "Net Interest Income": NaN,
        "Interest Income": 1355000.0,
        "Normalized Income": NaN,
        "Net Income From Continuing And Discontinued Operation": NaN,
        "Total Expenses": NaN,
        "Total Operating Income As Reported": NaN,
        "Diluted Average Shares": NaN,
        "Basic Average Shares": NaN,
        "Diluted EPS": NaN,
        "Basic EPS": NaN,
        "Diluted NI Availto Com Stockholders": NaN,
        "Net Income Common Stockholders": NaN,
        "Net Income": NaN,
        "Net Income Including Noncontrolling Interests": NaN,
        "Net Income Continuous Operations": NaN,
        "Tax Provision": NaN,
        "Pretax Income": NaN,
        "Net Non Operating Interest Income Expense": NaN,
        "Total Other Finance Cost": -1355000.0,
        "Interest Income Non Operating": 1355000.0,
        "Operating Income": NaN,
        "Operating Expense": NaN,
        "Research And Development": NaN,
        "Selling General And Administration": NaN,
        "Selling And Marketing Expense": NaN,
        "General And Administrative Expense": NaN,
        "Other Gand A": NaN,
        "Gross Profit": NaN,
        "Cost Of Revenue": NaN,
        "Total Revenue": NaN,
        "Operating Revenue": NaN
    },
    "2022-12-31": {
        "Tax Effect Of Unusual Items": NaN,
        "Tax Rate For Calcs": NaN,
        "Normalized EBITDA": NaN,
        "Net Income From Continuing Operation Net Minority Interest": NaN,
        "Reconciled Depreciation": NaN,
        "Reconciled Cost Of Revenue": NaN,
        "EBITDA": NaN,
        "EBIT": NaN,
        "Net Interest Income": NaN,
        "Interest Income": NaN,
        "Normalized Income": NaN,
        "Net Income From Continuing And Discontinued Operation": NaN,
        "Total Expenses": NaN,
        "Total Operating Income As Reported": NaN,
        "Diluted Average Shares": NaN,
        "Basic Average Shares": NaN,
        "Diluted EPS": NaN,
        "Basic EPS": NaN,
        "Diluted NI Availto Com Stockholders": NaN,
        "Net Income Common Stockholders": NaN,
        "Net Income": NaN,
        "Net Income Including Noncontrolling Interests": NaN,
        "Net Income Continuous Operations": NaN,
        "Tax Provision": NaN,
        "Pretax Income": NaN,
        "Net Non Operating Interest Income Expense": NaN,
        "Total Other Finance Cost": 375000.0,
        "Interest Income Non Operating": NaN,
        "Operating Income": NaN,
        "Operating Expense": NaN,
        "Research And Development": NaN,
        "Selling General And Administration": NaN,
        "Selling And Marketing Expense": NaN,
        "General And Administrative Expense": NaN,
        "Other Gand A": NaN,
        "Gross Profit": NaN,
        "Cost Of Revenue": NaN,
        "Total Revenue": NaN,
        "Operating Revenue": NaN
    },
    "2022-09-30": {
        "Tax Effect Of Unusual Items": 0.0,
        "Tax Rate For Calcs": 0.011722,
        "Normalized EBITDA": -18261000.0,
        "Net Income From Continuing Operation Net Minority Interest": -20993000.0,
        "Reconciled Depreciation": 2354000.0,
        "Reconciled Cost Of Revenue": 13749000.0,
        "EBITDA": -18261000.0,
        "EBIT": -20615000.0,
        "Net Interest Income": -627000.0,
        "Normalized Income": -20993000.0,
        "Net Income From Continuing And Discontinued Operation": -20993000.0,
        "Total Expenses": 70637000.0,
        "Total Operating Income As Reported": -20615000.0,
        "Diluted Average Shares": 75975356.0,
        "Basic Average Shares": 75975356.0,
        "Diluted EPS": -0.28,
        "Basic EPS": -0.28,
        "Diluted NI Availto Com Stockholders": -20993000.0,
        "Net Income Common Stockholders": -20993000.0,
        "Net Income": -20993000.0,
        "Net Income Including Noncontrolling Interests": -20993000.0,
        "Net Income Continuous Operations": -20993000.0,
        "Tax Provision": -249000.0,
        "Pretax Income": -21242000.0,
        "Other Income Expense": NaN,
        "Other Non Operating Income Expenses": NaN,
        "Net Non Operating Interest Income Expense": -627000.0,
        "Total Other Finance Cost": 627000.0,
        "Operating Income": -20615000.0,
        "Operating Expense": 56888000.0,
        "Research And Development": 15156000.0,
        "Selling General And Administration": 41732000.0,
        "Selling And Marketing Expense": 30051000.0,
        "General And Administrative Expense": 11681000.0,
        "Other Gand A": 11681000.0,
        "Gross Profit": 36273000.0,
        "Cost Of Revenue": 13749000.0,
        "Total Revenue": 50022000.0,
        "Operating Revenue": 50022000.0
    },
    "2022-06-30": {
        "Tax Effect Of Unusual Items": 0.0,
        "Tax Rate For Calcs": 0.4,
        "Normalized EBITDA": -23757000.0,
        "Net Income From Continuing Operation Net Minority Interest": -22061000.0,
        "Reconciled Depreciation": 2709000.0,
        "Reconciled Cost Of Revenue": 14004000.0,
        "EBITDA": -23757000.0,
        "EBIT": -26466000.0,
        "Net Interest Income": 4601000.0,
        "Normalized Income": -22061000.0,
        "Net Income From Continuing And Discontinued Operation": -22061000.0,
        "Total Expenses": 74052000.0,
        "Total Operating Income As Reported": -26466000.0,
        "Diluted Average Shares": 75661037.0,
        "Basic Average Shares": 75661037.0,
        "Diluted EPS": -0.29,
        "Basic EPS": -0.29,
        "Diluted NI Availto Com Stockholders": -22061000.0,
        "Net Income Common Stockholders": -22061000.0,
        "Net Income": -22061000.0,
        "Net Income Including Noncontrolling Interests": -22061000.0,
        "Net Income Continuous Operations": -22061000.0,
        "Tax Provision": 196000.0,
        "Pretax Income": -21865000.0,
        "Other Income Expense": NaN,
        "Other Non Operating Income Expenses": NaN,
        "Net Non Operating Interest Income Expense": 4601000.0,
        "Total Other Finance Cost": -4601000.0,
        "Operating Income": -26466000.0,
        "Operating Expense": 60048000.0,
        "Research And Development": 16058000.0,
        "Selling General And Administration": 43990000.0,
        "Selling And Marketing Expense": 32146000.0,
        "General And Administrative Expense": 11844000.0,
        "Other Gand A": 11844000.0,
        "Gross Profit": 33582000.0,
        "Cost Of Revenue": 14004000.0,
        "Total Revenue": 47586000.0,
        "Operating Revenue": 47586000.0
    },
    "2022-03-31": {
        "Diluted EPS": -0.34,
        "Total Revenue": 44,
        "Gross Profit": 31,
        "Operating Income": -26,
        "EBIT": -23,
        "Net Income": -26
    },
    "2021-12-31": {
        "Diluted EPS": 0.04,
        "Total Revenue": 40,
        "Gross Profit": 29,
        "Operating Income": -23,
        "EBIT": -21,
        "Net Income": -24
    },
    "2021-09-30": {
        "Diluted EPS": -0.23,
        "Total Revenue": 36,
        "Gross Profit": 28,
        "Operating Income": -17,
        "EBIT": -16,
        "Net Income": -17
    },
    "2021-06-30": {
        "Diluted EPS": -0.33,
        "Total Revenue": 33,
        "Gross Profit": 26,
        "Operating Income": -15,
        "EBIT": -14,
        "Net Income": -16
    },
    "2021-03-31": {
        "Diluted EPS": -0.78,
        "Total Revenue": 29,
        "Gross Profit": 23,
        "Operating Income": -12,
        "EBIT": -11,
        "Net Income": -12
    },
    "2020-12-31": {
        "Diluted EPS": -0.48,
        "Total Revenue": 27,
        "Gross Profit": 21,
        "Operating Income": -6,
        "EBIT": -6,
        "Net Income": -7
    },
    "2020-09-30": {
        "Diluted EPS": -0.4,
        "Total Revenue": 24,
        "Gross Profit": 19,
        "Operating Income": -5,
        "EBIT": -4,
        "Net Income": -6
    },
    "2020-06-30": {
        "Diluted EPS": -0.25,
        "Total Revenue": 22,
        "Gross Profit": 17,
        "Operating Income": -3,
        "EBIT": -3,
        "Net Income": -3
    },
    "2020-03-31": {
        "Diluted EPS": -0.45,
        "Total Revenue": 21,
        "Gross Profit": 15,
        "Operating Income": -6,
        "EBIT": -5,
        "Net Income": -6
    },
    "2019-12-31": {
        "Diluted EPS": 0.0,
        "Total Revenue": NaN,
        "Gross Profit": NaN,
        "Operating Income": NaN,
        "EBIT": NaN,
        "Net Income": NaN
    },
    "2023-06-30": {
        "Tax Effect Of Unusual Items": NaN,
        "Tax Rate For Calcs": NaN,
        "Normalized EBITDA": NaN,
        "Net Income From Continuing Operation Net Minority Interest": NaN,
        "Reconciled Depreciation": NaN,
        "Reconciled Cost Of Revenue": NaN,
        "EBITDA": NaN,
        "EBIT": NaN,
        "Net Interest Income": NaN,
        "Interest Income": 610000.0,
        "Normalized Income": NaN,
        "Net Income From Continuing And Discontinued Operation": NaN,
        "Total Expenses": NaN,
        "Total Operating Income As Reported": NaN,
        "Diluted Average Shares": NaN,
        "Basic Average Shares": NaN,
        "Diluted EPS": NaN,
        "Basic EPS": NaN,
        "Diluted NI Availto Com Stockholders": NaN,
        "Net Income Common Stockholders": NaN,
        "Net Income": NaN,
        "Net Income Including Noncontrolling Interests": NaN,
        "Net Income Continuous Operations": NaN,
        "Tax Provision": NaN,
        "Pretax Income": NaN,
        "Net Non Operating Interest Income Expense": NaN,
        "Total Other Finance Cost": -610000.0,
        "Interest Income Non Operating": 610000.0,
        "Operating Income": NaN,
        "Operating Expense": NaN,
        "Research And Development": NaN,
        "Selling General And Administration": NaN,
        "Selling And Marketing Expense": NaN,
        "General And Administrative Expense": NaN,
        "Other Gand A": NaN,
        "Gross Profit": NaN,
        "Cost Of Revenue": NaN,
        "Total Revenue": NaN,
        "Operating Revenue": NaN
    },
    "2023-09-30": {
        "Tax Effect Of Unusual Items": NaN,
        "Tax Rate For Calcs": NaN,
        "Normalized EBITDA": NaN,
        "Net Income From Continuing Operation Net Minority Interest": NaN,
        "Reconciled Depreciation": NaN,
        "Reconciled Cost Of Revenue": NaN,
        "EBITDA": NaN,
        "EBIT": NaN,
        "Net Interest Income": NaN,
        "Interest Income": NaN,
        "Normalized Income": NaN,
        "Net Income From Continuing And Discontinued Operation": NaN,
        "Total Expenses": NaN,
        "Total Operating Income As Reported": NaN,
        "Diluted Average Shares": NaN,
        "Basic Average Shares": NaN,
        "Diluted EPS": NaN,
        "Basic EPS": NaN,
        "Diluted NI Availto Com Stockholders": NaN,
        "Net Income Common Stockholders": NaN,
        "Net Income": NaN,
        "Net Income Including Noncontrolling Interests": NaN,
        "Net Income Continuous Operations": NaN,
        "Tax Provision": NaN,
        "Pretax Income": NaN,
        "Net Non Operating Interest Income Expense": NaN,
        "Total Other Finance Cost": -1061000.0,
        "Interest Income Non Operating": NaN,
        "Operating Income": NaN,
        "Operating Expense": NaN,
        "Research And Development": NaN,
        "Selling General And Administration": NaN,
        "Selling And Marketing Expense": NaN,
        "General And Administrative Expense": NaN,
        "Other Gand A": NaN,
        "Gross Profit": NaN,
        "Cost Of Revenue": NaN,
        "Total Revenue": NaN,
        "Operating Revenue": NaN
    },
    "2023-12-31": {
        "Tax Effect Of Unusual Items": NaN,
        "Tax Rate For Calcs": NaN,
        "Normalized EBITDA": NaN,
        "Net Income From Continuing Operation Net Minority Interest": NaN,
        "Reconciled Depreciation": NaN,
        "Reconciled Cost Of Revenue": NaN,
        "EBITDA": NaN,
        "EBIT": NaN,
        "Net Interest Income": NaN,
        "Interest Income": NaN,
        "Normalized Income": NaN,
        "Net Income From Continuing And Discontinued Operation": NaN,
        "Total Expenses": NaN,
        "Total Operating Income As Reported": NaN,
        "Diluted Average Shares": NaN,
        "Basic Average Shares": NaN,
        "Diluted EPS": NaN,
        "Basic EPS": NaN,
        "Diluted NI Availto Com Stockholders": NaN,
        "Net Income Common Stockholders": NaN,
        "Net Income": NaN,
        "Net Income Including Noncontrolling Interests": NaN,
        "Net Income Continuous Operations": NaN,
        "Tax Provision": NaN,
        "Pretax Income": NaN,
        "Net Non Operating Interest Income Expense": NaN,
        "Total Other Finance Cost": 2085000.0,
        "Interest Income Non Operating": NaN,
        "Operating Income": NaN,
        "Operating Expense": NaN,
        "Research And Development": NaN,
        "Selling General And Administration": NaN,
        "Selling And Marketing Expense": NaN,
        "General And Administrative Expense": NaN,
        "Other Gand A": NaN,
        "Gross Profit": NaN,
        "Cost Of Revenue": NaN,
        "Total Revenue": NaN,
        "Operating Revenue": NaN
    },
    "2024-03-31": {
        "Tax Effect Of Unusual Items": 0.0,
        "Tax Rate For Calcs": 0.21,
        "Normalized EBITDA": -164000.0,
        "Net Income From Continuing Operation Net Minority Interest": -2733000.0,
        "Reconciled Depreciation": 2520000.0,
        "Reconciled Cost Of Revenue": 12696000.0,
        "EBITDA": -164000.0,
        "EBIT": -2684000.0,
        "Net Interest Income": 455000.0,
        "Interest Income": 455000.0,
        "Normalized Income": -2733000.0,
        "Net Income From Continuing And Discontinued Operation": -2733000.0,
        "Total Expenses": 61666000.0,
        "Total Operating Income As Reported": -2684000.0,
        "Diluted Average Shares": 79361522.0,
        "Basic Average Shares": 79361522.0,
        "Diluted EPS": -0.03,
        "Basic EPS": -0.03,
        "Diluted NI Availto Com Stockholders": -2733000.0,
        "Net Income Common Stockholders": -2733000.0,
        "Net Income": -2733000.0,
        "Net Income Including Noncontrolling Interests": -2733000.0,
        "Net Income Continuous Operations": -2733000.0,
        "Tax Provision": 504000.0,
        "Pretax Income": -2229000.0,
        "Net Non Operating Interest Income Expense": 455000.0,
        "Total Other Finance Cost": NaN,
        "Interest Income Non Operating": 455000.0,
        "Operating Income": -2684000.0,
        "Operating Expense": 48970000.0,
        "Research And Development": 13539000.0,
        "Selling General And Administration": 35431000.0,
        "Selling And Marketing Expense": 25240000.0,
        "General And Administrative Expense": 10191000.0,
        "Other Gand A": 10191000.0,
        "Gross Profit": 46286000.0,
        "Cost Of Revenue": 12696000.0,
        "Total Revenue": 58982000.0,
        "Operating Revenue": 58982000.0
    },
    "2024-06-30": {
        "Tax Effect Of Unusual Items": 0.0,
        "Tax Rate For Calcs": 0.21,
        "Normalized EBITDA": 1666000.0,
        "Net Income From Continuing Operation Net Minority Interest": -738000.0,
        "Reconciled Depreciation": 2619000.0,
        "Reconciled Cost Of Revenue": 12544000.0,
        "EBITDA": 1666000.0,
        "EBIT": -953000.0,
        "Net Interest Income": 823000.0,
        "Interest Income": 823000.0,
        "Normalized Income": -738000.0,
        "Net Income From Continuing And Discontinued Operation": -738000.0,
        "Total Expenses": 61590000.0,
        "Total Operating Income As Reported": -953000.0,
        "Diluted Average Shares": 80570892.0,
        "Basic Average Shares": 80570892.0,
        "Diluted EPS": -0.01,
        "Basic EPS": -0.01,
        "Diluted NI Availto Com Stockholders": -738000.0,
        "Net Income Common Stockholders": -738000.0,
        "Net Income": -738000.0,
        "Net Income Including Noncontrolling Interests": -738000.0,
        "Net Income Continuous Operations": -738000.0,
        "Tax Provision": 608000.0,
        "Pretax Income": -130000.0,
        "Net Non Operating Interest Income Expense": 823000.0,
        "Total Other Finance Cost": NaN,
        "Interest Income Non Operating": 823000.0,
        "Operating Income": -953000.0,
        "Operating Expense": 49046000.0,
        "Research And Development": 12239000.0,
        "Selling General And Administration": 36807000.0,
        "Selling And Marketing Expense": 25857000.0,
        "General And Administrative Expense": 10950000.0,
        "Other Gand A": 10950000.0,
        "Gross Profit": 48093000.0,
        "Cost Of Revenue": 12544000.0,
        "Total Revenue": 60637000.0,
        "Operating Revenue": 60637000.0
    },
    "2024-09-30": {
        "Tax Effect Of Unusual Items": 0.0,
        "Tax Rate For Calcs": 0.21,
        "Normalized EBITDA": 406000.0,
        "Net Income From Continuing Operation Net Minority Interest": -2566000.0,
        "Reconciled Depreciation": 2873000.0,
        "Reconciled Cost Of Revenue": 14243000.0,
        "EBITDA": 406000.0,
        "EBIT": -2467000.0,
        "Net Interest Income": -43000.0,
        "Interest Income": NaN,
        "Normalized Income": -2566000.0,
        "Net Income From Continuing And Discontinued Operation": -2566000.0,
        "Total Expenses": 67174000.0,
        "Total Operating Income As Reported": -2467000.0,
        "Diluted Average Shares": 81279239.0,
        "Basic Average Shares": 81279239.0,
        "Diluted EPS": -0.03,
        "Basic EPS": -0.03,
        "Diluted NI Availto Com Stockholders": -2566000.0,
        "Net Income Common Stockholders": -2566000.0,
        "Net Income": -2566000.0,
        "Net Income Including Noncontrolling Interests": -2566000.0,
        "Net Income Continuous Operations": -2566000.0,
        "Tax Provision": 56000.0,
        "Pretax Income": -2510000.0,
        "Net Non Operating Interest Income Expense": -43000.0,
        "Total Other Finance Cost": 43000.0,
        "Interest Income Non Operating": NaN,
        "Operating Income": -2467000.0,
        "Operating Expense": 52931000.0,
        "Research And Development": 14460000.0,
        "Selling General And Administration": 38471000.0,
        "Selling And Marketing Expense": 26806000.0,
        "General And Administrative Expense": 11665000.0,
        "Other Gand A": 11665000.0,
        "Gross Profit": 50464000.0,
        "Cost Of Revenue": 14243000.0,
        "Total Revenue": 64707000.0,
        "Operating Revenue": 64707000.0
    },
    "2024-12-31": {
        "Tax Effect Of Unusual Items": 0.0,
        "Tax Rate For Calcs": 0.21,
        "Normalized EBITDA": -1044000.0,
        "Net Income From Continuing Operation Net Minority Interest": -5420000.0,
        "Reconciled Depreciation": 2516000.0,
        "Reconciled Cost Of Revenue": 15331000.0,
        "EBITDA": -1044000.0,
        "EBIT": -3560000.0,
        "Net Interest Income": -1101000.0,
        "Interest Income": NaN,
        "Normalized Income": -5420000.0,
        "Net Income From Continuing And Discontinued Operation": -5420000.0,
        "Total Expenses": 69147000.0,
        "Total Operating Income As Reported": -3560000.0,
        "Diluted Average Shares": 82073002.0,
        "Basic Average Shares": 82073002.0,
        "Diluted EPS": -0.07,
        "Basic EPS": -0.07,
        "Diluted NI Availto Com Stockholders": -5420000.0,
        "Net Income Common Stockholders": -5420000.0,
        "Net Income": -5420000.0,
        "Net Income Including Noncontrolling Interests": -5420000.0,
        "Net Income Continuous Operations": -5420000.0,
        "Tax Provision": 759000.0,
        "Pretax Income": -4661000.0,
        "Net Non Operating Interest Income Expense": -1101000.0,
        "Total Other Finance Cost": NaN,
        "Interest Income Non Operating": NaN,
        "Operating Income": -3560000.0,
        "Operating Expense": 53816000.0,
        "Research And Development": 15358000.0,
        "Selling General And Administration": 38458000.0,
        "Selling And Marketing Expense": 27573000.0,
        "General And Administrative Expense": 10885000.0,
        "Other Gand A": 10885000.0,
        "Gross Profit": 50256000.0,
        "Cost Of Revenue": 15331000.0,
        "Total Revenue": 65587000.0,
        "Operating Revenue": 65587000.0
    },
    "2025-03-31": {
        "Tax Effect Of Unusual Items": 0.0,
        "Tax Rate For Calcs": 0.21,
        "Normalized EBITDA": -7193000.0,
        "Net Income From Continuing Operation Net Minority Interest": -9259000.0,
        "Reconciled Depreciation": 2098000.0,
        "Reconciled Cost Of Revenue": 13970000.0,
        "EBITDA": -7193000.0,
        "EBIT": -9291000.0,
        "Net Interest Income": 1007000.0,
        "Interest Income": 1007000.0,
        "Normalized Income": -9259000.0,
        "Net Income From Continuing And Discontinued Operation": -9259000.0,
        "Total Expenses": 76378000.0,
        "Total Operating Income As Reported": -9291000.0,
        "Diluted Average Shares": 83135281.0,
        "Basic Average Shares": 83135281.0,
        "Diluted EPS": -0.11,
        "Basic EPS": -0.11,
        "Diluted NI Availto Com Stockholders": -9259000.0,
        "Net Income Common Stockholders": -9259000.0,
        "Net Income": -9259000.0,
        "Net Income Including Noncontrolling Interests": -9259000.0,
        "Net Income Continuous Operations": -9259000.0,
        "Tax Provision": 975000.0,
        "Pretax Income": -8284000.0,
        "Net Non Operating Interest Income Expense": 1007000.0,
        "Total Other Finance Cost": NaN,
        "Interest Income Non Operating": 1007000.0,
        "Operating Income": -9291000.0,
        "Operating Expense": 62408000.0,
        "Research And Development": 18004000.0,
        "Selling General And Administration": 44404000.0,
        "Selling And Marketing Expense": 32156000.0,
        "General And Administrative Expense": 12248000.0,
        "Other Gand A": 12248000.0,
        "Gross Profit": 53117000.0,
        "Cost Of Revenue": 13970000.0,
        "Total Revenue": 67087000.0,
        "Operating Revenue": 67087000.0
    }
}