{
    "2023-06-30": {
        "Tax Effect Of Unusual Items": -549600.0,
        "Tax Rate For Calcs": 0.229,
        "Normalized EBITDA": 387900000.0,
        "Total Unusual Items": -2400000.0,
        "Total Unusual Items Excluding Goodwill": -2400000.0,
        "Net Income From Continuing Operation Net Minority Interest": 264000000.0,
        "Reconciled Depreciation": 24800000.0,
        "Reconciled Cost Of Revenue": 614100000.0,
        "EBITDA": 385500000.0,
        "EBIT": 360700000.0,
        "Net Interest Income": -2700000.0,
        "Interest Expense": 12600000.0,
        "Interest Income": 9900000.0,
        "Normalized Income": 265850400.0,
        "Net Income From Continuing And Discontinued Operation": 264000000.0,
        "Total Expenses": 940800000.0,
        "Total Operating Income As Reported": 343900000.0,
        "Diluted Average Shares": 54000000.0,
        "Basic Average Shares": 53000000.0,
        "Diluted EPS": 4.89,
        "Basic EPS": 4.98,
        "Diluted NI Availto Com Stockholders": 264000000.0,
        "Net Income Common Stockholders": 264000000.0,
        "Net Income": 264000000.0,
        "Minority Interests": -5900000.0,
        "Net Income Including Noncontrolling Interests": 269900000.0,
        "Net Income Continuous Operations": 269900000.0,
        "Tax Provision": 78200000.0,
        "Pretax Income": 348100000.0,
        "Other Income Expense": 6900000.0,
        "Other Non Operating Income Expenses": 9300000.0,
        "Gain On Sale Of Security": -2400000.0,
        "Net Non Operating Interest Income Expense": -2700000.0,
        "Interest Expense Non Operating": 12600000.0,
        "Interest Income Non Operating": 9900000.0,
        "Operating Income": 343900000.0,
        "Operating Expense": 326700000.0,
        "Other Operating Expenses": 326700000.0,
        "Selling General And Administration": NaN,
        "General And Administrative Expense": NaN,
        "Salaries And Wages": NaN,
        "Gross Profit": 670600000.0,
        "Cost Of Revenue": 614100000.0,
        "Total Revenue": 1284700000.0,
        "Operating Revenue": 1278000000.0
    },
    "2023-03-31": {
        "Tax Effect Of Unusual Items": NaN,
        "Tax Rate For Calcs": NaN,
        "Normalized EBITDA": NaN,
        "Total Unusual Items": NaN,
        "Total Unusual Items Excluding Goodwill": NaN,
        "Net Income From Continuing Operation Net Minority Interest": NaN,
        "Reconciled Depreciation": NaN,
        "Reconciled Cost Of Revenue": NaN,
        "EBITDA": NaN,
        "EBIT": NaN,
        "Net Interest Income": NaN,
        "Interest Expense": NaN,
        "Interest Income": NaN,
        "Normalized Income": NaN,
        "Net Income From Continuing And Discontinued Operation": NaN,
        "Total Expenses": NaN,
        "Total Operating Income As Reported": NaN,
        "Diluted Average Shares": NaN,
        "Basic Average Shares": NaN,
        "Diluted EPS": NaN,
        "Basic EPS": NaN,
        "Diluted NI Availto Com Stockholders": NaN,
        "Net Income Common Stockholders": NaN,
        "Net Income": NaN,
        "Minority Interests": NaN,
        "Net Income Including Noncontrolling Interests": NaN,
        "Net Income Continuous Operations": NaN,
        "Tax Provision": NaN,
        "Pretax Income": NaN,
        "Other Income Expense": NaN,
        "Other Non Operating Income Expenses": NaN,
        "Gain On Sale Of Security": NaN,
        "Net Non Operating Interest Income Expense": NaN,
        "Total Other Finance Cost": NaN,
        "Interest Expense Non Operating": NaN,
        "Interest Income Non Operating": NaN,
        "Operating Income": NaN,
        "Operating Expense": NaN,
        "Other Operating Expenses": NaN,
        "Selling General And Administration": -9600000.0,
        "General And Administrative Expense": -9600000.0,
        "Salaries And Wages": -9600000.0,
        "Gross Profit": NaN,
        "Cost Of Revenue": NaN,
        "Total Revenue": NaN,
        "Operating Revenue": NaN
    },
    "2022-12-31": {
        "Tax Effect Of Unusual Items": NaN,
        "Tax Rate For Calcs": NaN,
        "Normalized EBITDA": NaN,
        "Total Unusual Items": NaN,
        "Total Unusual Items Excluding Goodwill": NaN,
        "Net Income From Continuing Operation Net Minority Interest": NaN,
        "Reconciled Depreciation": NaN,
        "Reconciled Cost Of Revenue": NaN,
        "EBITDA": NaN,
        "EBIT": NaN,
        "Net Interest Income": NaN,
        "Interest Expense": NaN,
        "Interest Income": NaN,
        "Normalized Income": NaN,
        "Net Income From Continuing And Discontinued Operation": NaN,
        "Total Expenses": NaN,
        "Total Operating Income As Reported": NaN,
        "Diluted Average Shares": NaN,
        "Basic Average Shares": NaN,
        "Diluted EPS": NaN,
        "Basic EPS": NaN,
        "Diluted NI Availto Com Stockholders": NaN,
        "Net Income Common Stockholders": NaN,
        "Net Income": NaN,
        "Minority Interests": NaN,
        "Net Income Including Noncontrolling Interests": NaN,
        "Net Income Continuous Operations": NaN,
        "Earnings From Equity Interest Net Of Tax": 0.0,
        "Tax Provision": NaN,
        "Pretax Income": NaN,
        "Other Income Expense": NaN,
        "Other Non Operating Income Expenses": NaN,
        "Gain On Sale Of Security": NaN,
        "Net Non Operating Interest Income Expense": NaN,
        "Interest Expense Non Operating": NaN,
        "Interest Income Non Operating": NaN,
        "Operating Income": NaN,
        "Operating Expense": NaN,
        "Other Operating Expenses": NaN,
        "Selling General And Administration": NaN,
        "General And Administrative Expense": NaN,
        "Salaries And Wages": NaN,
        "Gross Profit": NaN,
        "Cost Of Revenue": NaN,
        "Total Revenue": NaN,
        "Operating Revenue": NaN
    },
    "2022-09-30": {
        "Tax Effect Of Unusual Items": NaN,
        "Tax Rate For Calcs": NaN,
        "Normalized EBITDA": NaN,
        "Total Unusual Items": NaN,
        "Total Unusual Items Excluding Goodwill": NaN,
        "Net Income From Continuing Operation Net Minority Interest": NaN,
        "Reconciled Depreciation": NaN,
        "Reconciled Cost Of Revenue": NaN,
        "EBITDA": NaN,
        "EBIT": NaN,
        "Net Interest Income": NaN,
        "Interest Expense": NaN,
        "Interest Income": NaN,
        "Normalized Income": NaN,
        "Net Income From Continuing And Discontinued Operation": NaN,
        "Total Expenses": NaN,
        "Total Operating Income As Reported": NaN,
        "Diluted Average Shares": NaN,
        "Basic Average Shares": NaN,
        "Diluted EPS": NaN,
        "Basic EPS": NaN,
        "Diluted NI Availto Com Stockholders": NaN,
        "Net Income Common Stockholders": NaN,
        "Net Income": NaN,
        "Minority Interests": NaN,
        "Net Income Including Noncontrolling Interests": NaN,
        "Net Income Continuous Operations": NaN,
        "Earnings From Equity Interest Net Of Tax": 0.0,
        "Tax Provision": NaN,
        "Pretax Income": NaN,
        "Other Income Expense": NaN,
        "Other Non Operating Income Expenses": NaN,
        "Gain On Sale Of Security": NaN,
        "Net Non Operating Interest Income Expense": NaN,
        "Interest Expense Non Operating": NaN,
        "Interest Income Non Operating": NaN,
        "Operating Income": NaN,
        "Operating Expense": NaN,
        "Other Operating Expenses": NaN,
        "Selling General And Administration": NaN,
        "General And Administrative Expense": NaN,
        "Salaries And Wages": NaN,
        "Gross Profit": NaN,
        "Cost Of Revenue": NaN,
        "Total Revenue": NaN,
        "Operating Revenue": NaN
    },
    "2022-06-30": {
        "Tax Effect Of Unusual Items": -380800.0,
        "Tax Rate For Calcs": 0.238,
        "Normalized EBITDA": 348200000.0,
        "Total Unusual Items": -1600000.0,
        "Total Unusual Items Excluding Goodwill": -1600000.0,
        "Net Income From Continuing Operation Net Minority Interest": 231500000.0,
        "Reconciled Depreciation": 25400000.0,
        "Reconciled Cost Of Revenue": 583100000.0,
        "EBITDA": 346600000.0,
        "EBIT": 321200000.0,
        "Net Interest Income": -10100000.0,
        "Interest Expense": 11700000.0,
        "Interest Income": 1600000.0,
        "Normalized Income": 232719200.0,
        "Net Income From Continuing And Discontinued Operation": 231500000.0,
        "Total Expenses": 824700000.0,
        "Total Operating Income As Reported": 311900000.0,
        "Diluted Average Shares": 54238807.0,
        "Basic Average Shares": 53312259.0,
        "Diluted EPS": 4.27,
        "Basic EPS": 4.34,
        "Diluted NI Availto Com Stockholders": 231500000.0,
        "Net Income Common Stockholders": 231500000.0,
        "Net Income": 231500000.0,
        "Minority Interests": -5700000.0,
        "Net Income Including Noncontrolling Interests": 237200000.0,
        "Net Income Continuous Operations": 237200000.0,
        "Earnings From Equity Interest Net Of Tax": 0.0,
        "Tax Provision": 72300000.0,
        "Pretax Income": 309500000.0,
        "Other Income Expense": 7700000.0,
        "Other Non Operating Income Expenses": 9300000.0,
        "Gain On Sale Of Security": -1600000.0,
        "Net Non Operating Interest Income Expense": -10100000.0,
        "Interest Expense Non Operating": 11700000.0,
        "Interest Income Non Operating": 1600000.0,
        "Operating Income": 311900000.0,
        "Operating Expense": 241600000.0,
        "Other Operating Expenses": 241600000.0,
        "Gross Profit": 553500000.0,
        "Cost Of Revenue": 583100000.0,
        "Total Revenue": 1136600000.0,
        "Operating Revenue": 1130500000.0
    },
    "2022-03-31": {
        "Diluted EPS": 4.0,
        "Total Revenue": NaN,
        "Gross Profit": 534,
        "Operating Income": 294,
        "EBIT": 319,
        "Net Income": 217
    },
    "2021-12-31": {
        "Diluted EPS": 4.09,
        "Total Revenue": NaN,
        "Gross Profit": 533,
        "Operating Income": 299,
        "EBIT": 329,
        "Net Income": 224
    },
    "2021-09-30": {
        "Diluted EPS": 3.57,
        "Total Revenue": NaN,
        "Gross Profit": 521,
        "Operating Income": 272,
        "EBIT": 297,
        "Net Income": 196
    },
    "2021-06-30": {
        "Diluted EPS": 3.76,
        "Total Revenue": NaN,
        "Gross Profit": 543,
        "Operating Income": 286,
        "EBIT": 312,
        "Net Income": 208
    },
    "2021-03-31": {
        "Diluted EPS": 3.5,
        "Total Revenue": NaN,
        "Gross Profit": 514,
        "Operating Income": 266,
        "EBIT": 291,
        "Net Income": 193
    },
    "2020-12-31": {
        "Diluted EPS": 3.82,
        "Total Revenue": NaN,
        "Gross Profit": 516,
        "Operating Income": 285,
        "EBIT": 310,
        "Net Income": 209
    },
    "2020-09-30": {
        "Diluted EPS": 3.28,
        "Total Revenue": 942,
        "Gross Profit": 470,
        "Operating Income": 251,
        "EBIT": 275,
        "Net Income": 180
    },
    "2020-06-30": {
        "Diluted EPS": 1.85,
        "Total Revenue": 724,
        "Gross Profit": 341,
        "Operating Income": 149,
        "EBIT": 173,
        "Net Income": 101
    },
    "2020-03-31": {
        "Diluted EPS": 2.49,
        "Total Revenue": 852,
        "Gross Profit": 422,
        "Operating Income": 196,
        "EBIT": 220,
        "Net Income": 137
    },
    "2019-12-31": {
        "Diluted EPS": 3.07,
        "Total Revenue": 955,
        "Gross Profit": 451,
        "Operating Income": 234,
        "EBIT": 258,
        "Net Income": 171
    },
    "2019-09-30": {
        "Diluted EPS": 2.96,
        "Total Revenue": 902,
        "Gross Profit": 448,
        "Operating Income": 229,
        "EBIT": 252,
        "Net Income": 165
    },
    "2019-06-30": {
        "Diluted EPS": 3.22,
        "Total Revenue": 951,
        "Gross Profit": 474,
        "Operating Income": 251,
        "EBIT": 274,
        "Net Income": 180
    },
    "2019-03-31": {
        "Diluted EPS": 3.16,
        "Total Revenue": 922,
        "Gross Profit": 472,
        "Operating Income": 250,
        "EBIT": 272,
        "Net Income": 178
    },
    "2018-12-31": {
        "Diluted EPS": 3.08,
        "Total Revenue": 953,
        "Gross Profit": 457,
        "Operating Income": 238,
        "EBIT": 261,
        "Net Income": 175
    },
    "2018-09-30": {
        "Diluted EPS": 2.85,
        "Total Revenue": 898,
        "Gross Profit": 454,
        "Operating Income": 232,
        "EBIT": 256,
        "Net Income": 163
    },
    "2018-06-30": {
        "Diluted EPS": 3.12,
        "Total Revenue": 955,
        "Gross Profit": 487,
        "Operating Income": 251,
        "EBIT": 275,
        "Net Income": 179
    },
    "2018-03-31": {
        "Diluted EPS": 2.82,
        "Total Revenue": 936,
        "Gross Profit": 472,
        "Operating Income": 235,
        "EBIT": 259,
        "Net Income": 163
    },
    "2017-12-31": {
        "Diluted EPS": 2.24,
        "Total Revenue": 975,
        "Gross Profit": 466,
        "Operating Income": 212,
        "EBIT": 236,
        "Net Income": 130
    },
    "2017-09-30": {
        "Diluted EPS": 2.29,
        "Total Revenue": 904,
        "Gross Profit": 449,
        "Operating Income": 209,
        "EBIT": 232,
        "Net Income": 133
    },
    "2017-06-30": {
        "Diluted EPS": 2.6,
        "Total Revenue": 921,
        "Gross Profit": 463,
        "Operating Income": 238,
        "EBIT": 261,
        "Net Income": 153
    },
    "2017-03-31": {
        "Diluted EPS": 2.39,
        "Total Revenue": 887,
        "Gross Profit": 448,
        "Operating Income": 223,
        "EBIT": 246,
        "Net Income": 142
    },
    "2016-12-31": {
        "Diluted EPS": 2.46,
        "Total Revenue": 890,
        "Gross Profit": 445,
        "Operating Income": 235,
        "EBIT": 256,
        "Net Income": 146
    },
    "2016-09-30": {
        "Diluted EPS": 2.22,
        "Total Revenue": 834,
        "Gross Profit": 419,
        "Operating Income": 208,
        "EBIT": 229,
        "Net Income": 132
    },
    "2016-06-30": {
        "Diluted EPS": 2.36,
        "Total Revenue": 872,
        "Gross Profit": 431,
        "Operating Income": 216,
        "EBIT": 238,
        "Net Income": 140
    },
    "2016-03-31": {
        "Diluted EPS": 2.16,
        "Total Revenue": 834,
        "Gross Profit": 415,
        "Operating Income": 202,
        "EBIT": 223,
        "Net Income": 128
    },
    "2015-12-31": {
        "Diluted EPS": 2.22,
        "Total Revenue": 852,
        "Gross Profit": 412,
        "Operating Income": 207,
        "EBIT": 271,
        "Net Income": 131
    },
    "2015-09-30": {
        "Diluted EPS": 1.98,
        "Total Revenue": 822,
        "Gross Profit": 407,
        "Operating Income": 187,
        "EBIT": 165,
        "Net Income": 117
    },
    "2015-06-30": {
        "Diluted EPS": 2.03,
        "Total Revenue": 852,
        "Gross Profit": 419,
        "Operating Income": 192,
        "EBIT": 213,
        "Net Income": 120
    },
    "2015-03-31": {
        "Diluted EPS": 1.87,
        "Total Revenue": 828,
        "Gross Profit": 410,
        "Operating Income": 178,
        "EBIT": 198,
        "Net Income": 111
    },
    "2014-12-31": {
        "Diluted EPS": 1.96,
        "Total Revenue": 857,
        "Gross Profit": 411,
        "Operating Income": 187,
        "EBIT": 208,
        "Net Income": 116
    },
    "2014-09-30": {
        "Diluted EPS": 1.76,
        "Total Revenue": 806,
        "Gross Profit": 394,
        "Operating Income": 168,
        "EBIT": 188,
        "Net Income": 104
    },
    "2014-06-30": {
        "Diluted EPS": 1.8,
        "Total Revenue": 827,
        "Gross Profit": 400,
        "Operating Income": 173,
        "EBIT": 193,
        "Net Income": 106
    },
    "2014-03-31": {
        "Diluted EPS": 1.62,
        "Total Revenue": 788,
        "Gross Profit": 379,
        "Operating Income": 156,
        "EBIT": 176,
        "Net Income": 96
    },
    "2013-12-31": {
        "Diluted EPS": 1.6,
        "Total Revenue": 798,
        "Gross Profit": 379,
        "Operating Income": 157,
        "EBIT": 176,
        "Net Income": 95
    },
    "2013-09-30": {
        "Diluted EPS": 1.43,
        "Total Revenue": 753,
        "Gross Profit": 364,
        "Operating Income": 143,
        "EBIT": 162,
        "Net Income": 85
    },
    "2013-06-30": {
        "Diluted EPS": 1.5,
        "Total Revenue": 764,
        "Gross Profit": 373,
        "Operating Income": 148,
        "EBIT": 168,
        "Net Income": 88
    },
    "2013-03-31": {
        "Diluted EPS": 1.4,
        "Total Revenue": 742,
        "Gross Profit": 357,
        "Operating Income": 138,
        "EBIT": 157,
        "Net Income": 83
    },
    "2012-12-31": {
        "Diluted EPS": 1.43,
        "Total Revenue": 753,
        "Gross Profit": 352,
        "Operating Income": 141,
        "EBIT": 160,
        "Net Income": 85
    },
    "2012-09-30": {
        "Diluted EPS": 1.26,
        "Total Revenue": 712,
        "Gross Profit": 340,
        "Operating Income": 124,
        "EBIT": 143,
        "Net Income": 74
    },
    "2012-06-30": {
        "Diluted EPS": 1.3,
        "Total Revenue": 738,
        "Gross Profit": 350,
        "Operating Income": 130,
        "EBIT": 149,
        "Net Income": 76
    },
    "2012-03-31": {
        "Diluted EPS": 1.21,
        "Total Revenue": 735,
        "Gross Profit": 348,
        "Operating Income": 121,
        "EBIT": 140,
        "Net Income": 71
    },
    "2011-12-31": {
        "Diluted EPS": 1.26,
        "Total Revenue": 737,
        "Gross Profit": 336,
        "Operating Income": 126,
        "EBIT": 145,
        "Net Income": 74
    },
    "2011-09-30": {
        "Diluted EPS": 1.16,
        "Total Revenue": 697,
        "Gross Profit": 329,
        "Operating Income": 115,
        "EBIT": 134,
        "Net Income": 68
    },
    "2011-06-30": {
        "Diluted EPS": 1.33,
        "Total Revenue": 727,
        "Gross Profit": 342,
        "Operating Income": 134,
        "EBIT": 153,
        "Net Income": 78
    },
    "2011-03-31": {
        "Diluted EPS": 0.96,
        "Total Revenue": 694,
        "Gross Profit": 331,
        "Operating Income": 100,
        "EBIT": 118,
        "Net Income": 56
    },
    "2010-12-31": {
        "Diluted EPS": 0.98,
        "Total Revenue": 697,
        "Gross Profit": 319,
        "Operating Income": 97,
        "EBIT": 115,
        "Net Income": 58
    },
    "2010-09-30": {
        "Diluted EPS": 0.8,
        "Total Revenue": 653,
        "Gross Profit": 301,
        "Operating Income": 84,
        "EBIT": 102,
        "Net Income": 47
    },
    "2010-06-30": {
        "Diluted EPS": 0.78,
        "Total Revenue": 648,
        "Gross Profit": 304,
        "Operating Income": 81,
        "EBIT": 99,
        "Net Income": 45
    },
    "2010-03-31": {
        "Diluted EPS": 0.63,
        "Total Revenue": 622,
        "Gross Profit": 288,
        "Operating Income": 70,
        "EBIT": 88,
        "Net Income": 37
    },
    "2009-12-31": {
        "Diluted EPS": 0.63,
        "Total Revenue": 618,
        "Gross Profit": 284,
        "Operating Income": 67,
        "EBIT": 87,
        "Net Income": 37
    },
    "2009-09-30": {
        "Diluted EPS": 0.44,
        "Total Revenue": 582,
        "Gross Profit": 261,
        "Operating Income": 49,
        "EBIT": 67,
        "Net Income": 25
    },
    "2009-06-30": {
        "Diluted EPS": 0.65,
        "Total Revenue": 590,
        "Gross Profit": 254,
        "Operating Income": 70,
        "EBIT": 89,
        "Net Income": 37
    },
    "2009-03-31": {
        "Diluted EPS": 0.6,
        "Total Revenue": 573,
        "Gross Profit": 259,
        "Operating Income": 64,
        "EBIT": 82,
        "Net Income": 35
    },
    "2023-09-30": {
        "Tax Effect Of Unusual Items": NaN,
        "Tax Rate For Calcs": NaN,
        "Normalized EBITDA": NaN,
        "Total Unusual Items": NaN,
        "Total Unusual Items Excluding Goodwill": NaN,
        "Net Income From Continuing Operation Net Minority Interest": NaN,
        "Reconciled Depreciation": NaN,
        "Reconciled Cost Of Revenue": NaN,
        "EBITDA": NaN,
        "EBIT": NaN,
        "Net Interest Income": NaN,
        "Interest Expense": NaN,
        "Interest Income": NaN,
        "Normalized Income": NaN,
        "Net Income From Continuing And Discontinued Operation": NaN,
        "Total Expenses": NaN,
        "Total Operating Income As Reported": NaN,
        "Diluted Average Shares": 53900000.0,
        "Basic Average Shares": 52800000.0,
        "Diluted EPS": 4.51,
        "Basic EPS": 4.6,
        "Diluted NI Availto Com Stockholders": NaN,
        "Net Income Common Stockholders": NaN,
        "Net Income": NaN,
        "Minority Interests": NaN,
        "Net Income Including Noncontrolling Interests": NaN,
        "Net Income Continuous Operations": NaN,
        "Tax Provision": NaN,
        "Pretax Income": NaN,
        "Other Income Expense": NaN,
        "Other Non Operating Income Expenses": NaN,
        "Gain On Sale Of Security": NaN,
        "Net Non Operating Interest Income Expense": NaN,
        "Total Other Finance Cost": NaN,
        "Interest Expense Non Operating": NaN,
        "Interest Income Non Operating": NaN,
        "Operating Income": NaN,
        "Operating Expense": NaN,
        "Other Operating Expenses": NaN,
        "Selling General And Administration": NaN,
        "General And Administrative Expense": NaN,
        "Salaries And Wages": NaN,
        "Gross Profit": NaN,
        "Cost Of Revenue": NaN,
        "Total Revenue": NaN,
        "Operating Revenue": NaN
    },
    "2023-12-31": {
        "Tax Effect Of Unusual Items": -819377.267231,
        "Tax Rate For Calcs": 0.210097,
        "Normalized EBITDA": 372200000.0,
        "Total Unusual Items": -3900000.0,
        "Total Unusual Items Excluding Goodwill": -3900000.0,
        "Net Income From Continuing Operation Net Minority Interest": 255300000.0,
        "Reconciled Depreciation": 25000000.0,
        "Reconciled Cost Of Revenue": 619000000.0,
        "EBITDA": 368300000.0,
        "EBIT": 343300000.0,
        "Net Interest Income": 66800000.0,
        "Interest Expense": 12500000.0,
        "Interest Income": 108600000.0,
        "Normalized Income": 258380622.732769,
        "Net Income From Continuing And Discontinued Operation": 255300000.0,
        "Total Expenses": 938700000.0,
        "Total Operating Income As Reported": 325800000.0,
        "Diluted Average Shares": 53800000.0,
        "Basic Average Shares": 52700000.0,
        "Diluted EPS": 4.75,
        "Basic EPS": 4.84,
        "Diluted NI Availto Com Stockholders": 255300000.0,
        "Net Income Common Stockholders": 255300000.0,
        "Net Income": 255300000.0,
        "Minority Interests": -6000000.0,
        "Net Income Including Noncontrolling Interests": 261300000.0,
        "Net Income Continuous Operations": 261300000.0,
        "Tax Provision": 69500000.0,
        "Pretax Income": 330800000.0,
        "Other Income Expense": 6100000.0,
        "Other Non Operating Income Expenses": 10000000.0,
        "Gain On Sale Of Security": -3900000.0,
        "Net Non Operating Interest Income Expense": 66800000.0,
        "Total Other Finance Cost": 29300000.0,
        "Interest Expense Non Operating": 12500000.0,
        "Interest Income Non Operating": 108600000.0,
        "Operating Income": 257900000.0,
        "Operating Expense": 319700000.0,
        "Other Operating Expenses": 319700000.0,
        "Selling General And Administration": NaN,
        "General And Administrative Expense": NaN,
        "Salaries And Wages": NaN,
        "Gross Profit": 577600000.0,
        "Cost Of Revenue": 619000000.0,
        "Total Revenue": 1196600000.0,
        "Operating Revenue": 1189900000.0
    },
    "2024-03-31": {
        "Tax Effect Of Unusual Items": -444000.0,
        "Tax Rate For Calcs": 0.222,
        "Normalized EBITDA": 383800000.0,
        "Total Unusual Items": -2000000.0,
        "Total Unusual Items Excluding Goodwill": -2000000.0,
        "Net Income From Continuing Operation Net Minority Interest": 263500000.0,
        "Reconciled Depreciation": 24500000.0,
        "Reconciled Cost Of Revenue": 585600000.0,
        "EBITDA": 381800000.0,
        "EBIT": 357300000.0,
        "Net Interest Income": 68700000.0,
        "Interest Expense": 12500000.0,
        "Interest Income": 112500000.0,
        "Normalized Income": 265056000.0,
        "Net Income From Continuing And Discontinued Operation": 263500000.0,
        "Total Expenses": 911400000.0,
        "Total Operating Income As Reported": 339200000.0,
        "Diluted Average Shares": 53671031.0,
        "Basic Average Shares": 52741565.0,
        "Diluted EPS": 4.91,
        "Basic EPS": 4.99,
        "Diluted NI Availto Com Stockholders": 263500000.0,
        "Net Income Common Stockholders": 263500000.0,
        "Net Income": 263500000.0,
        "Minority Interests": -6100000.0,
        "Net Income Including Noncontrolling Interests": 269600000.0,
        "Net Income Continuous Operations": 269600000.0,
        "Tax Provision": 75200000.0,
        "Pretax Income": 344800000.0,
        "Other Income Expense": 5200000.0,
        "Other Non Operating Income Expenses": 7200000.0,
        "Gain On Sale Of Security": -2000000.0,
        "Net Non Operating Interest Income Expense": 68700000.0,
        "Total Other Finance Cost": 31300000.0,
        "Interest Expense Non Operating": 12500000.0,
        "Interest Income Non Operating": 112500000.0,
        "Operating Income": 270900000.0,
        "Operating Expense": 325800000.0,
        "Other Operating Expenses": 325800000.0,
        "Selling General And Administration": -7000000.0,
        "General And Administrative Expense": -7000000.0,
        "Salaries And Wages": -7000000.0,
        "Gross Profit": 596700000.0,
        "Cost Of Revenue": 585600000.0,
        "Total Revenue": 1182300000.0,
        "Operating Revenue": 1175200000.0
    },
    "2024-06-30": {
        "Tax Effect Of Unusual Items": -339000.0,
        "Tax Rate For Calcs": 0.226,
        "Normalized EBITDA": 395300000.0,
        "Total Unusual Items": -1500000.0,
        "Total Unusual Items Excluding Goodwill": -1500000.0,
        "Net Income From Continuing Operation Net Minority Interest": 271200000.0,
        "Reconciled Depreciation": 24600000.0,
        "Reconciled Cost Of Revenue": 582100000.0,
        "EBITDA": 393800000.0,
        "EBIT": 369200000.0,
        "Net Interest Income": 72100000.0,
        "Interest Expense": 12300000.0,
        "Interest Income": 114700000.0,
        "Normalized Income": 272361000.0,
        "Net Income From Continuing And Discontinued Operation": 271200000.0,
        "Total Expenses": 899100000.0,
        "Total Operating Income As Reported": 350500000.0,
        "Diluted Average Shares": 53500000.0,
        "Basic Average Shares": 52700000.0,
        "Diluted EPS": 5.07,
        "Basic EPS": 5.15,
        "Diluted NI Availto Com Stockholders": 271200000.0,
        "Net Income Common Stockholders": 271200000.0,
        "Net Income": 271200000.0,
        "Minority Interests": -6400000.0,
        "Net Income Including Noncontrolling Interests": 277600000.0,
        "Net Income Continuous Operations": 277600000.0,
        "Tax Provision": 79300000.0,
        "Pretax Income": 356900000.0,
        "Other Income Expense": 4500000.0,
        "Other Non Operating Income Expenses": 6000000.0,
        "Gain On Sale Of Security": -1500000.0,
        "Net Non Operating Interest Income Expense": 72100000.0,
        "Total Other Finance Cost": 30300000.0,
        "Interest Expense Non Operating": 12300000.0,
        "Interest Income Non Operating": 114700000.0,
        "Operating Income": 280300000.0,
        "Operating Expense": 317000000.0,
        "Other Operating Expenses": 317000000.0,
        "Selling General And Administration": NaN,
        "General And Administrative Expense": NaN,
        "Salaries And Wages": NaN,
        "Gross Profit": 597300000.0,
        "Cost Of Revenue": 582100000.0,
        "Total Revenue": 1179400000.0,
        "Operating Revenue": 1172000000.0
    },
    "2024-09-30": {
        "Tax Effect Of Unusual Items": -366400.0,
        "Tax Rate For Calcs": 0.229,
        "Normalized EBITDA": 370900000.0,
        "Total Unusual Items": -1600000.0,
        "Total Unusual Items Excluding Goodwill": -1600000.0,
        "Net Income From Continuing Operation Net Minority Interest": 251100000.0,
        "Reconciled Depreciation": 24600000.0,
        "Reconciled Cost Of Revenue": 559200000.0,
        "EBITDA": 369300000.0,
        "EBIT": 344700000.0,
        "Net Interest Income": 74400000.0,
        "Interest Expense": 12500000.0,
        "Interest Income": 115600000.0,
        "Normalized Income": 252333600.0,
        "Net Income From Continuing And Discontinued Operation": 251100000.0,
        "Total Expenses": 894600000.0,
        "Total Operating Income As Reported": 324100000.0,
        "Diluted Average Shares": 53400000.0,
        "Basic Average Shares": 52600000.0,
        "Diluted EPS": 4.7,
        "Basic EPS": 4.77,
        "Diluted NI Availto Com Stockholders": 251100000.0,
        "Net Income Common Stockholders": 251100000.0,
        "Net Income": 251100000.0,
        "Minority Interests": -6400000.0,
        "Net Income Including Noncontrolling Interests": 257500000.0,
        "Net Income Continuous Operations": 257500000.0,
        "Tax Provision": 74700000.0,
        "Pretax Income": 332200000.0,
        "Other Income Expense": 5400000.0,
        "Other Non Operating Income Expenses": 7000000.0,
        "Gain On Sale Of Security": -1600000.0,
        "Net Non Operating Interest Income Expense": 74400000.0,
        "Total Other Finance Cost": 28700000.0,
        "Interest Expense Non Operating": 12500000.0,
        "Interest Income Non Operating": 115600000.0,
        "Operating Income": 252400000.0,
        "Operating Expense": 335400000.0,
        "Other Operating Expenses": 335400000.0,
        "Selling General And Administration": NaN,
        "General And Administrative Expense": NaN,
        "Salaries And Wages": NaN,
        "Gross Profit": 587800000.0,
        "Cost Of Revenue": 559200000.0,
        "Total Revenue": 1147000000.0,
        "Operating Revenue": 1139300000.0
    },
    "2024-12-31": {
        "Tax Effect Of Unusual Items": -508549.528302,
        "Tax Rate For Calcs": 0.221108,
        "Normalized EBITDA": 378100000.0,
        "Total Unusual Items": -2300000.0,
        "Total Unusual Items Excluding Goodwill": -2300000.0,
        "Net Income From Continuing Operation Net Minority Interest": 258100000.0,
        "Reconciled Depreciation": 24300000.0,
        "Reconciled Cost Of Revenue": 602600000.0,
        "EBITDA": 375800000.0,
        "EBIT": 351500000.0,
        "Net Interest Income": 69100000.0,
        "Interest Expense": 12300000.0,
        "Interest Income": 115200000.0,
        "Normalized Income": 259891450.471698,
        "Net Income From Continuing And Discontinued Operation": 258100000.0,
        "Total Expenses": 933500000.0,
        "Total Operating Income As Reported": 331900000.0,
        "Diluted Average Shares": 53500000.0,
        "Basic Average Shares": 52500000.0,
        "Diluted EPS": 4.82,
        "Basic EPS": 4.92,
        "Diluted NI Availto Com Stockholders": 258100000.0,
        "Net Income Common Stockholders": 258100000.0,
        "Net Income": 258100000.0,
        "Minority Interests": -6100000.0,
        "Net Income Including Noncontrolling Interests": 264200000.0,
        "Net Income Continuous Operations": 264200000.0,
        "Tax Provision": 75000000.0,
        "Pretax Income": 339200000.0,
        "Other Income Expense": 4900000.0,
        "Other Non Operating Income Expenses": 7200000.0,
        "Gain On Sale Of Security": -2300000.0,
        "Net Non Operating Interest Income Expense": 69100000.0,
        "Total Other Finance Cost": 33800000.0,
        "Interest Expense Non Operating": 12300000.0,
        "Interest Income Non Operating": 115200000.0,
        "Operating Income": 265200000.0,
        "Operating Expense": 330900000.0,
        "Other Operating Expenses": 330900000.0,
        "Selling General And Administration": NaN,
        "General And Administrative Expense": NaN,
        "Salaries And Wages": NaN,
        "Gross Profit": 596100000.0,
        "Cost Of Revenue": 602600000.0,
        "Total Revenue": 1198700000.0,
        "Operating Revenue": 1191100000.0
    },
    "2025-03-31": {
        "Tax Effect Of Unusual Items": -133200.0,
        "Tax Rate For Calcs": 0.222,
        "Normalized EBITDA": 352400000.0,
        "Total Unusual Items": -600000.0,
        "Total Unusual Items Excluding Goodwill": -600000.0,
        "Net Income From Continuing Operation Net Minority Interest": 240500000.0,
        "Reconciled Depreciation": 24000000.0,
        "Reconciled Cost Of Revenue": 562600000.0,
        "EBITDA": 351800000.0,
        "EBIT": 327800000.0,
        "Net Interest Income": 71800000.0,
        "Interest Expense": 12400000.0,
        "Interest Income": 116000000.0,
        "Normalized Income": 240966800.0,
        "Net Income From Continuing And Discontinued Operation": 240500000.0,
        "Total Expenses": 898000000.0,
        "Total Operating Income As Reported": 313400000.0,
        "Diluted Average Shares": 53283272.0,
        "Basic Average Shares": 52359633.0,
        "Diluted EPS": 4.51,
        "Basic EPS": 4.59,
        "Diluted NI Availto Com Stockholders": 240500000.0,
        "Net Income Common Stockholders": 240500000.0,
        "Net Income": 240500000.0,
        "Minority Interests": -6200000.0,
        "Net Income Including Noncontrolling Interests": 246700000.0,
        "Net Income Continuous Operations": 246700000.0,
        "Tax Provision": 68700000.0,
        "Pretax Income": 315400000.0,
        "Other Income Expense": 500000.0,
        "Other Non Operating Income Expenses": 1100000.0,
        "Gain On Sale Of Security": -600000.0,
        "Net Non Operating Interest Income Expense": 71800000.0,
        "Total Other Finance Cost": 31800000.0,
        "Interest Expense Non Operating": 12400000.0,
        "Interest Income Non Operating": 116000000.0,
        "Operating Income": 243100000.0,
        "Operating Expense": 335400000.0,
        "Other Operating Expenses": 335400000.0,
        "Selling General And Administration": NaN,
        "General And Administrative Expense": NaN,
        "Salaries And Wages": NaN,
        "Gross Profit": 578500000.0,
        "Cost Of Revenue": 562600000.0,
        "Total Revenue": 1141100000.0,
        "Operating Revenue": 1133300000.0
    }
}