{
    "2023-06-30": {
        "Tax Effect Of Unusual Items": 0.0,
        "Tax Rate For Calcs": 0.033,
        "Normalized EBITDA": -320184000.0,
        "Net Income From Continuing Operation Net Minority Interest": -377308000.0,
        "Reconciled Depreciation": 39688000.0,
        "Reconciled Cost Of Revenue": 496874000.0,
        "EBITDA": -320184000.0,
        "EBIT": -359872000.0,
        "Net Interest Income": 37801000.0,
        "Interest Expense": 5343000.0,
        "Interest Income": 43144000.0,
        "Normalized Income": -377308000.0,
        "Net Income From Continuing And Discontinued Operation": -377308000.0,
        "Total Expenses": 1472008000.0,
        "Total Operating Income As Reported": -404339000.0,
        "Diluted Average Shares": 1603172000.0,
        "Basic Average Shares": 1603172000.0,
        "Diluted EPS": -0.24,
        "Basic EPS": -0.24,
        "Diluted NI Availto Com Stockholders": -377308000.0,
        "Net Income Common Stockholders": -377308000.0,
        "Net Income": -377308000.0,
        "Net Income Including Noncontrolling Interests": -377308000.0,
        "Net Income Continuous Operations": -377308000.0,
        "Tax Provision": 12093000.0,
        "Pretax Income": -365215000.0,
        "Other Income Expense": 1323000.0,
        "Other Non Operating Income Expenses": 1323000.0,
        "Net Non Operating Interest Income Expense": 37801000.0,
        "Interest Expense Non Operating": 5343000.0,
        "Interest Income Non Operating": 43144000.0,
        "Operating Income": -404339000.0,
        "Operating Expense": 975134000.0,
        "Research And Development": 477663000.0,
        "Selling General And Administration": 497471000.0,
        "Selling And Marketing Expense": 280597000.0,
        "General And Administrative Expense": 216874000.0,
        "Other Gand A": 216874000.0,
        "Gross Profit": 570795000.0,
        "Cost Of Revenue": 496874000.0,
        "Total Revenue": 1067669000.0,
        "Operating Revenue": 1067669000.0
    },
    "2023-03-31": {
        "Tax Effect Of Unusual Items": 0.0,
        "Tax Rate For Calcs": 0.21,
        "Normalized EBITDA": -280724000.0,
        "Net Income From Continuing Operation Net Minority Interest": -328674000.0,
        "Reconciled Depreciation": 35220000.0,
        "Reconciled Cost Of Revenue": 439986000.0,
        "EBITDA": -280724000.0,
        "EBIT": -315944000.0,
        "Net Interest Income": 32063000.0,
        "Interest Expense": 5885000.0,
        "Interest Income": 37948000.0,
        "Normalized Income": -328674000.0,
        "Net Income From Continuing And Discontinued Operation": -328674000.0,
        "Total Expenses": 1353872000.0,
        "Total Operating Income As Reported": -365264000.0,
        "Diluted Average Shares": 1581370000.0,
        "Basic Average Shares": 1581370000.0,
        "Diluted EPS": -0.21,
        "Basic EPS": -0.21,
        "Diluted NI Availto Com Stockholders": -328674000.0,
        "Net Income Common Stockholders": -328674000.0,
        "Net Income": -328674000.0,
        "Net Income Including Noncontrolling Interests": -328674000.0,
        "Net Income Continuous Operations": -328674000.0,
        "Tax Provision": 6845000.0,
        "Pretax Income": -321829000.0,
        "Other Income Expense": 11372000.0,
        "Other Non Operating Income Expenses": 11372000.0,
        "Net Non Operating Interest Income Expense": 32063000.0,
        "Interest Expense Non Operating": 5885000.0,
        "Interest Income Non Operating": 37948000.0,
        "Operating Income": -365264000.0,
        "Operating Expense": 913886000.0,
        "Research And Development": 455112000.0,
        "Selling General And Administration": 458774000.0,
        "Selling And Marketing Expense": 268433000.0,
        "General And Administrative Expense": 190341000.0,
        "Other Gand A": 190341000.0,
        "Gross Profit": 548622000.0,
        "Cost Of Revenue": 439986000.0,
        "Total Revenue": 988608000.0,
        "Operating Revenue": 988608000.0
    },
    "2022-12-31": {
        "Tax Effect Of Unusual Items": 0.0,
        "Tax Rate For Calcs": 0.21,
        "Normalized EBITDA": -230451000.0,
        "Net Income From Continuing Operation Net Minority Interest": -288460000.0,
        "Reconciled Depreciation": 48491000.0,
        "Reconciled Cost Of Revenue": 481311000.0,
        "EBITDA": -230451000.0,
        "EBIT": -278942000.0,
        "Net Interest Income": 23386000.0,
        "Interest Expense": 5312000.0,
        "Interest Income": 28698000.0,
        "Normalized Income": -288460000.0,
        "Net Income From Continuing And Discontinued Operation": -288460000.0,
        "Total Expenses": 1587332000.0,
        "Total Operating Income As Reported": -287597000.0,
        "Diluted Average Shares": 1573883000.0,
        "Basic Average Shares": 1573883000.0,
        "Diluted EPS": -0.18,
        "Basic EPS": -0.18,
        "Diluted NI Availto Com Stockholders": -288460000.0,
        "Net Income Common Stockholders": -288460000.0,
        "Net Income": -288460000.0,
        "Net Income Including Noncontrolling Interests": -288460000.0,
        "Net Income Continuous Operations": -288460000.0,
        "Tax Provision": 4206000.0,
        "Pretax Income": -284254000.0,
        "Other Income Expense": -20043000.0,
        "Other Non Operating Income Expenses": -20043000.0,
        "Net Non Operating Interest Income Expense": 23386000.0,
        "Interest Expense Non Operating": 5312000.0,
        "Interest Income Non Operating": 28698000.0,
        "Operating Income": -287597000.0,
        "Operating Expense": 1106021000.0,
        "Research And Development": 584942000.0,
        "Selling General And Administration": 521079000.0,
        "Selling And Marketing Expense": 295150000.0,
        "General And Administrative Expense": 225929000.0,
        "Other Gand A": 225929000.0,
        "Gross Profit": 818424000.0,
        "Cost Of Revenue": 481311000.0,
        "Total Revenue": 1299735000.0,
        "Operating Revenue": 1299735000.0
    },
    "2022-09-30": {
        "Tax Effect Of Unusual Items": 0.0,
        "Tax Rate For Calcs": 0.21,
        "Normalized EBITDA": -308545000.0,
        "Net Income From Continuing Operation Net Minority Interest": -359502000.0,
        "Reconciled Depreciation": 36291000.0,
        "Reconciled Cost Of Revenue": 466757000.0,
        "EBITDA": -308545000.0,
        "EBIT": -344836000.0,
        "Net Interest Income": 13020000.0,
        "Interest Expense": 5425000.0,
        "Interest Income": 18445000.0,
        "Normalized Income": -359502000.0,
        "Net Income From Continuing And Discontinued Operation": -359502000.0,
        "Total Expenses": 1563718000.0,
        "Total Operating Income As Reported": -435242000.0,
        "Diluted Average Shares": 1608523000.0,
        "Basic Average Shares": 1608523000.0,
        "Diluted EPS": -0.22,
        "Basic EPS": -0.22,
        "Diluted NI Availto Com Stockholders": -359502000.0,
        "Net Income Common Stockholders": -359502000.0,
        "Net Income": -359502000.0,
        "Net Income Including Noncontrolling Interests": -359502000.0,
        "Net Income Continuous Operations": -359502000.0,
        "Tax Provision": 9241000.0,
        "Pretax Income": -350261000.0,
        "Other Income Expense": 71961000.0,
        "Other Non Operating Income Expenses": 71961000.0,
        "Net Non Operating Interest Income Expense": 13020000.0,
        "Interest Expense Non Operating": 5425000.0,
        "Interest Income Non Operating": 18445000.0,
        "Operating Income": -435242000.0,
        "Operating Expense": 1096961000.0,
        "Research And Development": 564258000.0,
        "Selling General And Administration": 532703000.0,
        "Selling And Marketing Expense": 270336000.0,
        "General And Administrative Expense": 262367000.0,
        "Other Gand A": 262367000.0,
        "Gross Profit": 661719000.0,
        "Cost Of Revenue": 466757000.0,
        "Total Revenue": 1128476000.0,
        "Operating Revenue": 1128476000.0
    },
    "2022-06-30": {
        "Tax Effect Of Unusual Items": 0.0,
        "Tax Rate For Calcs": 0.4,
        "Normalized EBITDA": -330228000.0,
        "Net Income From Continuing Operation Net Minority Interest": -422067000.0,
        "Reconciled Depreciation": 79291000.0,
        "Reconciled Cost Of Revenue": 446377000.0,
        "EBITDA": -330228000.0,
        "EBIT": -409519000.0,
        "Net Interest Income": 2782000.0,
        "Interest Expense": 5549000.0,
        "Interest Income": 8331000.0,
        "Normalized Income": -422067000.0,
        "Net Income From Continuing And Discontinued Operation": -422067000.0,
        "Total Expenses": 1511849000.0,
        "Total Operating Income As Reported": -400940000.0,
        "Diluted Average Shares": 1632140000.0,
        "Basic Average Shares": 1632140000.0,
        "Diluted EPS": -0.26,
        "Basic EPS": -0.26,
        "Diluted NI Availto Com Stockholders": -422067000.0,
        "Net Income Common Stockholders": -422067000.0,
        "Net Income": -422067000.0,
        "Net Income Including Noncontrolling Interests": -422067000.0,
        "Net Income Continuous Operations": -422067000.0,
        "Tax Provision": 6999000.0,
        "Pretax Income": -415068000.0,
        "Other Income Expense": -16910000.0,
        "Other Non Operating Income Expenses": -16910000.0,
        "Net Non Operating Interest Income Expense": 2782000.0,
        "Interest Expense Non Operating": 5549000.0,
        "Interest Income Non Operating": 8331000.0,
        "Operating Income": -400940000.0,
        "Operating Expense": 1065472000.0,
        "Research And Development": 505037000.0,
        "Selling General And Administration": 560435000.0,
        "Selling And Marketing Expense": 311374000.0,
        "General And Administrative Expense": 249061000.0,
        "Other Gand A": 249061000.0,
        "Gross Profit": 664532000.0,
        "Cost Of Revenue": 446377000.0,
        "Total Revenue": 1110909000.0,
        "Operating Revenue": 1110909000.0
    },
    "2022-03-31": {
        "Diluted EPS": -0.22,
        "Total Revenue": NaN,
        "Gross Profit": 642,
        "Operating Income": -272,
        "EBIT": -232,
        "Net Income": -360
    },
    "2021-12-31": {
        "Diluted EPS": 0.03,
        "Total Revenue": NaN,
        "Gross Profit": 849,
        "Operating Income": -25,
        "EBIT": 11,
        "Net Income": 23
    },
    "2021-09-30": {
        "Diluted EPS": -0.05,
        "Total Revenue": NaN,
        "Gross Profit": 624,
        "Operating Income": -181,
        "EBIT": -147,
        "Net Income": -72
    },
    "2021-06-30": {
        "Diluted EPS": -0.1,
        "Total Revenue": 982,
        "Gross Profit": 537,
        "Operating Income": -193,
        "EBIT": -163,
        "Net Income": -152
    },
    "2021-03-31": {
        "Diluted EPS": -0.19,
        "Total Revenue": 770,
        "Gross Profit": 357,
        "Operating Income": -304,
        "EBIT": -279,
        "Net Income": -287
    },
    "2020-12-31": {
        "Diluted EPS": -0.07,
        "Total Revenue": 911,
        "Gross Profit": 526,
        "Operating Income": -97,
        "EBIT": -50,
        "Net Income": -113
    },
    "2020-09-30": {
        "Diluted EPS": -0.14,
        "Total Revenue": 679,
        "Gross Profit": 386,
        "Operating Income": -168,
        "EBIT": -122,
        "Net Income": -200
    },
    "2020-06-30": {
        "Diluted EPS": -0.23,
        "Total Revenue": 454,
        "Gross Profit": 204,
        "Operating Income": -311,
        "EBIT": -269,
        "Net Income": -326
    },
    "2020-03-31": {
        "Diluted EPS": -0.21,
        "Total Revenue": 462,
        "Gross Profit": 209,
        "Operating Income": -286,
        "EBIT": -254,
        "Net Income": -306
    },
    "2019-12-31": {
        "Diluted EPS": -0.17,
        "Total Revenue": 561,
        "Gross Profit": 307,
        "Operating Income": -254,
        "EBIT": -222,
        "Net Income": -241
    },
    "2019-09-30": {
        "Diluted EPS": -0.16,
        "Total Revenue": 446,
        "Gross Profit": 223,
        "Operating Income": -229,
        "EBIT": -202,
        "Net Income": -227
    },
    "2019-06-30": {
        "Diluted EPS": -0.19,
        "Total Revenue": 388,
        "Gross Profit": 173,
        "Operating Income": -305,
        "EBIT": -282,
        "Net Income": -255
    },
    "2019-03-31": {
        "Diluted EPS": -0.23,
        "Total Revenue": 320,
        "Gross Profit": 117,
        "Operating Income": -316,
        "EBIT": -293,
        "Net Income": -310
    },
    "2018-12-31": {
        "Diluted EPS": -0.15,
        "Total Revenue": 390,
        "Gross Profit": 177,
        "Operating Income": -195,
        "EBIT": -172,
        "Net Income": -192
    },
    "2018-09-30": {
        "Diluted EPS": -0.25,
        "Total Revenue": 298,
        "Gross Profit": 100,
        "Operating Income": -323,
        "EBIT": -298,
        "Net Income": -325
    },
    "2018-06-30": {
        "Diluted EPS": -0.27,
        "Total Revenue": 262,
        "Gross Profit": 71,
        "Operating Income": -358,
        "EBIT": -335,
        "Net Income": -353
    },
    "2018-03-31": {
        "Diluted EPS": -0.3,
        "Total Revenue": 231,
        "Gross Profit": 34,
        "Operating Income": -393,
        "EBIT": -371,
        "Net Income": -386
    },
    "2017-12-31": {
        "Diluted EPS": 0.08,
        "Total Revenue": 286,
        "Gross Profit": 94,
        "Operating Income": -361,
        "EBIT": -342,
        "Net Income": -350
    },
    "2017-09-30": {
        "Diluted EPS": -0.36,
        "Total Revenue": 208,
        "Gross Profit": -3,
        "Operating Income": -462,
        "EBIT": -444,
        "Net Income": -443
    },
    "2017-06-30": {
        "Diluted EPS": -0.36,
        "Total Revenue": 182,
        "Gross Profit": 30,
        "Operating Income": -449,
        "EBIT": -436,
        "Net Income": -443
    },
    "2017-03-31": {
        "Diluted EPS": -2.31,
        "Total Revenue": 150,
        "Gross Profit": -14,
        "Operating Income": NaN,
        "EBIT": NaN,
        "Net Income": NaN
    },
    "2016-12-31": {
        "Diluted EPS": -0.21,
        "Total Revenue": 166,
        "Gross Profit": 12,
        "Operating Income": -170,
        "EBIT": -159,
        "Net Income": -170
    },
    "2016-09-30": {
        "Diluted EPS": -0.15,
        "Total Revenue": 128,
        "Gross Profit": 0,
        "Operating Income": -131,
        "EBIT": -124,
        "Net Income": -124
    },
    "2016-06-30": {
        "Diluted EPS": -0.14,
        "Total Revenue": 72,
        "Gross Profit": -23,
        "Operating Income": -116,
        "EBIT": -110,
        "Net Income": -116
    },
    "2016-03-31": {
        "Diluted EPS": -0.14,
        "Total Revenue": 39,
        "Gross Profit": -37,
        "Operating Income": -104,
        "EBIT": -99,
        "Net Income": -105
    },
    "2015-12-31": {
        "Diluted EPS": 0.0,
        "Total Revenue": NaN,
        "Gross Profit": NaN,
        "Operating Income": NaN,
        "EBIT": NaN,
        "Net Income": NaN
    },
    "2023-09-30": {
        "Tax Effect Of Unusual Items": NaN,
        "Tax Rate For Calcs": NaN,
        "Normalized EBITDA": NaN,
        "Net Income From Continuing Operation Net Minority Interest": NaN,
        "Reconciled Depreciation": NaN,
        "Reconciled Cost Of Revenue": NaN,
        "EBITDA": NaN,
        "EBIT": NaN,
        "Net Interest Income": NaN,
        "Interest Expense": NaN,
        "Interest Income": NaN,
        "Normalized Income": NaN,
        "Net Income From Continuing And Discontinued Operation": NaN,
        "Total Expenses": NaN,
        "Total Operating Income As Reported": NaN,
        "Diluted Average Shares": 1625917000.0,
        "Basic Average Shares": 1625917000.0,
        "Diluted EPS": -0.23,
        "Basic EPS": -0.23,
        "Diluted NI Availto Com Stockholders": NaN,
        "Net Income Common Stockholders": NaN,
        "Net Income": NaN,
        "Net Income Including Noncontrolling Interests": NaN,
        "Net Income Continuous Operations": NaN,
        "Tax Provision": NaN,
        "Pretax Income": NaN,
        "Other Income Expense": NaN,
        "Other Non Operating Income Expenses": NaN,
        "Net Non Operating Interest Income Expense": NaN,
        "Interest Expense Non Operating": NaN,
        "Interest Income Non Operating": NaN,
        "Operating Income": NaN,
        "Operating Expense": NaN,
        "Research And Development": NaN,
        "Selling General And Administration": NaN,
        "Selling And Marketing Expense": NaN,
        "General And Administrative Expense": NaN,
        "Other Gand A": NaN,
        "Gross Profit": NaN,
        "Cost Of Revenue": NaN,
        "Total Revenue": NaN,
        "Operating Revenue": NaN
    },
    "2023-12-31": {
        "Tax Effect Of Unusual Items": NaN,
        "Tax Rate For Calcs": NaN,
        "Normalized EBITDA": NaN,
        "Net Income From Continuing Operation Net Minority Interest": NaN,
        "Reconciled Depreciation": NaN,
        "Reconciled Cost Of Revenue": NaN,
        "EBITDA": NaN,
        "EBIT": NaN,
        "Net Interest Income": NaN,
        "Interest Expense": NaN,
        "Interest Income": NaN,
        "Normalized Income": NaN,
        "Net Income From Continuing And Discontinued Operation": NaN,
        "Total Expenses": NaN,
        "Total Operating Income As Reported": NaN,
        "Diluted Average Shares": 1638714000.0,
        "Basic Average Shares": 1638714000.0,
        "Diluted EPS": -0.15,
        "Basic EPS": -0.15,
        "Diluted NI Availto Com Stockholders": NaN,
        "Net Income Common Stockholders": NaN,
        "Net Income": NaN,
        "Net Income Including Noncontrolling Interests": NaN,
        "Net Income Continuous Operations": NaN,
        "Tax Provision": NaN,
        "Pretax Income": NaN,
        "Other Income Expense": NaN,
        "Other Non Operating Income Expenses": NaN,
        "Net Non Operating Interest Income Expense": NaN,
        "Interest Expense Non Operating": NaN,
        "Interest Income Non Operating": NaN,
        "Operating Income": NaN,
        "Operating Expense": NaN,
        "Depreciation Amortization Depletion Income Statement": NaN,
        "Depreciation And Amortization In Income Statement": NaN,
        "Research And Development": NaN,
        "Selling General And Administration": NaN,
        "Selling And Marketing Expense": NaN,
        "General And Administrative Expense": NaN,
        "Other Gand A": NaN,
        "Gross Profit": NaN,
        "Cost Of Revenue": NaN,
        "Total Revenue": NaN,
        "Operating Revenue": NaN
    },
    "2024-03-31": {
        "Tax Effect Of Unusual Items": NaN,
        "Tax Rate For Calcs": NaN,
        "Normalized EBITDA": NaN,
        "Net Income From Continuing Operation Net Minority Interest": NaN,
        "Reconciled Depreciation": NaN,
        "Reconciled Cost Of Revenue": NaN,
        "EBITDA": NaN,
        "EBIT": NaN,
        "Net Interest Income": NaN,
        "Interest Expense": NaN,
        "Interest Income": NaN,
        "Normalized Income": NaN,
        "Net Income From Continuing And Discontinued Operation": NaN,
        "Total Expenses": NaN,
        "Total Operating Income As Reported": NaN,
        "Diluted Average Shares": NaN,
        "Basic Average Shares": NaN,
        "Diluted EPS": NaN,
        "Basic EPS": NaN,
        "Diluted NI Availto Com Stockholders": NaN,
        "Net Income Common Stockholders": NaN,
        "Net Income": NaN,
        "Net Income Including Noncontrolling Interests": NaN,
        "Net Income Continuous Operations": NaN,
        "Tax Provision": NaN,
        "Pretax Income": NaN,
        "Other Income Expense": NaN,
        "Other Non Operating Income Expenses": NaN,
        "Net Non Operating Interest Income Expense": NaN,
        "Interest Expense Non Operating": NaN,
        "Interest Income Non Operating": NaN,
        "Operating Income": NaN,
        "Operating Expense": NaN,
        "Depreciation Amortization Depletion Income Statement": 11965000.0,
        "Depreciation And Amortization In Income Statement": 11965000.0,
        "Research And Development": NaN,
        "Selling General And Administration": NaN,
        "Selling And Marketing Expense": NaN,
        "General And Administrative Expense": NaN,
        "Other Gand A": NaN,
        "Gross Profit": NaN,
        "Cost Of Revenue": NaN,
        "Total Revenue": NaN,
        "Operating Revenue": NaN
    },
    "2024-06-30": {
        "Tax Effect Of Unusual Items": 0.0,
        "Tax Rate For Calcs": 0.21,
        "Normalized EBITDA": -200375000.0,
        "Net Income From Continuing Operation Net Minority Interest": -248620000.0,
        "Reconciled Depreciation": 37930000.0,
        "Reconciled Cost Of Revenue": 588921000.0,
        "EBITDA": -200375000.0,
        "EBIT": -238305000.0,
        "Net Interest Income": 31349000.0,
        "Interest Expense": 5113000.0,
        "Interest Income": 36462000.0,
        "Normalized Income": -248620000.0,
        "Net Income From Continuing And Discontinued Operation": -248620000.0,
        "Total Expenses": 1490743000.0,
        "Total Operating Income As Reported": -253975000.0,
        "Diluted Average Shares": 1644736000.0,
        "Basic Average Shares": 1644736000.0,
        "Diluted EPS": -0.15,
        "Basic EPS": -0.15,
        "Diluted NI Availto Com Stockholders": -248620000.0,
        "Net Income Common Stockholders": -248620000.0,
        "Net Income": -248620000.0,
        "Net Income Including Noncontrolling Interests": -248620000.0,
        "Net Income Continuous Operations": -248620000.0,
        "Tax Provision": 5202000.0,
        "Pretax Income": -243418000.0,
        "Other Income Expense": -20792000.0,
        "Other Non Operating Income Expenses": -20792000.0,
        "Net Non Operating Interest Income Expense": 31349000.0,
        "Interest Expense Non Operating": 5113000.0,
        "Interest Income Non Operating": 36462000.0,
        "Operating Income": -253975000.0,
        "Operating Expense": 901822000.0,
        "Depreciation Amortization Depletion Income Statement": NaN,
        "Depreciation And Amortization In Income Statement": NaN,
        "Research And Development": 406196000.0,
        "Selling General And Administration": 495626000.0,
        "Selling And Marketing Expense": 266320000.0,
        "General And Administrative Expense": 229306000.0,
        "Other Gand A": 229306000.0,
        "Gross Profit": 647847000.0,
        "Cost Of Revenue": 588921000.0,
        "Total Revenue": 1236768000.0,
        "Operating Revenue": 1132067000.0
    },
    "2024-09-30": {
        "Tax Effect Of Unusual Items": NaN,
        "Tax Rate For Calcs": NaN,
        "Normalized EBITDA": NaN,
        "Net Income From Continuing Operation Net Minority Interest": NaN,
        "Reconciled Depreciation": NaN,
        "Reconciled Cost Of Revenue": NaN,
        "EBITDA": NaN,
        "EBIT": NaN,
        "Net Interest Income": NaN,
        "Interest Expense": NaN,
        "Interest Income": NaN,
        "Normalized Income": NaN,
        "Net Income From Continuing And Discontinued Operation": NaN,
        "Total Expenses": NaN,
        "Total Operating Income As Reported": NaN,
        "Diluted Average Shares": 1663011000.0,
        "Basic Average Shares": 1663011000.0,
        "Diluted EPS": -0.09,
        "Basic EPS": -0.09,
        "Diluted NI Availto Com Stockholders": NaN,
        "Net Income Common Stockholders": NaN,
        "Net Income": NaN,
        "Net Income Including Noncontrolling Interests": NaN,
        "Net Income Continuous Operations": NaN,
        "Tax Provision": NaN,
        "Pretax Income": NaN,
        "Other Income Expense": NaN,
        "Other Non Operating Income Expenses": NaN,
        "Net Non Operating Interest Income Expense": NaN,
        "Interest Expense Non Operating": NaN,
        "Interest Income Non Operating": NaN,
        "Operating Income": NaN,
        "Operating Expense": NaN,
        "Depreciation Amortization Depletion Income Statement": NaN,
        "Depreciation And Amortization In Income Statement": NaN,
        "Research And Development": NaN,
        "Selling General And Administration": NaN,
        "Selling And Marketing Expense": NaN,
        "General And Administrative Expense": NaN,
        "Other Gand A": NaN,
        "Gross Profit": NaN,
        "Cost Of Revenue": NaN,
        "Total Revenue": NaN,
        "Operating Revenue": NaN
    },
    "2024-12-31": {
        "Tax Effect Of Unusual Items": 0.0,
        "Tax Rate For Calcs": 0.362005,
        "Normalized EBITDA": 59659000.0,
        "Net Income From Continuing Operation Net Minority Interest": 9101000.0,
        "Reconciled Depreciation": 39581000.0,
        "Reconciled Cost Of Revenue": 671660000.0,
        "EBITDA": 59659000.0,
        "EBIT": 20078000.0,
        "Net Interest Income": 32760000.0,
        "Interest Expense": 5813000.0,
        "Interest Income": 38573000.0,
        "Normalized Income": 9101000.0,
        "Net Income From Continuing And Discontinued Operation": 9101000.0,
        "Total Expenses": 1584160000.0,
        "Total Operating Income As Reported": -26877000.0,
        "Diluted Average Shares": 1717119000.0,
        "Basic Average Shares": 1681160000.0,
        "Diluted EPS": 0.01,
        "Basic EPS": 0.01,
        "Diluted NI Availto Com Stockholders": 9101000.0,
        "Net Income Common Stockholders": 9101000.0,
        "Net Income": 9101000.0,
        "Net Income Including Noncontrolling Interests": 9101000.0,
        "Net Income Continuous Operations": 9101000.0,
        "Tax Provision": 5164000.0,
        "Pretax Income": 14265000.0,
        "Other Income Expense": 8382000.0,
        "Other Non Operating Income Expenses": 8382000.0,
        "Net Non Operating Interest Income Expense": 32760000.0,
        "Interest Expense Non Operating": 5813000.0,
        "Interest Income Non Operating": 38573000.0,
        "Operating Income": -26877000.0,
        "Operating Expense": 912500000.0,
        "Depreciation Amortization Depletion Income Statement": NaN,
        "Depreciation And Amortization In Income Statement": NaN,
        "Research And Development": 422937000.0,
        "Selling General And Administration": 489563000.0,
        "Selling And Marketing Expense": 248214000.0,
        "General And Administrative Expense": 241349000.0,
        "Other Gand A": 241349000.0,
        "Gross Profit": 885623000.0,
        "Cost Of Revenue": 671660000.0,
        "Total Revenue": 1557283000.0,
        "Operating Revenue": 1557283000.0
    },
    "2025-03-31": {
        "Tax Effect Of Unusual Items": 0.0,
        "Tax Rate For Calcs": 0.21,
        "Normalized EBITDA": -70044000.0,
        "Net Income From Continuing Operation Net Minority Interest": -139587000.0,
        "Reconciled Depreciation": 37715000.0,
        "Reconciled Cost Of Revenue": 615172000.0,
        "EBITDA": -70044000.0,
        "EBIT": -107759000.0,
        "Net Interest Income": 13619000.0,
        "Interest Expense": 23399000.0,
        "Interest Income": 37018000.0,
        "Normalized Income": -139587000.0,
        "Net Income From Continuing And Discontinued Operation": -139587000.0,
        "Total Expenses": 1557063000.0,
        "Total Operating Income As Reported": -193846000.0,
        "Diluted Average Shares": 1696353000.0,
        "Basic Average Shares": 1696353000.0,
        "Diluted EPS": -0.08,
        "Basic EPS": -0.08,
        "Diluted NI Availto Com Stockholders": -139587000.0,
        "Net Income Common Stockholders": -139587000.0,
        "Net Income": -139587000.0,
        "Net Income Including Noncontrolling Interests": -139587000.0,
        "Net Income Continuous Operations": -139587000.0,
        "Tax Provision": 8429000.0,
        "Pretax Income": -131158000.0,
        "Other Income Expense": 49069000.0,
        "Other Non Operating Income Expenses": 49069000.0,
        "Net Non Operating Interest Income Expense": 13619000.0,
        "Interest Expense Non Operating": 23399000.0,
        "Interest Income Non Operating": 37018000.0,
        "Operating Income": -193846000.0,
        "Operating Expense": 917484000.0,
        "Depreciation Amortization Depletion Income Statement": 13308000.0,
        "Depreciation And Amortization In Income Statement": 13308000.0,
        "Research And Development": 424165000.0,
        "Selling General And Administration": 480011000.0,
        "Selling And Marketing Expense": 253134000.0,
        "General And Administrative Expense": 226877000.0,
        "Other Gand A": 226877000.0,
        "Gross Profit": 723638000.0,
        "Cost Of Revenue": 639579000.0,
        "Total Revenue": 1363217000.0,
        "Operating Revenue": 1210869000.0
    },
    "2025-06-30": {
        "Tax Effect Of Unusual Items": 0.0,
        "Tax Rate For Calcs": 0.21,
        "Normalized EBITDA": -187277000.0,
        "Net Income From Continuing Operation Net Minority Interest": -262570000.0,
        "Reconciled Depreciation": 40023000.0,
        "Reconciled Cost Of Revenue": 653333000.0,
        "EBITDA": -187277000.0,
        "EBIT": -227300000.0,
        "Net Interest Income": 5592000.0,
        "Interest Expense": 27607000.0,
        "Interest Income": 33199000.0,
        "Normalized Income": -262570000.0,
        "Net Income From Continuing And Discontinued Operation": -262570000.0,
        "Total Expenses": 1604606000.0,
        "Total Operating Income As Reported": -259676000.0,
        "Diluted Average Shares": 1674854000.0,
        "Basic Average Shares": 1674854000.0,
        "Diluted EPS": -0.16,
        "Basic EPS": -0.16,
        "Diluted NI Availto Com Stockholders": -262570000.0,
        "Net Income Common Stockholders": -262570000.0,
        "Net Income": -262570000.0,
        "Net Income Including Noncontrolling Interests": -262570000.0,
        "Net Income Continuous Operations": -262570000.0,
        "Tax Provision": 7663000.0,
        "Pretax Income": -254907000.0,
        "Other Income Expense": -823000.0,
        "Other Non Operating Income Expenses": -823000.0,
        "Net Non Operating Interest Income Expense": 5592000.0,
        "Interest Expense Non Operating": 27607000.0,
        "Interest Income Non Operating": 33199000.0,
        "Operating Income": -259676000.0,
        "Operating Expense": 951273000.0,
        "Depreciation Amortization Depletion Income Statement": NaN,
        "Depreciation And Amortization In Income Statement": NaN,
        "Research And Development": 443325000.0,
        "Selling General And Administration": 507948000.0,
        "Selling And Marketing Expense": 257853000.0,
        "General And Administrative Expense": 250095000.0,
        "Other Gand A": 250095000.0,
        "Gross Profit": 691597000.0,
        "Cost Of Revenue": 653333000.0,
        "Total Revenue": 1344930000.0,
        "Operating Revenue": 1173548000.0
    },
    "2025-09-30": {
        "Tax Effect Of Unusual Items": 0.0,
        "Tax Rate For Calcs": 0.005,
        "Normalized EBITDA": -26023000.0,
        "Net Income From Continuing Operation Net Minority Interest": -103541000.0,
        "Reconciled Depreciation": 42514000.0,
        "Reconciled Cost Of Revenue": 646077000.0,
        "EBITDA": -26023000.0,
        "EBIT": -68537000.0,
        "Net Interest Income": -2239000.0,
        "Interest Expense": 34494000.0,
        "Interest Income": 32255000.0,
        "Normalized Income": -103541000.0,
        "Net Income From Continuing And Discontinued Operation": -103541000.0,
        "Total Expenses": 1635201000.0,
        "Total Operating Income As Reported": -128362000.0,
        "Diluted Average Shares": 1696542000.0,
        "Basic Average Shares": 1696542000.0,
        "Diluted EPS": -0.06,
        "Basic EPS": -0.06,
        "Diluted NI Availto Com Stockholders": -103541000.0,
        "Net Income Common Stockholders": -103541000.0,
        "Net Income": -103541000.0,
        "Net Income Including Noncontrolling Interests": -103541000.0,
        "Net Income Continuous Operations": -103541000.0,
        "Tax Provision": 510000.0,
        "Pretax Income": -103031000.0,
        "Other Income Expense": 27570000.0,
        "Other Non Operating Income Expenses": 27570000.0,
        "Net Non Operating Interest Income Expense": -2239000.0,
        "Interest Expense Non Operating": 34494000.0,
        "Interest Income Non Operating": 32255000.0,
        "Operating Income": -128362000.0,
        "Operating Expense": 960981000.0,
        "Depreciation Amortization Depletion Income Statement": 14371000.0,
        "Depreciation And Amortization In Income Statement": 14371000.0,
        "Research And Development": 453418000.0,
        "Selling General And Administration": 493192000.0,
        "Selling And Marketing Expense": 250728000.0,
        "General And Administrative Expense": 242464000.0,
        "Other Gand A": 242464000.0,
        "Gross Profit": 832619000.0,
        "Cost Of Revenue": 674220000.0,
        "Total Revenue": 1506839000.0,
        "Operating Revenue": 1317119000.0
    },
    "2025-12-31": {
        "Tax Effect Of Unusual Items": 0.0,
        "Tax Rate For Calcs": 0.21,
        "Normalized EBITDA": 117839000.0,
        "Net Income From Continuing Operation Net Minority Interest": 45209000.0,
        "Reconciled Depreciation": 43381000.0,
        "Reconciled Cost Of Revenue": 702443000.0,
        "EBITDA": 117839000.0,
        "EBIT": 74458000.0,
        "Net Interest Income": -4811000.0,
        "Interest Expense": 36498000.0,
        "Interest Income": 31687000.0,
        "Normalized Income": 45209000.0,
        "Net Income From Continuing And Discontinued Operation": 45209000.0,
        "Total Expenses": 1666744000.0,
        "Total Operating Income As Reported": 49717000.0,
        "Diluted Average Shares": NaN,
        "Basic Average Shares": NaN,
        "Diluted EPS": NaN,
        "Basic EPS": NaN,
        "Diluted NI Availto Com Stockholders": 45209000.0,
        "Net Income Common Stockholders": 45209000.0,
        "Net Income": 45209000.0,
        "Net Income Including Noncontrolling Interests": 45209000.0,
        "Net Income Continuous Operations": 45209000.0,
        "Tax Provision": -7249000.0,
        "Pretax Income": 37960000.0,
        "Other Income Expense": -6946000.0,
        "Other Non Operating Income Expenses": -6946000.0,
        "Net Non Operating Interest Income Expense": -4811000.0,
        "Interest Expense Non Operating": 36498000.0,
        "Interest Income Non Operating": 31687000.0,
        "Operating Income": 49717000.0,
        "Operating Expense": 964301000.0,
        "Depreciation Amortization Depletion Income Statement": NaN,
        "Depreciation And Amortization In Income Statement": NaN,
        "Research And Development": 472693000.0,
        "Selling General And Administration": 532956000.0,
        "Selling And Marketing Expense": 264698000.0,
        "General And Administrative Expense": 268258000.0,
        "Other Gand A": 268258000.0,
        "Gross Profit": 1014018000.0,
        "Cost Of Revenue": 702443000.0,
        "Total Revenue": 1716461000.0,
        "Operating Revenue": 2229911000.0
    }
}