{
    "2023-06-30": {
        "Tax Effect Of Unusual Items": NaN,
        "Tax Rate For Calcs": NaN,
        "Normalized EBITDA": NaN,
        "Total Unusual Items": 0.0,
        "Total Unusual Items Excluding Goodwill": 0.0,
        "Net Income From Continuing Operation Net Minority Interest": NaN,
        "Reconciled Depreciation": NaN,
        "Reconciled Cost Of Revenue": NaN,
        "EBITDA": NaN,
        "EBIT": NaN,
        "Net Interest Income": NaN,
        "Interest Expense": NaN,
        "Normalized Income": NaN,
        "Net Income From Continuing And Discontinued Operation": NaN,
        "Total Expenses": NaN,
        "Total Operating Income As Reported": NaN,
        "Diluted Average Shares": NaN,
        "Basic Average Shares": NaN,
        "Diluted EPS": NaN,
        "Basic EPS": NaN,
        "Diluted NI Availto Com Stockholders": NaN,
        "Net Income Common Stockholders": NaN,
        "Net Income": NaN,
        "Net Income Including Noncontrolling Interests": NaN,
        "Net Income Continuous Operations": NaN,
        "Tax Provision": NaN,
        "Pretax Income": NaN,
        "Other Income Expense": NaN,
        "Special Income Charges": 0.0,
        "Restructuring And Mergern Acquisition": 0.0,
        "Net Non Operating Interest Income Expense": NaN,
        "Interest Expense Non Operating": NaN,
        "Operating Income": NaN,
        "Operating Expense": NaN,
        "Research And Development": NaN,
        "Selling General And Administration": NaN,
        "Selling And Marketing Expense": NaN,
        "General And Administrative Expense": NaN,
        "Other Gand A": NaN,
        "Gross Profit": NaN,
        "Cost Of Revenue": NaN,
        "Total Revenue": NaN,
        "Operating Revenue": NaN
    },
    "2023-03-31": {
        "Tax Effect Of Unusual Items": NaN,
        "Tax Rate For Calcs": NaN,
        "Normalized EBITDA": NaN,
        "Total Unusual Items": 0.0,
        "Total Unusual Items Excluding Goodwill": 0.0,
        "Net Income From Continuing Operation Net Minority Interest": NaN,
        "Reconciled Depreciation": NaN,
        "Reconciled Cost Of Revenue": NaN,
        "EBITDA": NaN,
        "EBIT": NaN,
        "Net Interest Income": NaN,
        "Interest Expense": NaN,
        "Normalized Income": NaN,
        "Net Income From Continuing And Discontinued Operation": NaN,
        "Total Expenses": NaN,
        "Total Operating Income As Reported": NaN,
        "Diluted Average Shares": NaN,
        "Basic Average Shares": NaN,
        "Diluted EPS": NaN,
        "Basic EPS": NaN,
        "Diluted NI Availto Com Stockholders": NaN,
        "Net Income Common Stockholders": NaN,
        "Net Income": NaN,
        "Net Income Including Noncontrolling Interests": NaN,
        "Net Income Continuous Operations": NaN,
        "Tax Provision": NaN,
        "Pretax Income": NaN,
        "Other Income Expense": NaN,
        "Special Income Charges": 0.0,
        "Restructuring And Mergern Acquisition": 0.0,
        "Net Non Operating Interest Income Expense": NaN,
        "Interest Expense Non Operating": NaN,
        "Operating Income": NaN,
        "Operating Expense": NaN,
        "Research And Development": NaN,
        "Selling General And Administration": NaN,
        "Selling And Marketing Expense": NaN,
        "General And Administrative Expense": NaN,
        "Other Gand A": NaN,
        "Gross Profit": NaN,
        "Cost Of Revenue": NaN,
        "Total Revenue": NaN,
        "Operating Revenue": NaN
    },
    "2022-12-31": {
        "Tax Effect Of Unusual Items": 0.0,
        "Tax Rate For Calcs": 0.192085,
        "Normalized EBITDA": 18971000.0,
        "Net Income From Continuing Operation Net Minority Interest": -5430000.0,
        "Reconciled Depreciation": 18059000.0,
        "Reconciled Cost Of Revenue": 225562000.0,
        "EBITDA": 18971000.0,
        "EBIT": 912000.0,
        "Net Interest Income": -7633000.0,
        "Interest Expense": 7633000.0,
        "Normalized Income": -5430000.0,
        "Net Income From Continuing And Discontinued Operation": -5430000.0,
        "Total Expenses": 496616000.0,
        "Total Operating Income As Reported": 912000.0,
        "Diluted Average Shares": 22249000.0,
        "Basic Average Shares": 22249000.0,
        "Diluted EPS": -0.24,
        "Basic EPS": -0.24,
        "Diluted NI Availto Com Stockholders": -5430000.0,
        "Net Income Common Stockholders": -5430000.0,
        "Net Income": -5430000.0,
        "Net Income Including Noncontrolling Interests": -5430000.0,
        "Net Income Continuous Operations": -5430000.0,
        "Tax Provision": -1291000.0,
        "Pretax Income": -6721000.0,
        "Net Non Operating Interest Income Expense": -7633000.0,
        "Interest Expense Non Operating": 7633000.0,
        "Operating Income": 912000.0,
        "Operating Expense": 271054000.0,
        "Research And Development": 14613000.0,
        "Selling General And Administration": 256441000.0,
        "Selling And Marketing Expense": 219224000.0,
        "General And Administrative Expense": 37217000.0,
        "Other Gand A": 37217000.0,
        "Gross Profit": 271966000.0,
        "Cost Of Revenue": 225562000.0,
        "Total Revenue": 497528000.0,
        "Operating Revenue": 497528000.0
    },
    "2022-09-30": {
        "Tax Effect Of Unusual Items": 0.0,
        "Tax Rate For Calcs": 0.284679,
        "Normalized EBITDA": 30009000.0,
        "Net Income From Continuing Operation Net Minority Interest": 5033000.0,
        "Reconciled Depreciation": 17367000.0,
        "Reconciled Cost Of Revenue": 237479000.0,
        "EBITDA": 30009000.0,
        "EBIT": 12642000.0,
        "Net Interest Income": -5606000.0,
        "Interest Expense": 5606000.0,
        "Normalized Income": 5033000.0,
        "Net Income From Continuing And Discontinued Operation": 5033000.0,
        "Total Expenses": 527924000.0,
        "Total Operating Income As Reported": 12642000.0,
        "Diluted Average Shares": 22573000.0,
        "Basic Average Shares": 22218000.0,
        "Diluted EPS": 0.22,
        "Basic EPS": 0.23,
        "Diluted NI Availto Com Stockholders": 5033000.0,
        "Net Income Common Stockholders": 5033000.0,
        "Net Income": 5033000.0,
        "Net Income Including Noncontrolling Interests": 5033000.0,
        "Net Income Continuous Operations": 5033000.0,
        "Tax Provision": 2003000.0,
        "Pretax Income": 7036000.0,
        "Net Non Operating Interest Income Expense": -5606000.0,
        "Interest Expense Non Operating": 5606000.0,
        "Operating Income": 12642000.0,
        "Operating Expense": 290445000.0,
        "Research And Development": 14786000.0,
        "Selling General And Administration": 275659000.0,
        "Selling And Marketing Expense": 239656000.0,
        "General And Administrative Expense": 36003000.0,
        "Other Gand A": 36003000.0,
        "Gross Profit": 303087000.0,
        "Cost Of Revenue": 237479000.0,
        "Total Revenue": 540566000.0,
        "Operating Revenue": 540566000.0
    },
    "2022-06-30": {
        "Tax Effect Of Unusual Items": 0.0,
        "Tax Rate For Calcs": 0.245377,
        "Normalized EBITDA": 66016000.0,
        "Net Income From Continuing Operation Net Minority Interest": 34933000.0,
        "Reconciled Depreciation": 16105000.0,
        "Reconciled Cost Of Revenue": 224128000.0,
        "EBITDA": 66016000.0,
        "EBIT": 49911000.0,
        "Net Interest Income": -3619000.0,
        "Interest Expense": 3619000.0,
        "Normalized Income": 34933000.0,
        "Net Income From Continuing And Discontinued Operation": 34933000.0,
        "Total Expenses": 499162000.0,
        "Total Operating Income As Reported": 49911000.0,
        "Diluted Average Shares": 22713000.0,
        "Basic Average Shares": 22355000.0,
        "Diluted EPS": 1.54,
        "Basic EPS": 1.56,
        "Diluted NI Availto Com Stockholders": 34933000.0,
        "Net Income Common Stockholders": 34933000.0,
        "Net Income": 34933000.0,
        "Net Income Including Noncontrolling Interests": 34933000.0,
        "Net Income Continuous Operations": 34933000.0,
        "Tax Provision": 11359000.0,
        "Pretax Income": 46292000.0,
        "Net Non Operating Interest Income Expense": -3619000.0,
        "Interest Expense Non Operating": 3619000.0,
        "Operating Income": 49911000.0,
        "Operating Expense": 275034000.0,
        "Research And Development": 15817000.0,
        "Selling General And Administration": 259217000.0,
        "Selling And Marketing Expense": 220490000.0,
        "General And Administrative Expense": 38727000.0,
        "Other Gand A": 38727000.0,
        "Gross Profit": 324945000.0,
        "Cost Of Revenue": 224128000.0,
        "Total Revenue": 549073000.0,
        "Operating Revenue": 549073000.0
    },
    "2022-03-31": {
        "Diluted EPS": 0.09,
        "Total Revenue": 527,
        "Gross Profit": 302,
        "Operating Income": 4,
        "EBIT": 20,
        "Net Income": 2
    },
    "2021-12-31": {
        "Diluted EPS": 0.55,
        "Total Revenue": 492,
        "Gross Profit": 280,
        "Operating Income": 15,
        "EBIT": 30,
        "Net Income": 11
    },
    "2021-09-30": {
        "Diluted EPS": 2.22,
        "Total Revenue": 640,
        "Gross Profit": 390,
        "Operating Income": 73,
        "EBIT": 88,
        "Net Income": 54
    },
    "2021-06-30": {
        "Diluted EPS": 0.88,
        "Total Revenue": 484,
        "Gross Profit": 293,
        "Operating Income": 30,
        "EBIT": 45,
        "Net Income": 22
    },
    "2021-03-31": {
        "Diluted EPS": 2.51,
        "Total Revenue": 568,
        "Gross Profit": 356,
        "Operating Income": 76,
        "EBIT": 91,
        "Net Income": 67
    },
    "2020-12-31": {
        "Diluted EPS": 2.2,
        "Total Revenue": 568,
        "Gross Profit": 356,
        "Operating Income": 75,
        "EBIT": 90,
        "Net Income": 61
    },
    "2020-09-30": {
        "Diluted EPS": 1.79,
        "Total Revenue": 531,
        "Gross Profit": 335,
        "Operating Income": 70,
        "EBIT": 85,
        "Net Income": 51
    },
    "2020-06-30": {
        "Diluted EPS": -0.45,
        "Total Revenue": 285,
        "Gross Profit": 163,
        "Operating Income": -12,
        "EBIT": 3,
        "Net Income": -13
    },
    "2020-03-31": {
        "Diluted EPS": 1.36,
        "Total Revenue": 473,
        "Gross Profit": 302,
        "Operating Income": 53,
        "EBIT": 68,
        "Net Income": 39
    },
    "2019-12-31": {
        "Diluted EPS": 0.82,
        "Total Revenue": 441,
        "Gross Profit": 276,
        "Operating Income": 33,
        "EBIT": 49,
        "Net Income": 24
    },
    "2019-09-30": {
        "Diluted EPS": 0.94,
        "Total Revenue": 475,
        "Gross Profit": 296,
        "Operating Income": 39,
        "EBIT": 54,
        "Net Income": 28
    },
    "2019-06-30": {
        "Diluted EPS": 0.14,
        "Total Revenue": 356,
        "Gross Profit": 217,
        "Operating Income": 7,
        "EBIT": 23,
        "Net Income": 4
    },
    "2019-03-31": {
        "Diluted EPS": 0.8,
        "Total Revenue": 426,
        "Gross Profit": 262,
        "Operating Income": 33,
        "EBIT": 48,
        "Net Income": 25
    },
    "2018-12-31": {
        "Diluted EPS": 0.78,
        "Total Revenue": 412,
        "Gross Profit": 251,
        "Operating Income": 38,
        "EBIT": 53,
        "Net Income": 27
    },
    "2018-09-30": {
        "Diluted EPS": 0.52,
        "Total Revenue": 415,
        "Gross Profit": 251,
        "Operating Income": 25,
        "EBIT": 41,
        "Net Income": 18
    },
    "2018-06-30": {
        "Diluted EPS": 0.1,
        "Total Revenue": 316,
        "Gross Profit": 189,
        "Operating Income": 2,
        "EBIT": 17,
        "Net Income": 4
    },
    "2018-03-31": {
        "Diluted EPS": 0.52,
        "Total Revenue": 389,
        "Gross Profit": 237,
        "Operating Income": 27,
        "EBIT": 43,
        "Net Income": 21
    },
    "2017-12-31": {
        "Diluted EPS": 0.39,
        "Total Revenue": 363,
        "Gross Profit": 221,
        "Operating Income": 20,
        "EBIT": 35,
        "Net Income": 16
    },
    "2017-09-30": {
        "Diluted EPS": 0.62,
        "Total Revenue": 403,
        "Gross Profit": 253,
        "Operating Income": 39,
        "EBIT": 54,
        "Net Income": 26
    },
    "2017-06-30": {
        "Diluted EPS": -0.02,
        "Total Revenue": 285,
        "Gross Profit": 177,
        "Operating Income": -3,
        "EBIT": 12,
        "Net Income": -1
    },
    "2017-03-31": {
        "Diluted EPS": 0.56,
        "Total Revenue": 394,
        "Gross Profit": 246,
        "Operating Income": 36,
        "EBIT": 52,
        "Net Income": 24
    },
    "2016-12-31": {
        "Diluted EPS": 0.24,
        "Total Revenue": 313,
        "Gross Profit": 197,
        "Operating Income": 15,
        "EBIT": 30,
        "Net Income": 11
    },
    "2016-09-30": {
        "Diluted EPS": 0.56,
        "Total Revenue": 368,
        "Gross Profit": 232,
        "Operating Income": 39,
        "EBIT": 54,
        "Net Income": 26
    },
    "2016-06-30": {
        "Diluted EPS": 0.03,
        "Total Revenue": 277,
        "Gross Profit": 171,
        "Operating Income": 2,
        "EBIT": 17,
        "Net Income": 1
    },
    "2016-03-31": {
        "Diluted EPS": 0.27,
        "Total Revenue": 353,
        "Gross Profit": 209,
        "Operating Income": 20,
        "EBIT": 34,
        "Net Income": 13
    },
    "2015-12-31": {
        "Diluted EPS": -0.4,
        "Total Revenue": 215,
        "Gross Profit": 121,
        "Operating Income": -31,
        "EBIT": -17,
        "Net Income": -21
    },
    "2015-09-30": {
        "Diluted EPS": 0.62,
        "Total Revenue": 374,
        "Gross Profit": 234,
        "Operating Income": 45,
        "EBIT": 57,
        "Net Income": 32
    },
    "2015-06-30": {
        "Diluted EPS": 0.21,
        "Total Revenue": 275,
        "Gross Profit": 171,
        "Operating Income": 17,
        "EBIT": 28,
        "Net Income": 11
    },
    "2015-03-31": {
        "Diluted EPS": 0.54,
        "Total Revenue": 350,
        "Gross Profit": 216,
        "Operating Income": 44,
        "EBIT": 55,
        "Net Income": 29
    },
    "2014-12-31": {
        "Diluted EPS": 0.34,
        "Total Revenue": 322,
        "Gross Profit": 194,
        "Operating Income": 28,
        "EBIT": 38,
        "Net Income": 19
    },
    "2014-09-30": {
        "Diluted EPS": 0.44,
        "Total Revenue": 323,
        "Gross Profit": 199,
        "Operating Income": 35,
        "EBIT": 46,
        "Net Income": 24
    },
    "2014-06-30": {
        "Diluted EPS": 0.16,
        "Total Revenue": 235,
        "Gross Profit": 142,
        "Operating Income": 13,
        "EBIT": 23,
        "Net Income": 8
    },
    "2014-03-31": {
        "Diluted EPS": 0.31,
        "Total Revenue": 276,
        "Gross Profit": 171,
        "Operating Income": 26,
        "EBIT": 35,
        "Net Income": 17
    },
    "2013-12-31": {
        "Diluted EPS": 0.12,
        "Total Revenue": 231,
        "Gross Profit": 141,
        "Operating Income": 10,
        "EBIT": 18,
        "Net Income": 6
    },
    "2013-09-30": {
        "Diluted EPS": 0.36,
        "Total Revenue": 264,
        "Gross Profit": 166,
        "Operating Income": 31,
        "EBIT": 39,
        "Net Income": 20
    },
    "2013-06-30": {
        "Diluted EPS": 0.18,
        "Total Revenue": 207,
        "Gross Profit": 131,
        "Operating Income": 15,
        "EBIT": 23,
        "Net Income": 10
    },
    "2013-03-31": {
        "Diluted EPS": 0.42,
        "Total Revenue": 258,
        "Gross Profit": 163,
        "Operating Income": 35,
        "EBIT": 42,
        "Net Income": 23
    },
    "2012-12-31": {
        "Diluted EPS": 0.22,
        "Total Revenue": 221,
        "Gross Profit": 140,
        "Operating Income": 19,
        "EBIT": 25,
        "Net Income": 12
    },
    "2012-09-30": {
        "Diluted EPS": 0.46,
        "Total Revenue": 247,
        "Gross Profit": 161,
        "Operating Income": 40,
        "EBIT": 46,
        "Net Income": 26
    },
    "2012-06-30": {
        "Diluted EPS": 0.3,
        "Total Revenue": 205,
        "Gross Profit": 132,
        "Operating Income": 26,
        "EBIT": 31,
        "Net Income": 17
    },
    "2012-03-31": {
        "Diluted EPS": 0.39,
        "Total Revenue": 262,
        "Gross Profit": 164,
        "Operating Income": 34,
        "EBIT": 39,
        "Net Income": 22
    },
    "2011-12-31": {
        "Diluted EPS": 0.26,
        "Total Revenue": 189,
        "Gross Profit": 119,
        "Operating Income": 20,
        "EBIT": 24,
        "Net Income": 15
    },
    "2011-09-30": {
        "Diluted EPS": 0.31,
        "Total Revenue": 200,
        "Gross Profit": 126,
        "Operating Income": 26,
        "EBIT": 30,
        "Net Income": 17
    },
    "2011-06-30": {
        "Diluted EPS": 0.2,
        "Total Revenue": 161,
        "Gross Profit": 103,
        "Operating Income": 18,
        "EBIT": 21,
        "Net Income": 11
    },
    "2011-03-31": {
        "Diluted EPS": 0.3,
        "Total Revenue": 193,
        "Gross Profit": 123,
        "Operating Income": 26,
        "EBIT": 30,
        "Net Income": 17
    },
    "2010-12-31": {
        "Diluted EPS": 0.13,
        "Total Revenue": 149,
        "Gross Profit": 94,
        "Operating Income": 11,
        "EBIT": 15,
        "Net Income": 7
    },
    "2010-09-30": {
        "Diluted EPS": 0.19,
        "Total Revenue": 160,
        "Gross Profit": 100,
        "Operating Income": 17,
        "EBIT": 20,
        "Net Income": 10
    },
    "2010-06-30": {
        "Diluted EPS": 0.11,
        "Total Revenue": 139,
        "Gross Profit": 86,
        "Operating Income": 10,
        "EBIT": 13,
        "Net Income": 6
    },
    "2010-03-31": {
        "Diluted EPS": 0.14,
        "Total Revenue": 158,
        "Gross Profit": 98,
        "Operating Income": 14,
        "EBIT": 19,
        "Net Income": 8
    },
    "2009-12-31": {
        "Diluted EPS": 0.77,
        "Total Revenue": 136,
        "Gross Profit": 86,
        "Operating Income": 7,
        "EBIT": 11,
        "Net Income": 35
    },
    "2009-09-30": {
        "Diluted EPS": 0.15,
        "Total Revenue": 147,
        "Gross Profit": 94,
        "Operating Income": 12,
        "EBIT": 18,
        "Net Income": 7
    },
    "2009-06-30": {
        "Diluted EPS": -0.09,
        "Total Revenue": 121,
        "Gross Profit": 74,
        "Operating Income": 1,
        "EBIT": 6,
        "Net Income": -4
    },
    "2009-03-31": {
        "Diluted EPS": -0.06,
        "Total Revenue": 140,
        "Gross Profit": 82,
        "Operating Income": 0,
        "EBIT": 5,
        "Net Income": -3
    },
    "2023-09-30": {
        "Tax Effect Of Unusual Items": NaN,
        "Tax Rate For Calcs": NaN,
        "Normalized EBITDA": NaN,
        "Total Unusual Items": 0.0,
        "Total Unusual Items Excluding Goodwill": 0.0,
        "Net Income From Continuing Operation Net Minority Interest": NaN,
        "Reconciled Depreciation": NaN,
        "Reconciled Cost Of Revenue": NaN,
        "EBITDA": NaN,
        "EBIT": NaN,
        "Net Interest Income": NaN,
        "Interest Expense": NaN,
        "Normalized Income": NaN,
        "Net Income From Continuing And Discontinued Operation": NaN,
        "Total Expenses": NaN,
        "Total Operating Income As Reported": NaN,
        "Diluted Average Shares": 22479000.0,
        "Basic Average Shares": 22479000.0,
        "Diluted EPS": -0.1,
        "Basic EPS": -0.1,
        "Diluted NI Availto Com Stockholders": NaN,
        "Net Income Common Stockholders": NaN,
        "Net Income": NaN,
        "Net Income Including Noncontrolling Interests": NaN,
        "Net Income Continuous Operations": NaN,
        "Tax Provision": NaN,
        "Pretax Income": NaN,
        "Other Income Expense": NaN,
        "Special Income Charges": 0.0,
        "Restructuring And Mergern Acquisition": 0.0,
        "Net Non Operating Interest Income Expense": NaN,
        "Interest Expense Non Operating": NaN,
        "Operating Income": NaN,
        "Operating Expense": NaN,
        "Research And Development": NaN,
        "Selling General And Administration": NaN,
        "Selling And Marketing Expense": NaN,
        "General And Administrative Expense": NaN,
        "Other Gand A": NaN,
        "Gross Profit": NaN,
        "Cost Of Revenue": NaN,
        "Total Revenue": NaN,
        "Operating Revenue": NaN
    },
    "2023-12-31": {
        "Tax Effect Of Unusual Items": 0.0,
        "Tax Rate For Calcs": 0.219968,
        "Normalized EBITDA": -757000.0,
        "Total Unusual Items": NaN,
        "Total Unusual Items Excluding Goodwill": NaN,
        "Net Income From Continuing Operation Net Minority Interest": -25188000.0,
        "Reconciled Depreciation": 18847000.0,
        "Reconciled Cost Of Revenue": 186609000.0,
        "EBITDA": -757000.0,
        "EBIT": -19604000.0,
        "Net Interest Income": -12687000.0,
        "Interest Expense": 12687000.0,
        "Normalized Income": -25188000.0,
        "Net Income From Continuing And Discontinued Operation": -25188000.0,
        "Total Expenses": 433394000.0,
        "Total Operating Income As Reported": -19604000.0,
        "Diluted Average Shares": 22483000.0,
        "Basic Average Shares": 22483000.0,
        "Diluted EPS": -1.12,
        "Basic EPS": -1.12,
        "Diluted NI Availto Com Stockholders": -25188000.0,
        "Net Income Common Stockholders": -25188000.0,
        "Net Income": -25188000.0,
        "Net Income Including Noncontrolling Interests": -25188000.0,
        "Net Income Continuous Operations": -25188000.0,
        "Tax Provision": -7103000.0,
        "Pretax Income": -32291000.0,
        "Other Income Expense": NaN,
        "Special Income Charges": NaN,
        "Restructuring And Mergern Acquisition": NaN,
        "Net Non Operating Interest Income Expense": -12687000.0,
        "Interest Expense Non Operating": 12687000.0,
        "Operating Income": -3876000.0,
        "Operating Expense": 246785000.0,
        "Research And Development": 13276000.0,
        "Selling General And Administration": 233509000.0,
        "Selling And Marketing Expense": 198032000.0,
        "General And Administrative Expense": 35477000.0,
        "Other Gand A": 35477000.0,
        "Gross Profit": 242909000.0,
        "Cost Of Revenue": 186609000.0,
        "Total Revenue": 429518000.0,
        "Operating Revenue": 429518000.0
    },
    "2024-03-31": {
        "Tax Effect Of Unusual Items": -2226000.0,
        "Tax Rate For Calcs": 0.21,
        "Normalized EBITDA": 33629000.0,
        "Total Unusual Items": -10600000.0,
        "Total Unusual Items Excluding Goodwill": -10600000.0,
        "Net Income From Continuing Operation Net Minority Interest": -7482000.0,
        "Reconciled Depreciation": 17487000.0,
        "Reconciled Cost Of Revenue": 194275000.0,
        "EBITDA": 23029000.0,
        "EBIT": 5542000.0,
        "Net Interest Income": -12299000.0,
        "Interest Expense": 12299000.0,
        "Normalized Income": 892000.0,
        "Net Income From Continuing And Discontinued Operation": -7482000.0,
        "Total Expenses": 454307000.0,
        "Total Operating Income As Reported": 5542000.0,
        "Diluted Average Shares": 22506000.0,
        "Basic Average Shares": 22506000.0,
        "Diluted EPS": -0.33,
        "Basic EPS": -0.33,
        "Diluted NI Availto Com Stockholders": -7482000.0,
        "Net Income Common Stockholders": -7482000.0,
        "Net Income": -7482000.0,
        "Net Income Including Noncontrolling Interests": -7482000.0,
        "Net Income Continuous Operations": -7482000.0,
        "Tax Provision": 725000.0,
        "Pretax Income": -6757000.0,
        "Other Income Expense": -10600000.0,
        "Special Income Charges": -10600000.0,
        "Restructuring And Mergern Acquisition": 10600000.0,
        "Net Non Operating Interest Income Expense": -12299000.0,
        "Interest Expense Non Operating": 12299000.0,
        "Operating Income": 16142000.0,
        "Operating Expense": 260032000.0,
        "Research And Development": 12441000.0,
        "Selling General And Administration": 247591000.0,
        "Selling And Marketing Expense": 208512000.0,
        "General And Administrative Expense": 39079000.0,
        "Other Gand A": 39079000.0,
        "Gross Profit": 276174000.0,
        "Cost Of Revenue": 194275000.0,
        "Total Revenue": 470449000.0,
        "Operating Revenue": 470449000.0
    },
    "2024-06-30": {
        "Tax Effect Of Unusual Items": -325053.821138,
        "Tax Rate For Calcs": 0.178699,
        "Normalized EBITDA": 24629000.0,
        "Total Unusual Items": -1819000.0,
        "Total Unusual Items Excluding Goodwill": -1819000.0,
        "Net Income From Continuing Operation Net Minority Interest": -5051000.0,
        "Reconciled Depreciation": 16690000.0,
        "Reconciled Cost Of Revenue": 166923000.0,
        "EBITDA": 22810000.0,
        "EBIT": 6120000.0,
        "Net Interest Income": -12270000.0,
        "Interest Expense": 12270000.0,
        "Normalized Income": -3557053.821138,
        "Net Income From Continuing And Discontinued Operation": -5051000.0,
        "Total Expenses": 400474000.0,
        "Total Operating Income As Reported": 6120000.0,
        "Diluted Average Shares": 22614000.0,
        "Basic Average Shares": 22614000.0,
        "Diluted EPS": -0.22,
        "Basic EPS": -0.22,
        "Diluted NI Availto Com Stockholders": -5051000.0,
        "Net Income Common Stockholders": -5051000.0,
        "Net Income": -5051000.0,
        "Net Income Including Noncontrolling Interests": -5051000.0,
        "Net Income Continuous Operations": -5051000.0,
        "Tax Provision": -1099000.0,
        "Pretax Income": -6150000.0,
        "Other Income Expense": -1819000.0,
        "Special Income Charges": -1819000.0,
        "Restructuring And Mergern Acquisition": 1819000.0,
        "Net Non Operating Interest Income Expense": -12270000.0,
        "Interest Expense Non Operating": 12270000.0,
        "Operating Income": 7939000.0,
        "Operating Expense": 233551000.0,
        "Research And Development": 11578000.0,
        "Selling General And Administration": 221973000.0,
        "Selling And Marketing Expense": 182400000.0,
        "General And Administrative Expense": 39573000.0,
        "Other Gand A": 39573000.0,
        "Gross Profit": 241490000.0,
        "Cost Of Revenue": 166923000.0,
        "Total Revenue": 408413000.0,
        "Operating Revenue": 408413000.0
    },
    "2024-09-30": {
        "Tax Effect Of Unusual Items": -264801.931034,
        "Tax Rate For Calcs": 0.134897,
        "Normalized EBITDA": 26597000.0,
        "Total Unusual Items": -1963000.0,
        "Total Unusual Items Excluding Goodwill": -1963000.0,
        "Net Income From Continuing Operation Net Minority Interest": -3136000.0,
        "Reconciled Depreciation": 16202000.0,
        "Reconciled Cost Of Revenue": 167089000.0,
        "EBITDA": 24634000.0,
        "EBIT": 8432000.0,
        "Net Interest Income": -12057000.0,
        "Interest Expense": 12057000.0,
        "Normalized Income": -1437801.931034,
        "Net Income From Continuing And Discontinued Operation": -3136000.0,
        "Total Expenses": 416222000.0,
        "Total Operating Income As Reported": 8432000.0,
        "Diluted Average Shares": 22643000.0,
        "Basic Average Shares": 22643000.0,
        "Diluted EPS": -0.14,
        "Basic EPS": -0.14,
        "Diluted NI Availto Com Stockholders": -3136000.0,
        "Net Income Common Stockholders": -3136000.0,
        "Net Income": -3136000.0,
        "Net Income Including Noncontrolling Interests": -3136000.0,
        "Net Income Continuous Operations": -3136000.0,
        "Tax Provision": -489000.0,
        "Pretax Income": -3625000.0,
        "Other Income Expense": -1963000.0,
        "Special Income Charges": -1963000.0,
        "Restructuring And Mergern Acquisition": 1963000.0,
        "Net Non Operating Interest Income Expense": -12057000.0,
        "Interest Expense Non Operating": 12057000.0,
        "Operating Income": 10395000.0,
        "Operating Expense": 249133000.0,
        "Research And Development": 10583000.0,
        "Selling General And Administration": 238550000.0,
        "Selling And Marketing Expense": 205480000.0,
        "General And Administrative Expense": 33070000.0,
        "Other Gand A": 33070000.0,
        "Gross Profit": 259528000.0,
        "Cost Of Revenue": 167089000.0,
        "Total Revenue": 426617000.0,
        "Operating Revenue": 426617000.0
    },
    "2024-12-31": {
        "Tax Effect Of Unusual Items": -773640.0,
        "Tax Rate For Calcs": 0.21,
        "Normalized EBITDA": 22434000.0,
        "Total Unusual Items": -3684000.0,
        "Total Unusual Items Excluding Goodwill": -3684000.0,
        "Net Income From Continuing Operation Net Minority Interest": -4665000.0,
        "Reconciled Depreciation": 15972000.0,
        "Reconciled Cost Of Revenue": 151236000.0,
        "EBITDA": 18750000.0,
        "EBIT": 2778000.0,
        "Net Interest Income": -11742000.0,
        "Interest Expense": 11742000.0,
        "Normalized Income": -1754640.0,
        "Net Income From Continuing And Discontinued Operation": -4665000.0,
        "Total Expenses": 370355000.0,
        "Total Operating Income As Reported": 2778000.0,
        "Diluted Average Shares": 22659000.0,
        "Basic Average Shares": 22659000.0,
        "Diluted EPS": -0.21,
        "Basic EPS": -0.21,
        "Diluted NI Availto Com Stockholders": -4665000.0,
        "Net Income Common Stockholders": -4665000.0,
        "Net Income": -4665000.0,
        "Net Income Including Noncontrolling Interests": -4665000.0,
        "Net Income Continuous Operations": -4665000.0,
        "Tax Provision": -4299000.0,
        "Pretax Income": -8964000.0,
        "Other Income Expense": -3684000.0,
        "Special Income Charges": -3684000.0,
        "Restructuring And Mergern Acquisition": 3684000.0,
        "Net Non Operating Interest Income Expense": -11742000.0,
        "Interest Expense Non Operating": 11742000.0,
        "Operating Income": 6462000.0,
        "Operating Expense": 219119000.0,
        "Research And Development": 10653000.0,
        "Selling General And Administration": 208466000.0,
        "Selling And Marketing Expense": 170232000.0,
        "General And Administrative Expense": 38234000.0,
        "Other Gand A": 38234000.0,
        "Gross Profit": 225581000.0,
        "Cost Of Revenue": 151236000.0,
        "Total Revenue": 376817000.0,
        "Operating Revenue": 376817000.0
    },
    "2025-03-31": {
        "Tax Effect Of Unusual Items": -3802.40494,
        "Tax Rate For Calcs": 0.063373,
        "Normalized EBITDA": 16746000.0,
        "Total Unusual Items": -60000.0,
        "Total Unusual Items Excluding Goodwill": -60000.0,
        "Net Income From Continuing Operation Net Minority Interest": -8646000.0,
        "Reconciled Depreciation": 14836000.0,
        "Reconciled Cost Of Revenue": 152726000.0,
        "EBITDA": 16686000.0,
        "EBIT": 1850000.0,
        "Net Interest Income": -11081000.0,
        "Interest Expense": 11081000.0,
        "Normalized Income": -8589802.40494,
        "Net Income From Continuing And Discontinued Operation": -8646000.0,
        "Total Expenses": 391351000.0,
        "Total Operating Income As Reported": 1850000.0,
        "Diluted Average Shares": 22706000.0,
        "Basic Average Shares": 22706000.0,
        "Diluted EPS": -0.38,
        "Basic EPS": -0.38,
        "Diluted NI Availto Com Stockholders": -8646000.0,
        "Net Income Common Stockholders": -8646000.0,
        "Net Income": -8646000.0,
        "Net Income Including Noncontrolling Interests": -8646000.0,
        "Net Income Continuous Operations": -8646000.0,
        "Tax Provision": -585000.0,
        "Pretax Income": -9231000.0,
        "Other Income Expense": -60000.0,
        "Special Income Charges": -60000.0,
        "Restructuring And Mergern Acquisition": 60000.0,
        "Net Non Operating Interest Income Expense": -11081000.0,
        "Interest Expense Non Operating": 11081000.0,
        "Operating Income": 1910000.0,
        "Operating Expense": 238625000.0,
        "Research And Development": 10903000.0,
        "Selling General And Administration": 227722000.0,
        "Selling And Marketing Expense": 189103000.0,
        "General And Administrative Expense": 38619000.0,
        "Other Gand A": 38619000.0,
        "Gross Profit": 240535000.0,
        "Cost Of Revenue": 152726000.0,
        "Total Revenue": 393261000.0,
        "Operating Revenue": 393261000.0
    },
    "2025-06-30": {
        "Tax Effect Of Unusual Items": -1749720.0,
        "Tax Rate For Calcs": 0.21,
        "Normalized EBITDA": 22517000.0,
        "Total Unusual Items": -8332000.0,
        "Total Unusual Items Excluding Goodwill": -8332000.0,
        "Net Income From Continuing Operation Net Minority Interest": -25012000.0,
        "Reconciled Depreciation": 14260000.0,
        "Reconciled Cost Of Revenue": 134180000.0,
        "EBITDA": 14185000.0,
        "EBIT": -75000.0,
        "Net Interest Income": -11734000.0,
        "Interest Expense": 11734000.0,
        "Normalized Income": -18429720.0,
        "Net Income From Continuing And Discontinued Operation": -25012000.0,
        "Total Expenses": 319668000.0,
        "Total Operating Income As Reported": -75000.0,
        "Diluted Average Shares": 22903000.0,
        "Basic Average Shares": 22903000.0,
        "Diluted EPS": -1.09,
        "Basic EPS": -1.09,
        "Diluted NI Availto Com Stockholders": -25012000.0,
        "Net Income Common Stockholders": -25012000.0,
        "Net Income": -25012000.0,
        "Net Income Including Noncontrolling Interests": -25012000.0,
        "Net Income Continuous Operations": -25012000.0,
        "Tax Provision": 13203000.0,
        "Pretax Income": -11809000.0,
        "Other Income Expense": -8332000.0,
        "Special Income Charges": -8332000.0,
        "Restructuring And Mergern Acquisition": 8332000.0,
        "Net Non Operating Interest Income Expense": -11734000.0,
        "Interest Expense Non Operating": 11734000.0,
        "Operating Income": 8257000.0,
        "Operating Expense": 185488000.0,
        "Research And Development": 9420000.0,
        "Selling General And Administration": 176068000.0,
        "Selling And Marketing Expense": 146464000.0,
        "General And Administrative Expense": 29604000.0,
        "Other Gand A": 29604000.0,
        "Gross Profit": 193745000.0,
        "Cost Of Revenue": 134180000.0,
        "Total Revenue": 327925000.0,
        "Operating Revenue": 327925000.0
    }
}