{
    "2023-03-31": {
        "Tax Effect Of Unusual Items": 0.0,
        "Tax Rate For Calcs": 0.229,
        "Normalized EBITDA": 77772000.0,
        "Total Unusual Items": NaN,
        "Total Unusual Items Excluding Goodwill": NaN,
        "Net Income From Continuing Operation Net Minority Interest": 38328000.0,
        "Reconciled Depreciation": 19460000.0,
        "Reconciled Cost Of Revenue": 201814000.0,
        "EBITDA": 77772000.0,
        "EBIT": 58312000.0,
        "Net Interest Income": -5889000.0,
        "Interest Expense": 8630000.0,
        "Interest Income": 2741000.0,
        "Normalized Income": 38328000.0,
        "Net Income From Continuing And Discontinued Operation": 38328000.0,
        "Total Expenses": 238332000.0,
        "Rent Expense Supplemental": 12425000.0,
        "Total Operating Income As Reported": 55783000.0,
        "Diluted Average Shares": 59535045.0,
        "Basic Average Shares": 56630656.0,
        "Diluted EPS": 0.64,
        "Basic EPS": 0.68,
        "Diluted NI Availto Com Stockholders": 38328000.0,
        "Net Income Common Stockholders": 38328000.0,
        "Net Income": 38328000.0,
        "Net Income Including Noncontrolling Interests": 38328000.0,
        "Net Income Continuous Operations": 38328000.0,
        "Tax Provision": 11354000.0,
        "Pretax Income": 49682000.0,
        "Other Income Expense": -212000.0,
        "Other Non Operating Income Expenses": -212000.0,
        "Special Income Charges": NaN,
        "Net Non Operating Interest Income Expense": -5889000.0,
        "Interest Expense Non Operating": 8630000.0,
        "Interest Income Non Operating": 2741000.0,
        "Operating Income": 55783000.0,
        "Operating Expense": 36518000.0,
        "Other Operating Expenses": 26589000.0,
        "Other Taxes": NaN,
        "Selling General And Administration": 9929000.0,
        "Selling And Marketing Expense": 9929000.0,
        "Gross Profit": 92301000.0,
        "Cost Of Revenue": 201814000.0,
        "Total Revenue": 294115000.0,
        "Operating Revenue": 290630000.0
    },
    "2022-12-31": {
        "Tax Effect Of Unusual Items": NaN,
        "Tax Rate For Calcs": NaN,
        "Normalized EBITDA": NaN,
        "Total Unusual Items": 0.0,
        "Total Unusual Items Excluding Goodwill": 0.0,
        "Net Income From Continuing Operation Net Minority Interest": NaN,
        "Reconciled Depreciation": NaN,
        "Reconciled Cost Of Revenue": NaN,
        "EBITDA": NaN,
        "EBIT": NaN,
        "Net Interest Income": NaN,
        "Interest Expense": NaN,
        "Interest Income": NaN,
        "Normalized Income": NaN,
        "Net Income From Continuing And Discontinued Operation": NaN,
        "Total Expenses": NaN,
        "Rent Expense Supplemental": NaN,
        "Total Operating Income As Reported": NaN,
        "Diluted Average Shares": NaN,
        "Basic Average Shares": NaN,
        "Diluted EPS": NaN,
        "Basic EPS": NaN,
        "Diluted NI Availto Com Stockholders": NaN,
        "Net Income Common Stockholders": NaN,
        "Net Income": NaN,
        "Net Income Including Noncontrolling Interests": NaN,
        "Net Income Continuous Operations": NaN,
        "Tax Provision": NaN,
        "Pretax Income": NaN,
        "Other Income Expense": NaN,
        "Other Non Operating Income Expenses": NaN,
        "Special Income Charges": 0.0,
        "Net Non Operating Interest Income Expense": NaN,
        "Interest Expense Non Operating": NaN,
        "Interest Income Non Operating": NaN,
        "Operating Income": NaN,
        "Operating Expense": NaN,
        "Other Operating Expenses": NaN,
        "Other Taxes": 0.0,
        "Selling General And Administration": NaN,
        "Selling And Marketing Expense": NaN,
        "Gross Profit": NaN,
        "Cost Of Revenue": NaN,
        "Total Revenue": NaN,
        "Operating Revenue": NaN
    },
    "2022-09-30": {
        "Tax Effect Of Unusual Items": NaN,
        "Tax Rate For Calcs": NaN,
        "Normalized EBITDA": NaN,
        "Total Unusual Items": 0.0,
        "Total Unusual Items Excluding Goodwill": 0.0,
        "Net Income From Continuing Operation Net Minority Interest": NaN,
        "Reconciled Depreciation": NaN,
        "Reconciled Cost Of Revenue": NaN,
        "EBITDA": NaN,
        "EBIT": NaN,
        "Net Interest Income": NaN,
        "Interest Expense": NaN,
        "Interest Income": NaN,
        "Normalized Income": NaN,
        "Net Income From Continuing And Discontinued Operation": NaN,
        "Total Expenses": NaN,
        "Rent Expense Supplemental": NaN,
        "Total Operating Income As Reported": NaN,
        "Diluted Average Shares": NaN,
        "Basic Average Shares": NaN,
        "Diluted EPS": NaN,
        "Basic EPS": NaN,
        "Diluted NI Availto Com Stockholders": NaN,
        "Net Income Common Stockholders": NaN,
        "Net Income": NaN,
        "Net Income Including Noncontrolling Interests": NaN,
        "Net Income Continuous Operations": NaN,
        "Tax Provision": NaN,
        "Pretax Income": NaN,
        "Other Income Expense": NaN,
        "Other Non Operating Income Expenses": NaN,
        "Special Income Charges": 0.0,
        "Net Non Operating Interest Income Expense": NaN,
        "Interest Expense Non Operating": NaN,
        "Interest Income Non Operating": NaN,
        "Operating Income": NaN,
        "Operating Expense": NaN,
        "Other Operating Expenses": NaN,
        "Other Taxes": 0.0,
        "Selling General And Administration": NaN,
        "Selling And Marketing Expense": NaN,
        "Gross Profit": NaN,
        "Cost Of Revenue": NaN,
        "Total Revenue": NaN,
        "Operating Revenue": NaN
    },
    "2022-06-30": {
        "Tax Effect Of Unusual Items": 0.0,
        "Tax Rate For Calcs": 0.190171,
        "Normalized EBITDA": 2199000.0,
        "Total Unusual Items": 0.0,
        "Total Unusual Items Excluding Goodwill": 0.0,
        "Net Income From Continuing Operation Net Minority Interest": -3922000.0,
        "Reconciled Depreciation": 16854000.0,
        "Reconciled Cost Of Revenue": 186800000.0,
        "EBITDA": 2199000.0,
        "EBIT": 2199000.0,
        "Net Interest Income": -6510000.0,
        "Interest Expense": 7042000.0,
        "Interest Income": 532000.0,
        "Normalized Income": -3922000.0,
        "Net Income From Continuing And Discontinued Operation": -3922000.0,
        "Total Expenses": 215698000.0,
        "Rent Expense Supplemental": 11707000.0,
        "Total Operating Income As Reported": 3369000.0,
        "Diluted Average Shares": 58060716.0,
        "Basic Average Shares": 58060716.0,
        "Diluted EPS": -0.07,
        "Basic EPS": -0.07,
        "Diluted NI Availto Com Stockholders": -3922000.0,
        "Net Income Common Stockholders": -3922000.0,
        "Net Income": -3922000.0,
        "Net Income Including Noncontrolling Interests": -3922000.0,
        "Net Income Continuous Operations": -3922000.0,
        "Tax Provision": -921000.0,
        "Pretax Income": -4843000.0,
        "Other Income Expense": -1702000.0,
        "Other Non Operating Income Expenses": -1702000.0,
        "Special Income Charges": 0.0,
        "Net Non Operating Interest Income Expense": -6510000.0,
        "Interest Expense Non Operating": 7042000.0,
        "Interest Income Non Operating": 532000.0,
        "Operating Income": 3369000.0,
        "Operating Expense": 28898000.0,
        "Other Operating Expenses": 21017000.0,
        "Other Taxes": 0.0,
        "Selling General And Administration": 7881000.0,
        "Selling And Marketing Expense": 7881000.0,
        "Gross Profit": 32267000.0,
        "Cost Of Revenue": 186800000.0,
        "Total Revenue": 219067000.0,
        "Operating Revenue": 216552000.0
    },
    "2023-06-30": {
        "Tax Effect Of Unusual Items": 0.0,
        "Tax Rate For Calcs": 0.229,
        "Normalized EBITDA": 60344000.0,
        "Net Income From Continuing Operation Net Minority Interest": 20618000.0,
        "Reconciled Depreciation": 22355000.0,
        "Reconciled Cost Of Revenue": 189046000.0,
        "EBITDA": 60344000.0,
        "EBIT": 37989000.0,
        "Net Interest Income": -8694000.0,
        "Interest Expense": 11239000.0,
        "Interest Income": 2545000.0,
        "Normalized Income": 20618000.0,
        "Net Income From Continuing And Discontinued Operation": 20618000.0,
        "Total Expenses": 225499000.0,
        "Rent Expense Supplemental": 12723000.0,
        "Total Operating Income As Reported": 35587000.0,
        "Diluted Average Shares": 59712048.0,
        "Basic Average Shares": 56084759.0,
        "Diluted EPS": 0.35,
        "Basic EPS": 0.37,
        "Diluted NI Availto Com Stockholders": 20618000.0,
        "Net Income Common Stockholders": 20618000.0,
        "Net Income": 20618000.0,
        "Net Income Including Noncontrolling Interests": 20618000.0,
        "Net Income Continuous Operations": 20618000.0,
        "Tax Provision": 6132000.0,
        "Pretax Income": 26750000.0,
        "Other Income Expense": -143000.0,
        "Other Non Operating Income Expenses": -143000.0,
        "Net Non Operating Interest Income Expense": -8694000.0,
        "Interest Expense Non Operating": 11239000.0,
        "Interest Income Non Operating": 2545000.0,
        "Operating Income": 35587000.0,
        "Operating Expense": 36453000.0,
        "Other Operating Expenses": 27946000.0,
        "Selling General And Administration": 8507000.0,
        "Selling And Marketing Expense": 8507000.0,
        "Gross Profit": 72040000.0,
        "Cost Of Revenue": 189046000.0,
        "Total Revenue": 261086000.0,
        "Operating Revenue": 252883000.0
    },
    "2022-03-31": {
        "Diluted EPS": 0.06,
        "Total Revenue": 227,
        "Gross Profit": 227,
        "Operating Income": 22,
        "EBIT": 37,
        "Net Income": 4
    },
    "2021-12-31": {
        "Diluted EPS": 0.07,
        "Total Revenue": 173,
        "Gross Profit": 173,
        "Operating Income": 16,
        "EBIT": 31,
        "Net Income": 3
    },
    "2021-09-30": {
        "Diluted EPS": 0.22,
        "Total Revenue": 174,
        "Gross Profit": 174,
        "Operating Income": 21,
        "EBIT": 35,
        "Net Income": 13
    },
    "2021-06-30": {
        "Diluted EPS": 0.84,
        "Total Revenue": 149,
        "Gross Profit": 149,
        "Operating Income": 50,
        "EBIT": 63,
        "Net Income": 52
    },
    "2021-03-31": {
        "Diluted EPS": 0.24,
        "Total Revenue": 128,
        "Gross Profit": 128,
        "Operating Income": 25,
        "EBIT": 36,
        "Net Income": 12
    },
    "2020-12-31": {
        "Diluted EPS": -0.16,
        "Total Revenue": 108,
        "Gross Profit": 108,
        "Operating Income": -4,
        "EBIT": 6,
        "Net Income": -8
    },
    "2020-09-30": {
        "Diluted EPS": 0.06,
        "Total Revenue": 78,
        "Gross Profit": 78,
        "Operating Income": 9,
        "EBIT": 20,
        "Net Income": 3
    },
    "2020-06-30": {
        "Diluted EPS": -0.13,
        "Total Revenue": 35,
        "Gross Profit": 35,
        "Operating Income": -2,
        "EBIT": 7,
        "Net Income": -6
    },
    "2020-03-31": {
        "Diluted EPS": 0.15,
        "Total Revenue": 180,
        "Gross Profit": 180,
        "Operating Income": 15,
        "EBIT": 24,
        "Net Income": 7
    },
    "2019-12-31": {
        "Diluted EPS": 0.0,
        "Total Revenue": NaN,
        "Gross Profit": NaN,
        "Operating Income": NaN,
        "EBIT": NaN,
        "Net Income": NaN
    },
    "2018-12-31": {
        "Diluted EPS": 0.0,
        "Total Revenue": NaN,
        "Gross Profit": NaN,
        "Operating Income": NaN,
        "EBIT": NaN,
        "Net Income": NaN
    },
    "2023-09-30": {
        "Tax Effect Of Unusual Items": NaN,
        "Tax Rate For Calcs": NaN,
        "Normalized EBITDA": NaN,
        "Net Income From Continuing Operation Net Minority Interest": NaN,
        "Reconciled Depreciation": NaN,
        "Reconciled Cost Of Revenue": NaN,
        "EBITDA": NaN,
        "EBIT": NaN,
        "Net Interest Income": NaN,
        "Interest Expense": NaN,
        "Interest Income": NaN,
        "Normalized Income": NaN,
        "Net Income From Continuing And Discontinued Operation": NaN,
        "Total Expenses": NaN,
        "Rent Expense Supplemental": NaN,
        "Total Operating Income As Reported": NaN,
        "Diluted Average Shares": 58595646.0,
        "Basic Average Shares": 55435386.0,
        "Diluted EPS": 0.13,
        "Basic EPS": 0.14,
        "Diluted NI Availto Com Stockholders": NaN,
        "Net Income Common Stockholders": NaN,
        "Net Income": NaN,
        "Net Income Including Noncontrolling Interests": NaN,
        "Net Income Continuous Operations": NaN,
        "Tax Provision": NaN,
        "Pretax Income": NaN,
        "Other Income Expense": NaN,
        "Other Non Operating Income Expenses": NaN,
        "Net Non Operating Interest Income Expense": NaN,
        "Interest Expense Non Operating": NaN,
        "Interest Income Non Operating": NaN,
        "Operating Income": NaN,
        "Operating Expense": NaN,
        "Other Operating Expenses": NaN,
        "Selling General And Administration": NaN,
        "Selling And Marketing Expense": NaN,
        "Gross Profit": NaN,
        "Cost Of Revenue": NaN,
        "Total Revenue": NaN,
        "Operating Revenue": NaN
    },
    "2023-12-31": {
        "Tax Effect Of Unusual Items": 0.0,
        "Tax Rate For Calcs": 0.263055,
        "Normalized EBITDA": 43896000.0,
        "Net Income From Continuing Operation Net Minority Interest": 5645000.0,
        "Reconciled Depreciation": 24874000.0,
        "Reconciled Cost Of Revenue": 194416000.0,
        "EBITDA": 43896000.0,
        "EBIT": 19022000.0,
        "Net Interest Income": -8948000.0,
        "Interest Expense": 11362000.0,
        "Interest Income": 2414000.0,
        "Normalized Income": 5645000.0,
        "Net Income From Continuing And Discontinued Operation": 5645000.0,
        "Total Expenses": 228418000.0,
        "Rent Expense Supplemental": 12768000.0,
        "Total Operating Income As Reported": 17125000.0,
        "Diluted Average Shares": 56270891.0,
        "Basic Average Shares": 53892797.0,
        "Diluted EPS": 0.1,
        "Basic EPS": 0.1,
        "Diluted NI Availto Com Stockholders": 5645000.0,
        "Net Income Common Stockholders": 5645000.0,
        "Net Income": 5645000.0,
        "Net Income Including Noncontrolling Interests": 5645000.0,
        "Net Income Continuous Operations": 5645000.0,
        "Tax Provision": 2015000.0,
        "Pretax Income": 7660000.0,
        "Other Income Expense": -517000.0,
        "Other Non Operating Income Expenses": -517000.0,
        "Net Non Operating Interest Income Expense": -8948000.0,
        "Interest Expense Non Operating": 11362000.0,
        "Interest Income Non Operating": 2414000.0,
        "Operating Income": 17125000.0,
        "Operating Expense": 34002000.0,
        "Other Operating Expenses": 25902000.0,
        "Selling General And Administration": 8100000.0,
        "Selling And Marketing Expense": 8100000.0,
        "Gross Profit": 51127000.0,
        "Cost Of Revenue": 194416000.0,
        "Total Revenue": 245543000.0,
        "Operating Revenue": 235931000.0
    },
    "2024-03-31": {
        "Tax Effect Of Unusual Items": NaN,
        "Tax Rate For Calcs": NaN,
        "Normalized EBITDA": NaN,
        "Total Unusual Items": 0.0,
        "Total Unusual Items Excluding Goodwill": 0.0,
        "Net Income From Continuing Operation Net Minority Interest": NaN,
        "Reconciled Depreciation": NaN,
        "Reconciled Cost Of Revenue": NaN,
        "EBITDA": NaN,
        "EBIT": NaN,
        "Net Interest Income": NaN,
        "Interest Expense": NaN,
        "Interest Income": NaN,
        "Normalized Income": NaN,
        "Net Income From Continuing And Discontinued Operation": NaN,
        "Total Expenses": NaN,
        "Rent Expense Supplemental": NaN,
        "Total Operating Income As Reported": NaN,
        "Diluted Average Shares": NaN,
        "Basic Average Shares": NaN,
        "Diluted EPS": NaN,
        "Basic EPS": NaN,
        "Diluted NI Availto Com Stockholders": NaN,
        "Net Income Common Stockholders": NaN,
        "Net Income": NaN,
        "Net Income Including Noncontrolling Interests": NaN,
        "Net Income Continuous Operations": NaN,
        "Tax Provision": NaN,
        "Pretax Income": NaN,
        "Other Income Expense": NaN,
        "Other Non Operating Income Expenses": NaN,
        "Special Income Charges": 0.0,
        "Net Non Operating Interest Income Expense": NaN,
        "Interest Expense Non Operating": NaN,
        "Interest Income Non Operating": NaN,
        "Operating Income": NaN,
        "Operating Expense": NaN,
        "Other Operating Expenses": NaN,
        "Selling General And Administration": NaN,
        "Selling And Marketing Expense": NaN,
        "Gross Profit": NaN,
        "Cost Of Revenue": NaN,
        "Total Revenue": NaN,
        "Operating Revenue": NaN
    },
    "2024-06-30": {
        "Tax Effect Of Unusual Items": 0.0,
        "Tax Rate For Calcs": 0.21,
        "Normalized EBITDA": 37792000.0,
        "Total Unusual Items": NaN,
        "Total Unusual Items Excluding Goodwill": NaN,
        "Net Income From Continuing Operation Net Minority Interest": 1812000.0,
        "Reconciled Depreciation": 23631000.0,
        "Reconciled Cost Of Revenue": 207608000.0,
        "EBITDA": 37792000.0,
        "EBIT": 14161000.0,
        "Net Interest Income": -9277000.0,
        "Interest Expense": 11077000.0,
        "Interest Income": 1800000.0,
        "Normalized Income": 1812000.0,
        "Net Income From Continuing And Discontinued Operation": 1812000.0,
        "Total Expenses": 242016000.0,
        "Rent Expense Supplemental": 13723000.0,
        "Total Operating Income As Reported": 12365000.0,
        "Diluted Average Shares": 54792848.0,
        "Basic Average Shares": 52689408.0,
        "Diluted EPS": 0.03,
        "Basic EPS": 0.03,
        "Diluted NI Availto Com Stockholders": 1812000.0,
        "Net Income Common Stockholders": 1812000.0,
        "Net Income": 1812000.0,
        "Net Income Including Noncontrolling Interests": 1812000.0,
        "Net Income Continuous Operations": 1812000.0,
        "Tax Provision": 1272000.0,
        "Pretax Income": 3084000.0,
        "Other Income Expense": -4000.0,
        "Other Non Operating Income Expenses": -4000.0,
        "Special Income Charges": NaN,
        "Net Non Operating Interest Income Expense": -9277000.0,
        "Interest Expense Non Operating": 11077000.0,
        "Interest Income Non Operating": 1800000.0,
        "Operating Income": 12365000.0,
        "Operating Expense": 34408000.0,
        "Other Operating Expenses": 26016000.0,
        "Selling General And Administration": 8392000.0,
        "Selling And Marketing Expense": 8392000.0,
        "Gross Profit": 46773000.0,
        "Cost Of Revenue": 207608000.0,
        "Total Revenue": 254381000.0,
        "Operating Revenue": 241842000.0
    },
    "2024-09-30": {
        "Tax Effect Of Unusual Items": 0.0,
        "Tax Rate For Calcs": 0.22,
        "Normalized EBITDA": 37807000.0,
        "Total Unusual Items": NaN,
        "Total Unusual Items Excluding Goodwill": NaN,
        "Net Income From Continuing Operation Net Minority Interest": 2342000.0,
        "Reconciled Depreciation": 23754000.0,
        "Reconciled Cost Of Revenue": 202930000.0,
        "EBITDA": 37807000.0,
        "EBIT": 14053000.0,
        "Net Interest Income": -9390000.0,
        "Interest Expense": 11049000.0,
        "Interest Income": 1659000.0,
        "Normalized Income": 2342000.0,
        "Net Income From Continuing And Discontinued Operation": 2342000.0,
        "Total Expenses": 237088000.0,
        "Rent Expense Supplemental": 15979000.0,
        "Total Operating Income As Reported": 12382000.0,
        "Diluted Average Shares": 54780672.0,
        "Basic Average Shares": 52876339.0,
        "Diluted EPS": 0.04,
        "Basic EPS": 0.04,
        "Diluted NI Availto Com Stockholders": 2342000.0,
        "Net Income Common Stockholders": 2342000.0,
        "Net Income": 2342000.0,
        "Net Income Including Noncontrolling Interests": 2342000.0,
        "Net Income Continuous Operations": 2342000.0,
        "Tax Provision": 662000.0,
        "Pretax Income": 3004000.0,
        "Other Income Expense": 12000.0,
        "Other Non Operating Income Expenses": 12000.0,
        "Special Income Charges": NaN,
        "Net Non Operating Interest Income Expense": -9390000.0,
        "Interest Expense Non Operating": 11049000.0,
        "Interest Income Non Operating": 1659000.0,
        "Operating Income": 12382000.0,
        "Operating Expense": 34158000.0,
        "Other Operating Expenses": 26410000.0,
        "Selling General And Administration": 7748000.0,
        "Selling And Marketing Expense": 7748000.0,
        "Gross Profit": 46540000.0,
        "Cost Of Revenue": 202930000.0,
        "Total Revenue": 249470000.0,
        "Operating Revenue": 236929000.0
    },
    "2024-12-31": {
        "Tax Effect Of Unusual Items": 0.0,
        "Tax Rate For Calcs": 0.206239,
        "Normalized EBITDA": 53497000.0,
        "Total Unusual Items": NaN,
        "Total Unusual Items Excluding Goodwill": NaN,
        "Net Income From Continuing Operation Net Minority Interest": 13436000.0,
        "Reconciled Depreciation": 25508000.0,
        "Reconciled Cost Of Revenue": 201772000.0,
        "EBITDA": 53497000.0,
        "EBIT": 27989000.0,
        "Net Interest Income": -9136000.0,
        "Interest Expense": 11062000.0,
        "Interest Income": 1926000.0,
        "Normalized Income": 13436000.0,
        "Net Income From Continuing And Discontinued Operation": 13436000.0,
        "Total Expenses": 234342000.0,
        "Rent Expense Supplemental": 15118000.0,
        "Total Operating Income As Reported": 26063000.0,
        "Diluted Average Shares": 55251373.0,
        "Basic Average Shares": 53031997.0,
        "Diluted EPS": 0.24,
        "Basic EPS": 0.25,
        "Diluted NI Availto Com Stockholders": 13436000.0,
        "Net Income Common Stockholders": 13436000.0,
        "Net Income": 13436000.0,
        "Net Income Including Noncontrolling Interests": 13436000.0,
        "Net Income Continuous Operations": 13436000.0,
        "Tax Provision": 3491000.0,
        "Pretax Income": 16927000.0,
        "Other Income Expense": 0.0,
        "Other Non Operating Income Expenses": 0.0,
        "Special Income Charges": NaN,
        "Net Non Operating Interest Income Expense": -9136000.0,
        "Interest Expense Non Operating": 11062000.0,
        "Interest Income Non Operating": 1926000.0,
        "Operating Income": 26063000.0,
        "Operating Expense": 32570000.0,
        "Other Operating Expenses": 24454000.0,
        "Selling General And Administration": 8116000.0,
        "Selling And Marketing Expense": 8116000.0,
        "Gross Profit": 58633000.0,
        "Cost Of Revenue": 201772000.0,
        "Total Revenue": 260405000.0,
        "Operating Revenue": 243878000.0
    },
    "2025-03-31": {
        "Tax Effect Of Unusual Items": -433559.0,
        "Tax Rate For Calcs": 0.241,
        "Normalized EBITDA": 84366000.0,
        "Total Unusual Items": -1799000.0,
        "Total Unusual Items Excluding Goodwill": -1799000.0,
        "Net Income From Continuing Operation Net Minority Interest": 36535000.0,
        "Reconciled Depreciation": 24804000.0,
        "Reconciled Cost Of Revenue": 229370000.0,
        "EBITDA": 82567000.0,
        "EBIT": 57763000.0,
        "Net Interest Income": -7630000.0,
        "Interest Expense": 9625000.0,
        "Interest Income": 1995000.0,
        "Normalized Income": 37900441.0,
        "Net Income From Continuing And Discontinued Operation": 36535000.0,
        "Total Expenses": 268604000.0,
        "Rent Expense Supplemental": 16833000.0,
        "Total Operating Income As Reported": 56246000.0,
        "Diluted Average Shares": 55508359.0,
        "Basic Average Shares": 53342226.0,
        "Diluted EPS": 0.66,
        "Basic EPS": 0.68,
        "Diluted NI Availto Com Stockholders": 36535000.0,
        "Net Income Common Stockholders": 36535000.0,
        "Net Income": 36535000.0,
        "Net Income Including Noncontrolling Interests": 36535000.0,
        "Net Income Continuous Operations": 36535000.0,
        "Tax Provision": 11603000.0,
        "Pretax Income": 48138000.0,
        "Other Income Expense": -2277000.0,
        "Other Non Operating Income Expenses": -478000.0,
        "Special Income Charges": -1799000.0,
        "Net Non Operating Interest Income Expense": -7630000.0,
        "Interest Expense Non Operating": 9625000.0,
        "Interest Income Non Operating": 1995000.0,
        "Operating Income": 58045000.0,
        "Operating Expense": 39234000.0,
        "Other Operating Expenses": 28839000.0,
        "Selling General And Administration": 10395000.0,
        "Selling And Marketing Expense": 10395000.0,
        "Gross Profit": 97279000.0,
        "Cost Of Revenue": 229370000.0,
        "Total Revenue": 326649000.0,
        "Operating Revenue": 314045000.0
    },
    "2025-06-30": {
        "Tax Effect Of Unusual Items": -11333.683964,
        "Tax Rate For Calcs": 0.2313,
        "Normalized EBITDA": 42789000.0,
        "Total Unusual Items": -49000.0,
        "Total Unusual Items Excluding Goodwill": -49000.0,
        "Net Income From Continuing Operation Net Minority Interest": 6577000.0,
        "Reconciled Depreciation": 24972000.0,
        "Reconciled Cost Of Revenue": 209639000.0,
        "EBITDA": 42740000.0,
        "EBIT": 17768000.0,
        "Net Interest Income": -7699000.0,
        "Interest Expense": 9212000.0,
        "Interest Income": 1513000.0,
        "Normalized Income": 6614666.316036,
        "Net Income From Continuing And Discontinued Operation": 6577000.0,
        "Total Expenses": 247310000.0,
        "Rent Expense Supplemental": 14971000.0,
        "Total Operating Income As Reported": 16262000.0,
        "Diluted Average Shares": 54777448.0,
        "Basic Average Shares": 53222461.0,
        "Diluted EPS": 0.12,
        "Basic EPS": 0.12,
        "Diluted NI Availto Com Stockholders": 6577000.0,
        "Net Income Common Stockholders": 6577000.0,
        "Net Income": 6577000.0,
        "Net Income Including Noncontrolling Interests": 6577000.0,
        "Net Income Continuous Operations": 6577000.0,
        "Tax Provision": 1979000.0,
        "Pretax Income": 8556000.0,
        "Other Income Expense": -56000.0,
        "Other Non Operating Income Expenses": -7000.0,
        "Special Income Charges": -49000.0,
        "Net Non Operating Interest Income Expense": -7699000.0,
        "Interest Expense Non Operating": 9212000.0,
        "Interest Income Non Operating": 1513000.0,
        "Operating Income": 16311000.0,
        "Operating Expense": 37671000.0,
        "Other Operating Expenses": 29670000.0,
        "Selling General And Administration": 8001000.0,
        "Selling And Marketing Expense": 8001000.0,
        "Gross Profit": 53982000.0,
        "Cost Of Revenue": 209639000.0,
        "Total Revenue": 263621000.0,
        "Operating Revenue": 249471000.0
    }
}