{
    "2023-03-31": {
        "Tax Effect Of Unusual Items": NaN,
        "Tax Rate For Calcs": NaN,
        "Normalized EBITDA": NaN,
        "Total Unusual Items": NaN,
        "Total Unusual Items Excluding Goodwill": NaN,
        "Net Income From Continuing Operation Net Minority Interest": NaN,
        "Reconciled Depreciation": NaN,
        "Reconciled Cost Of Revenue": NaN,
        "EBITDA": NaN,
        "EBIT": NaN,
        "Net Interest Income": NaN,
        "Interest Expense": NaN,
        "Normalized Income": NaN,
        "Net Income From Continuing And Discontinued Operation": NaN,
        "Total Expenses": NaN,
        "Total Operating Income As Reported": NaN,
        "Diluted Average Shares": NaN,
        "Basic Average Shares": NaN,
        "Diluted EPS": NaN,
        "Basic EPS": NaN,
        "Diluted NI Availto Com Stockholders": NaN,
        "Net Income Common Stockholders": NaN,
        "Net Income": NaN,
        "Net Income Including Noncontrolling Interests": NaN,
        "Net Income Continuous Operations": NaN,
        "Tax Provision": NaN,
        "Pretax Income": NaN,
        "Other Income Expense": NaN,
        "Other Non Operating Income Expenses": NaN,
        "Special Income Charges": NaN,
        "Gain On Sale Of Ppe": NaN,
        "Other Special Charges": NaN,
        "Net Non Operating Interest Income Expense": NaN,
        "Interest Expense Non Operating": NaN,
        "Operating Income": NaN,
        "Operating Expense": NaN,
        "Depreciation Amortization Depletion Income Statement": NaN,
        "Depreciation And Amortization In Income Statement": NaN,
        "Selling General And Administration": NaN,
        "General And Administrative Expense": 10764000.0,
        "Other Gand A": 10764000.0,
        "Salaries And Wages": 5145000.0,
        "Gross Profit": NaN,
        "Cost Of Revenue": NaN,
        "Total Revenue": NaN,
        "Operating Revenue": NaN
    },
    "2022-12-31": {
        "Tax Effect Of Unusual Items": NaN,
        "Tax Rate For Calcs": NaN,
        "Normalized EBITDA": NaN,
        "Total Unusual Items": NaN,
        "Total Unusual Items Excluding Goodwill": NaN,
        "Net Income From Continuing Operation Net Minority Interest": NaN,
        "Reconciled Depreciation": NaN,
        "Reconciled Cost Of Revenue": NaN,
        "EBITDA": NaN,
        "EBIT": NaN,
        "Net Interest Income": NaN,
        "Interest Expense": NaN,
        "Normalized Income": NaN,
        "Net Income From Continuing And Discontinued Operation": NaN,
        "Total Expenses": NaN,
        "Total Operating Income As Reported": NaN,
        "Diluted Average Shares": NaN,
        "Basic Average Shares": NaN,
        "Diluted EPS": NaN,
        "Basic EPS": NaN,
        "Diluted NI Availto Com Stockholders": NaN,
        "Net Income Common Stockholders": NaN,
        "Net Income": NaN,
        "Net Income Including Noncontrolling Interests": NaN,
        "Net Income Continuous Operations": NaN,
        "Tax Provision": NaN,
        "Pretax Income": NaN,
        "Other Income Expense": NaN,
        "Other Non Operating Income Expenses": NaN,
        "Special Income Charges": NaN,
        "Gain On Sale Of Ppe": NaN,
        "Other Special Charges": NaN,
        "Write Off": 0.0,
        "Net Non Operating Interest Income Expense": NaN,
        "Interest Expense Non Operating": NaN,
        "Operating Income": NaN,
        "Operating Expense": NaN,
        "Depreciation Amortization Depletion Income Statement": NaN,
        "Depreciation And Amortization In Income Statement": NaN,
        "Selling General And Administration": NaN,
        "General And Administrative Expense": NaN,
        "Other Gand A": NaN,
        "Salaries And Wages": 4771000.0,
        "Gross Profit": NaN,
        "Cost Of Revenue": NaN,
        "Total Revenue": NaN,
        "Operating Revenue": NaN
    },
    "2022-09-30": {
        "Tax Effect Of Unusual Items": NaN,
        "Tax Rate For Calcs": NaN,
        "Normalized EBITDA": NaN,
        "Total Unusual Items": NaN,
        "Total Unusual Items Excluding Goodwill": NaN,
        "Net Income From Continuing Operation Net Minority Interest": NaN,
        "Reconciled Depreciation": NaN,
        "Reconciled Cost Of Revenue": NaN,
        "EBITDA": NaN,
        "EBIT": NaN,
        "Net Interest Income": NaN,
        "Interest Expense": NaN,
        "Normalized Income": NaN,
        "Net Income From Continuing And Discontinued Operation": NaN,
        "Total Expenses": NaN,
        "Total Operating Income As Reported": NaN,
        "Diluted Average Shares": NaN,
        "Basic Average Shares": NaN,
        "Diluted EPS": NaN,
        "Basic EPS": NaN,
        "Diluted NI Availto Com Stockholders": NaN,
        "Net Income Common Stockholders": NaN,
        "Net Income": NaN,
        "Net Income Including Noncontrolling Interests": NaN,
        "Net Income Continuous Operations": NaN,
        "Tax Provision": NaN,
        "Pretax Income": NaN,
        "Other Income Expense": NaN,
        "Other Non Operating Income Expenses": NaN,
        "Special Income Charges": NaN,
        "Gain On Sale Of Ppe": NaN,
        "Write Off": 0.0,
        "Net Non Operating Interest Income Expense": NaN,
        "Interest Expense Non Operating": NaN,
        "Operating Income": NaN,
        "Operating Expense": NaN,
        "Depreciation Amortization Depletion Income Statement": NaN,
        "Depreciation And Amortization In Income Statement": NaN,
        "Selling General And Administration": NaN,
        "General And Administrative Expense": NaN,
        "Other Gand A": NaN,
        "Salaries And Wages": NaN,
        "Gross Profit": NaN,
        "Cost Of Revenue": NaN,
        "Total Revenue": NaN,
        "Operating Revenue": NaN
    },
    "2022-06-30": {
        "Tax Effect Of Unusual Items": -400.0,
        "Tax Rate For Calcs": 0.4,
        "Normalized EBITDA": 8281000.0,
        "Total Unusual Items": -1000.0,
        "Total Unusual Items Excluding Goodwill": -1000.0,
        "Net Income From Continuing Operation Net Minority Interest": -90000.0,
        "Reconciled Depreciation": 6837000.0,
        "Reconciled Cost Of Revenue": 53469000.0,
        "EBITDA": 8280000.0,
        "EBIT": 1443000.0,
        "Net Interest Income": -406000.0,
        "Interest Expense": 406000.0,
        "Normalized Income": -89400.0,
        "Net Income From Continuing And Discontinued Operation": -90000.0,
        "Total Expenses": 67326000.0,
        "Total Operating Income As Reported": 1387000.0,
        "Diluted Average Shares": 42181000.0,
        "Basic Average Shares": 42181000.0,
        "Diluted EPS": -0.002134,
        "Basic EPS": -0.002134,
        "Diluted NI Availto Com Stockholders": -90000.0,
        "Net Income Common Stockholders": -90000.0,
        "Net Income": -90000.0,
        "Net Income Including Noncontrolling Interests": -90000.0,
        "Net Income Continuous Operations": -90000.0,
        "Tax Provision": 1127000.0,
        "Pretax Income": 1037000.0,
        "Other Income Expense": 55000.0,
        "Other Non Operating Income Expenses": 56000.0,
        "Special Income Charges": -1000.0,
        "Gain On Sale Of Ppe": NaN,
        "Write Off": 1000.0,
        "Net Non Operating Interest Income Expense": -406000.0,
        "Interest Expense Non Operating": 406000.0,
        "Operating Income": 1388000.0,
        "Operating Expense": 7583000.0,
        "Depreciation Amortization Depletion Income Statement": 563000.0,
        "Depreciation And Amortization In Income Statement": 563000.0,
        "Selling General And Administration": 7020000.0,
        "General And Administrative Expense": 7020000.0,
        "Other Gand A": 3795000.0,
        "Salaries And Wages": 3225000.0,
        "Gross Profit": 8971000.0,
        "Cost Of Revenue": 59743000.0,
        "Total Revenue": 68714000.0,
        "Operating Revenue": 68714000.0
    },
    "2022-03-31": {
        "Diluted EPS": -0.14,
        "Total Revenue": 42,
        "Gross Profit": -2,
        "Operating Income": -10,
        "EBIT": -3,
        "Net Income": -6
    },
    "2021-12-31": {
        "Diluted EPS": -0.3,
        "Total Revenue": 35,
        "Gross Profit": -7,
        "Operating Income": -15,
        "EBIT": -6,
        "Net Income": -12
    },
    "2021-09-30": {
        "Diluted EPS": -0.17,
        "Total Revenue": 34,
        "Gross Profit": -2,
        "Operating Income": -9,
        "EBIT": -2,
        "Net Income": -7
    },
    "2021-06-30": {
        "Diluted EPS": -0.65,
        "Total Revenue": 30,
        "Gross Profit": -2,
        "Operating Income": -29,
        "EBIT": -22,
        "Net Income": -27
    },
    "2021-03-31": {
        "Diluted EPS": -0.09,
        "Total Revenue": 27,
        "Gross Profit": -5,
        "Operating Income": -11,
        "EBIT": -4,
        "Net Income": -4
    },
    "2020-12-31": {
        "Diluted EPS": -0.09,
        "Total Revenue": 25,
        "Gross Profit": -8,
        "Operating Income": -21,
        "EBIT": -10,
        "Net Income": -3
    },
    "2020-09-30": {
        "Diluted EPS": 0.91,
        "Total Revenue": 23,
        "Gross Profit": 5,
        "Operating Income": -1,
        "EBIT": 4,
        "Net Income": 36
    },
    "2020-06-30": {
        "Diluted EPS": 0.12,
        "Total Revenue": 26,
        "Gross Profit": 14,
        "Operating Income": 9,
        "EBIT": 14,
        "Net Income": 5
    },
    "2020-03-31": {
        "Diluted EPS": -0.0,
        "Total Revenue": 47,
        "Gross Profit": 6,
        "Operating Income": 1,
        "EBIT": 6,
        "Net Income": 0
    },
    "2019-12-31": {
        "Diluted EPS": 0.05,
        "Total Revenue": 48,
        "Gross Profit": 18,
        "Operating Income": 4,
        "EBIT": 19,
        "Net Income": 2
    },
    "2019-09-30": {
        "Diluted EPS": 0.27,
        "Total Revenue": 66,
        "Gross Profit": 27,
        "Operating Income": 14,
        "EBIT": 29,
        "Net Income": 11
    },
    "2019-06-30": {
        "Diluted EPS": 0.36,
        "Total Revenue": 68,
        "Gross Profit": 25,
        "Operating Income": 19,
        "EBIT": 26,
        "Net Income": 14
    },
    "2019-03-31": {
        "Diluted EPS": 0.1,
        "Total Revenue": 52,
        "Gross Profit": 11,
        "Operating Income": 6,
        "EBIT": 13,
        "Net Income": 4
    },
    "2018-12-31": {
        "Diluted EPS": -0.07,
        "Total Revenue": 52,
        "Gross Profit": 20,
        "Operating Income": -4,
        "EBIT": 19,
        "Net Income": -3
    },
    "2018-09-30": {
        "Diluted EPS": 0.3,
        "Total Revenue": 63,
        "Gross Profit": 23,
        "Operating Income": 17,
        "EBIT": 23,
        "Net Income": 12
    },
    "2018-06-30": {
        "Diluted EPS": 0.25,
        "Total Revenue": 54,
        "Gross Profit": 20,
        "Operating Income": 13,
        "EBIT": 17,
        "Net Income": 10
    },
    "2018-03-31": {
        "Diluted EPS": 0.02,
        "Total Revenue": 43,
        "Gross Profit": 7,
        "Operating Income": 1,
        "EBIT": 5,
        "Net Income": 1
    },
    "2017-12-31": {
        "Diluted EPS": 0.28,
        "Total Revenue": 43,
        "Gross Profit": 10,
        "Operating Income": 5,
        "EBIT": 7,
        "Net Income": 11
    },
    "2017-09-30": {
        "Diluted EPS": 0.17,
        "Total Revenue": 39,
        "Gross Profit": 13,
        "Operating Income": 9,
        "EBIT": 11,
        "Net Income": 7
    },
    "2017-06-30": {
        "Diluted EPS": 0.06,
        "Total Revenue": 30,
        "Gross Profit": 8,
        "Operating Income": 4,
        "EBIT": 6,
        "Net Income": 3
    },
    "2017-03-31": {
        "Diluted EPS": 0.02,
        "Total Revenue": 25,
        "Gross Profit": 5,
        "Operating Income": 2,
        "EBIT": 3,
        "Net Income": 1
    },
    "2016-12-31": {
        "Diluted EPS": 0.52,
        "Total Revenue": 29,
        "Gross Profit": 21,
        "Operating Income": 15,
        "EBIT": 17,
        "Net Income": 12
    },
    "2016-09-30": {
        "Diluted EPS": 0.0,
        "Total Revenue": 11,
        "Gross Profit": 5,
        "Operating Income": 3,
        "EBIT": 4,
        "Net Income": 0
    },
    "2016-06-30": {
        "Diluted EPS": -0.11,
        "Total Revenue": 8,
        "Gross Profit": 2,
        "Operating Income": 0,
        "EBIT": 1,
        "Net Income": -2
    },
    "2016-03-31": {
        "Diluted EPS": 0.01,
        "Total Revenue": 10,
        "Gross Profit": 5,
        "Operating Income": 3,
        "EBIT": 5,
        "Net Income": 0
    },
    "2015-12-31": {
        "Diluted EPS": 0.0,
        "Total Revenue": NaN,
        "Gross Profit": NaN,
        "Operating Income": NaN,
        "EBIT": NaN,
        "Net Income": NaN
    },
    "2015-09-30": {
        "Diluted EPS": 0.07,
        "Total Revenue": 9,
        "Gross Profit": 4,
        "Operating Income": 2,
        "EBIT": 2,
        "Net Income": 2
    },
    "2014-12-31": {
        "Diluted EPS": 0.0,
        "Total Revenue": NaN,
        "Gross Profit": NaN,
        "Operating Income": NaN,
        "EBIT": NaN,
        "Net Income": NaN
    },
    "2023-06-30": {
        "Tax Effect Of Unusual Items": NaN,
        "Tax Rate For Calcs": NaN,
        "Normalized EBITDA": NaN,
        "Total Unusual Items": NaN,
        "Total Unusual Items Excluding Goodwill": NaN,
        "Net Income From Continuing Operation Net Minority Interest": NaN,
        "Reconciled Depreciation": NaN,
        "Reconciled Cost Of Revenue": NaN,
        "EBITDA": NaN,
        "EBIT": NaN,
        "Net Interest Income": NaN,
        "Interest Expense": NaN,
        "Normalized Income": NaN,
        "Net Income From Continuing And Discontinued Operation": NaN,
        "Total Expenses": NaN,
        "Total Operating Income As Reported": NaN,
        "Diluted Average Shares": 37968000.0,
        "Basic Average Shares": 37968000.0,
        "Diluted EPS": 0.17,
        "Basic EPS": 0.17,
        "Diluted NI Availto Com Stockholders": NaN,
        "Net Income Common Stockholders": NaN,
        "Net Income": NaN,
        "Net Income Including Noncontrolling Interests": NaN,
        "Net Income Continuous Operations": NaN,
        "Tax Provision": NaN,
        "Pretax Income": NaN,
        "Other Income Expense": NaN,
        "Other Non Operating Income Expenses": NaN,
        "Special Income Charges": NaN,
        "Gain On Sale Of Ppe": NaN,
        "Other Special Charges": NaN,
        "Net Non Operating Interest Income Expense": NaN,
        "Interest Expense Non Operating": NaN,
        "Operating Income": NaN,
        "Operating Expense": NaN,
        "Depreciation Amortization Depletion Income Statement": NaN,
        "Depreciation And Amortization In Income Statement": NaN,
        "Selling General And Administration": NaN,
        "General And Administrative Expense": 8953000.0,
        "Other Gand A": 4590000.0,
        "Salaries And Wages": 4363000.0,
        "Gross Profit": NaN,
        "Cost Of Revenue": NaN,
        "Total Revenue": NaN,
        "Operating Revenue": NaN
    },
    "2023-09-30": {
        "Tax Effect Of Unusual Items": NaN,
        "Tax Rate For Calcs": NaN,
        "Normalized EBITDA": NaN,
        "Total Unusual Items": NaN,
        "Total Unusual Items Excluding Goodwill": NaN,
        "Net Income From Continuing Operation Net Minority Interest": NaN,
        "Reconciled Depreciation": NaN,
        "Reconciled Cost Of Revenue": NaN,
        "EBITDA": NaN,
        "EBIT": NaN,
        "Net Interest Income": NaN,
        "Interest Expense": NaN,
        "Normalized Income": NaN,
        "Net Income From Continuing And Discontinued Operation": NaN,
        "Total Expenses": NaN,
        "Total Operating Income As Reported": NaN,
        "Diluted Average Shares": NaN,
        "Basic Average Shares": NaN,
        "Diluted EPS": NaN,
        "Basic EPS": NaN,
        "Diluted NI Availto Com Stockholders": NaN,
        "Net Income Common Stockholders": NaN,
        "Net Income": NaN,
        "Net Income Including Noncontrolling Interests": NaN,
        "Net Income Continuous Operations": NaN,
        "Tax Provision": NaN,
        "Pretax Income": NaN,
        "Other Income Expense": NaN,
        "Other Non Operating Income Expenses": NaN,
        "Special Income Charges": NaN,
        "Gain On Sale Of Ppe": NaN,
        "Other Special Charges": NaN,
        "Net Non Operating Interest Income Expense": NaN,
        "Interest Expense Non Operating": NaN,
        "Operating Income": NaN,
        "Operating Expense": NaN,
        "Depreciation Amortization Depletion Income Statement": NaN,
        "Depreciation And Amortization In Income Statement": NaN,
        "Selling General And Administration": NaN,
        "General And Administrative Expense": 8917000.0,
        "Other Gand A": 4625000.0,
        "Salaries And Wages": 4292000.0,
        "Gross Profit": NaN,
        "Cost Of Revenue": NaN,
        "Total Revenue": NaN,
        "Operating Revenue": NaN
    },
    "2023-12-31": {
        "Tax Effect Of Unusual Items": NaN,
        "Tax Rate For Calcs": NaN,
        "Normalized EBITDA": NaN,
        "Total Unusual Items": NaN,
        "Total Unusual Items Excluding Goodwill": NaN,
        "Net Income From Continuing Operation Net Minority Interest": NaN,
        "Reconciled Depreciation": NaN,
        "Reconciled Cost Of Revenue": NaN,
        "EBITDA": NaN,
        "EBIT": NaN,
        "Net Interest Income": NaN,
        "Interest Expense": NaN,
        "Normalized Income": NaN,
        "Net Income From Continuing And Discontinued Operation": NaN,
        "Total Expenses": NaN,
        "Total Operating Income As Reported": NaN,
        "Diluted Average Shares": NaN,
        "Basic Average Shares": NaN,
        "Diluted EPS": NaN,
        "Basic EPS": NaN,
        "Diluted NI Availto Com Stockholders": NaN,
        "Net Income Common Stockholders": NaN,
        "Net Income": NaN,
        "Net Income Including Noncontrolling Interests": NaN,
        "Net Income Continuous Operations": NaN,
        "Tax Provision": NaN,
        "Pretax Income": NaN,
        "Other Income Expense": NaN,
        "Other Non Operating Income Expenses": NaN,
        "Special Income Charges": NaN,
        "Gain On Sale Of Ppe": NaN,
        "Other Special Charges": NaN,
        "Net Non Operating Interest Income Expense": NaN,
        "Interest Expense Non Operating": NaN,
        "Operating Income": NaN,
        "Operating Expense": NaN,
        "Depreciation Amortization Depletion Income Statement": NaN,
        "Depreciation And Amortization In Income Statement": NaN,
        "Selling General And Administration": NaN,
        "General And Administrative Expense": 10088000.0,
        "Other Gand A": 5579000.0,
        "Salaries And Wages": 4509000.0,
        "Gross Profit": NaN,
        "Cost Of Revenue": NaN,
        "Total Revenue": NaN,
        "Operating Revenue": NaN
    },
    "2024-03-31": {
        "Tax Effect Of Unusual Items": NaN,
        "Tax Rate For Calcs": NaN,
        "Normalized EBITDA": NaN,
        "Total Unusual Items": NaN,
        "Total Unusual Items Excluding Goodwill": NaN,
        "Net Income From Continuing Operation Net Minority Interest": NaN,
        "Reconciled Depreciation": NaN,
        "Reconciled Cost Of Revenue": NaN,
        "EBITDA": NaN,
        "EBIT": NaN,
        "Net Interest Income": NaN,
        "Interest Expense": NaN,
        "Normalized Income": NaN,
        "Net Income From Continuing And Discontinued Operation": NaN,
        "Total Expenses": NaN,
        "Total Operating Income As Reported": NaN,
        "Diluted Average Shares": NaN,
        "Basic Average Shares": NaN,
        "Diluted EPS": NaN,
        "Basic EPS": NaN,
        "Diluted NI Availto Com Stockholders": NaN,
        "Net Income Common Stockholders": NaN,
        "Net Income": NaN,
        "Net Income Including Noncontrolling Interests": NaN,
        "Net Income Continuous Operations": NaN,
        "Tax Provision": NaN,
        "Pretax Income": NaN,
        "Other Income Expense": NaN,
        "Other Non Operating Income Expenses": NaN,
        "Special Income Charges": NaN,
        "Gain On Sale Of Ppe": NaN,
        "Other Special Charges": NaN,
        "Net Non Operating Interest Income Expense": NaN,
        "Interest Expense Non Operating": NaN,
        "Operating Income": NaN,
        "Operating Expense": NaN,
        "Depreciation Amortization Depletion Income Statement": NaN,
        "Depreciation And Amortization In Income Statement": NaN,
        "Selling General And Administration": NaN,
        "General And Administrative Expense": 10350000.0,
        "Other Gand A": 10350000.0,
        "Gross Profit": NaN,
        "Cost Of Revenue": NaN,
        "Total Revenue": NaN,
        "Operating Revenue": NaN
    },
    "2024-06-30": {
        "Tax Effect Of Unusual Items": -275730.0,
        "Tax Rate For Calcs": 0.21,
        "Normalized EBITDA": 11060000.0,
        "Total Unusual Items": -1313000.0,
        "Total Unusual Items Excluding Goodwill": -1313000.0,
        "Net Income From Continuing Operation Net Minority Interest": -430000.0,
        "Reconciled Depreciation": 7454000.0,
        "Reconciled Cost Of Revenue": 53944000.0,
        "EBITDA": 9747000.0,
        "EBIT": 2293000.0,
        "Net Interest Income": -393000.0,
        "Interest Expense": 393000.0,
        "Normalized Income": 607270.0,
        "Net Income From Continuing And Discontinued Operation": -430000.0,
        "Total Expenses": 70269000.0,
        "Total Operating Income As Reported": 3528000.0,
        "Diluted Average Shares": 38724000.0,
        "Basic Average Shares": 38724000.0,
        "Diluted EPS": -0.01,
        "Basic EPS": -0.01,
        "Diluted NI Availto Com Stockholders": -430000.0,
        "Net Income Common Stockholders": -430000.0,
        "Net Income": -430000.0,
        "Net Income Including Noncontrolling Interests": -430000.0,
        "Net Income Continuous Operations": -430000.0,
        "Tax Provision": 2330000.0,
        "Pretax Income": 1900000.0,
        "Other Income Expense": -1238000.0,
        "Other Non Operating Income Expenses": 75000.0,
        "Special Income Charges": -1313000.0,
        "Gain On Sale Of Ppe": -3000.0,
        "Other Special Charges": 1310000.0,
        "Net Non Operating Interest Income Expense": -393000.0,
        "Interest Expense Non Operating": 393000.0,
        "Operating Income": 3531000.0,
        "Operating Expense": 9542000.0,
        "Depreciation Amortization Depletion Income Statement": 671000.0,
        "Depreciation And Amortization In Income Statement": 671000.0,
        "Selling General And Administration": 8871000.0,
        "General And Administrative Expense": NaN,
        "Other Gand A": NaN,
        "Gross Profit": 13073000.0,
        "Cost Of Revenue": 60727000.0,
        "Total Revenue": 73800000.0,
        "Operating Revenue": 73800000.0
    },
    "2024-09-30": {
        "Tax Effect Of Unusual Items": -229740.0,
        "Tax Rate For Calcs": 0.21,
        "Normalized EBITDA": 2996000.0,
        "Total Unusual Items": -1094000.0,
        "Total Unusual Items Excluding Goodwill": -1094000.0,
        "Net Income From Continuing Operation Net Minority Interest": -98000.0,
        "Reconciled Depreciation": 6792000.0,
        "Reconciled Cost Of Revenue": 50512000.0,
        "EBITDA": 1902000.0,
        "EBIT": -4890000.0,
        "Net Interest Income": -344000.0,
        "Interest Expense": 344000.0,
        "Normalized Income": 766260.0,
        "Net Income From Continuing And Discontinued Operation": -98000.0,
        "Total Expenses": 67007000.0,
        "Total Operating Income As Reported": -4912000.0,
        "Diluted Average Shares": 38926000.0,
        "Basic Average Shares": 38926000.0,
        "Diluted EPS": -0.002518,
        "Basic EPS": -0.002518,
        "Diluted NI Availto Com Stockholders": -98000.0,
        "Net Income Common Stockholders": -98000.0,
        "Net Income": -98000.0,
        "Net Income Including Noncontrolling Interests": -98000.0,
        "Net Income Continuous Operations": -98000.0,
        "Tax Provision": -5136000.0,
        "Pretax Income": -5234000.0,
        "Other Income Expense": -1041000.0,
        "Other Non Operating Income Expenses": 53000.0,
        "Special Income Charges": -1094000.0,
        "Gain On Sale Of Ppe": -1063000.0,
        "Other Special Charges": 31000.0,
        "Net Non Operating Interest Income Expense": -344000.0,
        "Interest Expense Non Operating": 344000.0,
        "Operating Income": -3849000.0,
        "Operating Expense": 10336000.0,
        "Depreciation Amortization Depletion Income Statement": 633000.0,
        "Depreciation And Amortization In Income Statement": 633000.0,
        "Selling General And Administration": 9703000.0,
        "General And Administrative Expense": NaN,
        "Other Gand A": NaN,
        "Gross Profit": 6487000.0,
        "Cost Of Revenue": 56671000.0,
        "Total Revenue": 63158000.0,
        "Operating Revenue": 63158000.0
    },
    "2024-12-31": {
        "Tax Effect Of Unusual Items": 1470.0,
        "Tax Rate For Calcs": 0.21,
        "Normalized EBITDA": 11773000.0,
        "Total Unusual Items": 7000.0,
        "Total Unusual Items Excluding Goodwill": 7000.0,
        "Net Income From Continuing Operation Net Minority Interest": 3736000.0,
        "Reconciled Depreciation": 8042000.0,
        "Reconciled Cost Of Revenue": 70487000.0,
        "EBITDA": 11780000.0,
        "EBIT": 3738000.0,
        "Net Interest Income": -543000.0,
        "Interest Expense": 543000.0,
        "Normalized Income": 3730470.0,
        "Net Income From Continuing And Discontinued Operation": 3736000.0,
        "Total Expenses": 87766000.0,
        "Total Operating Income As Reported": 3604000.0,
        "Diluted Average Shares": 39482000.0,
        "Basic Average Shares": 39027000.0,
        "Diluted EPS": 0.09,
        "Basic EPS": 0.1,
        "Diluted NI Availto Com Stockholders": 3736000.0,
        "Net Income Common Stockholders": 3736000.0,
        "Net Income": 3736000.0,
        "Net Income Including Noncontrolling Interests": 3736000.0,
        "Net Income Continuous Operations": 3736000.0,
        "Tax Provision": -541000.0,
        "Pretax Income": 3195000.0,
        "Other Income Expense": 141000.0,
        "Other Non Operating Income Expenses": 134000.0,
        "Special Income Charges": 7000.0,
        "Gain On Sale Of Ppe": 7000.0,
        "Other Special Charges": 0.0,
        "Net Non Operating Interest Income Expense": -543000.0,
        "Interest Expense Non Operating": 543000.0,
        "Operating Income": 3597000.0,
        "Operating Expense": 9855000.0,
        "Depreciation Amortization Depletion Income Statement": 618000.0,
        "Depreciation And Amortization In Income Statement": 618000.0,
        "Selling General And Administration": 9237000.0,
        "General And Administrative Expense": NaN,
        "Other Gand A": NaN,
        "Gross Profit": 13452000.0,
        "Cost Of Revenue": 77911000.0,
        "Total Revenue": 91363000.0,
        "Operating Revenue": 91363000.0
    },
    "2025-03-31": {
        "Tax Effect Of Unusual Items": 8400.0,
        "Tax Rate For Calcs": 0.21,
        "Normalized EBITDA": 536000.0,
        "Total Unusual Items": 40000.0,
        "Total Unusual Items Excluding Goodwill": 40000.0,
        "Net Income From Continuing Operation Net Minority Interest": -24231000.0,
        "Reconciled Depreciation": 7497000.0,
        "Reconciled Cost Of Revenue": 55908000.0,
        "EBITDA": 576000.0,
        "EBIT": -6921000.0,
        "Net Interest Income": -342000.0,
        "Interest Expense": 342000.0,
        "Normalized Income": -24262600.0,
        "Net Income From Continuing And Discontinued Operation": -24231000.0,
        "Total Expenses": 72648000.0,
        "Total Operating Income As Reported": -7050000.0,
        "Diluted Average Shares": 39257000.0,
        "Basic Average Shares": 39257000.0,
        "Diluted EPS": -0.62,
        "Basic EPS": -0.62,
        "Diluted NI Availto Com Stockholders": -24231000.0,
        "Net Income Common Stockholders": -24231000.0,
        "Net Income": -24231000.0,
        "Net Income Including Noncontrolling Interests": -24231000.0,
        "Net Income Continuous Operations": -24231000.0,
        "Tax Provision": 16968000.0,
        "Pretax Income": -7263000.0,
        "Other Income Expense": 169000.0,
        "Other Non Operating Income Expenses": 129000.0,
        "Special Income Charges": 40000.0,
        "Gain On Sale Of Ppe": 40000.0,
        "Other Special Charges": NaN,
        "Net Non Operating Interest Income Expense": -342000.0,
        "Interest Expense Non Operating": 342000.0,
        "Operating Income": -7090000.0,
        "Operating Expense": 9862000.0,
        "Depreciation Amortization Depletion Income Statement": 619000.0,
        "Depreciation And Amortization In Income Statement": 619000.0,
        "Selling General And Administration": 9243000.0,
        "General And Administrative Expense": 9243000.0,
        "Other Gand A": 9243000.0,
        "Gross Profit": 2772000.0,
        "Cost Of Revenue": 62786000.0,
        "Total Revenue": 65558000.0,
        "Operating Revenue": 65558000.0
    },
    "2025-06-30": {
        "Tax Effect Of Unusual Items": 142800.0,
        "Tax Rate For Calcs": 0.21,
        "Normalized EBITDA": 6812000.0,
        "Total Unusual Items": 680000.0,
        "Total Unusual Items Excluding Goodwill": 680000.0,
        "Net Income From Continuing Operation Net Minority Interest": 21396000.0,
        "Reconciled Depreciation": 7503000.0,
        "Reconciled Cost Of Revenue": 69914000.0,
        "EBITDA": 7492000.0,
        "EBIT": -11000.0,
        "Net Interest Income": -316000.0,
        "Interest Expense": 316000.0,
        "Normalized Income": 20858800.0,
        "Net Income From Continuing And Discontinued Operation": 21396000.0,
        "Total Expenses": 86527000.0,
        "Total Operating Income As Reported": -77000.0,
        "Diluted Average Shares": 39378000.0,
        "Basic Average Shares": 39207000.0,
        "Diluted EPS": 0.54,
        "Basic EPS": 0.55,
        "Diluted NI Availto Com Stockholders": 21396000.0,
        "Net Income Common Stockholders": 21396000.0,
        "Net Income": 21396000.0,
        "Net Income Including Noncontrolling Interests": 21396000.0,
        "Net Income Continuous Operations": 21396000.0,
        "Tax Provision": -21723000.0,
        "Pretax Income": -327000.0,
        "Other Income Expense": 746000.0,
        "Other Non Operating Income Expenses": 66000.0,
        "Special Income Charges": 680000.0,
        "Gain On Sale Of Ppe": 680000.0,
        "Other Special Charges": NaN,
        "Net Non Operating Interest Income Expense": -316000.0,
        "Interest Expense Non Operating": 316000.0,
        "Operating Income": -757000.0,
        "Operating Expense": 9714000.0,
        "Depreciation Amortization Depletion Income Statement": 604000.0,
        "Depreciation And Amortization In Income Statement": 604000.0,
        "Selling General And Administration": 9110000.0,
        "General And Administrative Expense": NaN,
        "Other Gand A": NaN,
        "Gross Profit": 8957000.0,
        "Cost Of Revenue": 76813000.0,
        "Total Revenue": 85770000.0,
        "Operating Revenue": 85770000.0
    }
}