{
    "2023-03-31": {
        "Tax Effect Of Unusual Items": NaN,
        "Tax Rate For Calcs": NaN,
        "Normalized EBITDA": NaN,
        "Total Unusual Items": NaN,
        "Total Unusual Items Excluding Goodwill": NaN,
        "Net Income From Continuing Operation Net Minority Interest": NaN,
        "Reconciled Depreciation": NaN,
        "Reconciled Cost Of Revenue": NaN,
        "EBITDA": NaN,
        "EBIT": NaN,
        "Net Interest Income": NaN,
        "Interest Expense": NaN,
        "Interest Income": NaN,
        "Normalized Income": NaN,
        "Net Income From Continuing And Discontinued Operation": NaN,
        "Total Expenses": NaN,
        "Diluted Average Shares": NaN,
        "Basic Average Shares": NaN,
        "Diluted EPS": NaN,
        "Basic EPS": NaN,
        "Diluted NI Availto Com Stockholders": NaN,
        "Net Income Common Stockholders": NaN,
        "Otherunder Preferred Stock Dividend": 3182000.0,
        "Preferred Stock Dividends": NaN,
        "Net Income": NaN,
        "Minority Interests": NaN,
        "Net Income Including Noncontrolling Interests": NaN,
        "Net Income Continuous Operations": NaN,
        "Tax Provision": NaN,
        "Pretax Income": NaN,
        "Other Income Expense": NaN,
        "Other Non Operating Income Expenses": NaN,
        "Special Income Charges": NaN,
        "Gain On Sale Of Ppe": 251000.0,
        "Other Special Charges": -36339000.0,
        "Impairment Of Capital Assets": NaN,
        "Earnings From Equity Interest": NaN,
        "Net Non Operating Interest Income Expense": NaN,
        "Interest Expense Non Operating": NaN,
        "Interest Income Non Operating": NaN,
        "Operating Income": NaN,
        "Operating Expense": NaN,
        "Other Operating Expenses": 43808000.0,
        "Depreciation Amortization Depletion Income Statement": NaN,
        "Depreciation And Amortization In Income Statement": NaN,
        "Selling General And Administration": NaN,
        "General And Administrative Expense": NaN,
        "Other Gand A": NaN,
        "Gross Profit": NaN,
        "Cost Of Revenue": NaN,
        "Total Revenue": NaN,
        "Operating Revenue": NaN
    },
    "2022-12-31": {
        "Tax Effect Of Unusual Items": NaN,
        "Tax Rate For Calcs": NaN,
        "Normalized EBITDA": NaN,
        "Total Unusual Items": NaN,
        "Total Unusual Items Excluding Goodwill": NaN,
        "Net Income From Continuing Operation Net Minority Interest": NaN,
        "Reconciled Depreciation": NaN,
        "Reconciled Cost Of Revenue": NaN,
        "EBITDA": NaN,
        "EBIT": NaN,
        "Net Interest Income": NaN,
        "Interest Expense": NaN,
        "Interest Income": NaN,
        "Normalized Income": NaN,
        "Net Income From Continuing And Discontinued Operation": NaN,
        "Total Expenses": NaN,
        "Diluted Average Shares": NaN,
        "Basic Average Shares": NaN,
        "Diluted EPS": NaN,
        "Basic EPS": NaN,
        "Diluted NI Availto Com Stockholders": NaN,
        "Net Income Common Stockholders": NaN,
        "Otherunder Preferred Stock Dividend": NaN,
        "Preferred Stock Dividends": NaN,
        "Net Income": NaN,
        "Net Income Including Noncontrolling Interests": NaN,
        "Net Income Continuous Operations": NaN,
        "Tax Provision": NaN,
        "Pretax Income": NaN,
        "Other Income Expense": NaN,
        "Other Non Operating Income Expenses": NaN,
        "Special Income Charges": NaN,
        "Gain On Sale Of Ppe": NaN,
        "Other Special Charges": 0.0,
        "Impairment Of Capital Assets": NaN,
        "Earnings From Equity Interest": NaN,
        "Net Non Operating Interest Income Expense": NaN,
        "Interest Expense Non Operating": NaN,
        "Interest Income Non Operating": NaN,
        "Operating Income": NaN,
        "Operating Expense": NaN,
        "Other Operating Expenses": NaN,
        "Depreciation Amortization Depletion Income Statement": NaN,
        "Depreciation And Amortization In Income Statement": NaN,
        "Selling General And Administration": NaN,
        "General And Administrative Expense": NaN,
        "Other Gand A": NaN,
        "Gross Profit": NaN,
        "Cost Of Revenue": NaN,
        "Total Revenue": NaN,
        "Operating Revenue": NaN
    },
    "2022-09-30": {
        "Tax Effect Of Unusual Items": NaN,
        "Tax Rate For Calcs": NaN,
        "Normalized EBITDA": NaN,
        "Total Unusual Items": NaN,
        "Total Unusual Items Excluding Goodwill": NaN,
        "Net Income From Continuing Operation Net Minority Interest": NaN,
        "Reconciled Depreciation": NaN,
        "Reconciled Cost Of Revenue": NaN,
        "EBITDA": NaN,
        "EBIT": NaN,
        "Net Interest Income": NaN,
        "Interest Expense": NaN,
        "Interest Income": NaN,
        "Normalized Income": NaN,
        "Net Income From Continuing And Discontinued Operation": NaN,
        "Total Expenses": NaN,
        "Diluted Average Shares": NaN,
        "Basic Average Shares": NaN,
        "Diluted EPS": NaN,
        "Basic EPS": NaN,
        "Diluted NI Availto Com Stockholders": NaN,
        "Net Income Common Stockholders": NaN,
        "Otherunder Preferred Stock Dividend": NaN,
        "Preferred Stock Dividends": NaN,
        "Net Income": NaN,
        "Net Income Including Noncontrolling Interests": NaN,
        "Net Income Continuous Operations": NaN,
        "Tax Provision": NaN,
        "Pretax Income": NaN,
        "Other Income Expense": NaN,
        "Other Non Operating Income Expenses": NaN,
        "Special Income Charges": NaN,
        "Gain On Sale Of Ppe": 0.0,
        "Other Special Charges": NaN,
        "Impairment Of Capital Assets": 0.0,
        "Net Non Operating Interest Income Expense": NaN,
        "Interest Expense Non Operating": NaN,
        "Interest Income Non Operating": NaN,
        "Operating Income": NaN,
        "Operating Expense": NaN,
        "Other Operating Expenses": 43123000.0,
        "Depreciation Amortization Depletion Income Statement": NaN,
        "Depreciation And Amortization In Income Statement": NaN,
        "Selling General And Administration": NaN,
        "General And Administrative Expense": NaN,
        "Other Gand A": NaN,
        "Gross Profit": NaN,
        "Cost Of Revenue": NaN,
        "Total Revenue": NaN,
        "Operating Revenue": NaN
    },
    "2022-06-30": {
        "Tax Effect Of Unusual Items": 0.0,
        "Tax Rate For Calcs": 0.0,
        "Normalized EBITDA": 10181000.0,
        "Total Unusual Items": 0.0,
        "Total Unusual Items Excluding Goodwill": 0.0,
        "Net Income From Continuing Operation Net Minority Interest": -7410000.0,
        "Reconciled Depreciation": 9671000.0,
        "Reconciled Cost Of Revenue": 48551000.0,
        "EBITDA": 10181000.0,
        "EBIT": 510000.0,
        "Net Interest Income": -7918000.0,
        "Interest Expense": 7920000.0,
        "Interest Income": 2000.0,
        "Normalized Income": -7410000.0,
        "Net Income From Continuing And Discontinued Operation": -7410000.0,
        "Total Expenses": 67661000.0,
        "Diluted Average Shares": 6358000.0,
        "Basic Average Shares": 6358000.0,
        "Diluted EPS": -1.34,
        "Basic EPS": -1.34,
        "Diluted NI Availto Com Stockholders": -8544000.0,
        "Net Income Common Stockholders": -8544000.0,
        "Otherunder Preferred Stock Dividend": NaN,
        "Preferred Stock Dividends": 1134000.0,
        "Net Income": -7410000.0,
        "Net Income Including Noncontrolling Interests": -7410000.0,
        "Net Income Continuous Operations": -7410000.0,
        "Tax Provision": 0.0,
        "Pretax Income": -7410000.0,
        "Other Income Expense": 8532000.0,
        "Other Non Operating Income Expenses": 8532000.0,
        "Special Income Charges": 0.0,
        "Gain On Sale Of Ppe": 0.0,
        "Other Special Charges": NaN,
        "Impairment Of Capital Assets": NaN,
        "Net Non Operating Interest Income Expense": -7918000.0,
        "Interest Expense Non Operating": 7920000.0,
        "Interest Income Non Operating": 2000.0,
        "Operating Income": -8024000.0,
        "Operating Expense": 19110000.0,
        "Other Operating Expenses": NaN,
        "Depreciation Amortization Depletion Income Statement": 9671000.0,
        "Depreciation And Amortization In Income Statement": 9671000.0,
        "Selling General And Administration": 9439000.0,
        "General And Administrative Expense": 9439000.0,
        "Other Gand A": 9439000.0,
        "Gross Profit": 11086000.0,
        "Cost Of Revenue": 48551000.0,
        "Total Revenue": 59637000.0,
        "Operating Revenue": 52596000.0
    },
    "2022-03-31": {
        "Diluted EPS": -2.81,
        "Total Revenue": 58,
        "Gross Profit": 17,
        "Operating Income": -8,
        "EBIT": 2,
        "Net Income": -18
    },
    "2021-12-31": {
        "Diluted EPS": -21.85,
        "Total Revenue": 58,
        "Gross Profit": 15,
        "Operating Income": -17,
        "EBIT": -7,
        "Net Income": -13
    },
    "2021-09-30": {
        "Diluted EPS": 17.48,
        "Total Revenue": 58,
        "Gross Profit": 17,
        "Operating Income": -8,
        "EBIT": 2,
        "Net Income": 37
    },
    "2021-06-30": {
        "Diluted EPS": 23.49,
        "Total Revenue": 58,
        "Gross Profit": 20,
        "Operating Income": -9,
        "EBIT": 1,
        "Net Income": 49
    },
    "2021-03-31": {
        "Diluted EPS": 18.8,
        "Total Revenue": 62,
        "Gross Profit": 25,
        "Operating Income": -7,
        "EBIT": 3,
        "Net Income": 39
    },
    "2020-12-31": {
        "Diluted EPS": -9.64,
        "Total Revenue": 80,
        "Gross Profit": 37,
        "Operating Income": -3,
        "EBIT": 10,
        "Net Income": -20
    },
    "2020-09-30": {
        "Diluted EPS": -104.91,
        "Total Revenue": 96,
        "Gross Profit": 31,
        "Operating Income": -12,
        "EBIT": 4,
        "Net Income": -215
    },
    "2020-06-30": {
        "Diluted EPS": -6.25,
        "Total Revenue": 101,
        "Gross Profit": 30,
        "Operating Income": -1,
        "EBIT": 15,
        "Net Income": -13
    },
    "2020-03-31": {
        "Diluted EPS": -23.28,
        "Total Revenue": 106,
        "Gross Profit": 31,
        "Operating Income": -39,
        "EBIT": -23,
        "Net Income": -47
    },
    "2019-12-31": {
        "Diluted EPS": 4.92,
        "Total Revenue": 109,
        "Gross Profit": 28,
        "Operating Income": -12,
        "EBIT": 5,
        "Net Income": 10
    },
    "2019-09-30": {
        "Diluted EPS": -10.2,
        "Total Revenue": 111,
        "Gross Profit": 31,
        "Operating Income": -8,
        "EBIT": 8,
        "Net Income": -21
    },
    "2019-06-30": {
        "Diluted EPS": -6.15,
        "Total Revenue": 113,
        "Gross Profit": 39,
        "Operating Income": 0,
        "EBIT": 17,
        "Net Income": -13
    },
    "2019-03-31": {
        "Diluted EPS": -6.45,
        "Total Revenue": 114,
        "Gross Profit": 39,
        "Operating Income": 2,
        "EBIT": 18,
        "Net Income": -13
    },
    "2018-12-31": {
        "Diluted EPS": -13.33,
        "Total Revenue": 115,
        "Gross Profit": 38,
        "Operating Income": -3,
        "EBIT": 13,
        "Net Income": -26
    },
    "2018-09-30": {
        "Diluted EPS": -5.55,
        "Total Revenue": 116,
        "Gross Profit": 39,
        "Operating Income": 2,
        "EBIT": 18,
        "Net Income": -11
    },
    "2018-06-30": {
        "Diluted EPS": -4.5,
        "Total Revenue": 115,
        "Gross Profit": 42,
        "Operating Income": 4,
        "EBIT": 19,
        "Net Income": -9
    },
    "2018-03-31": {
        "Diluted EPS": -3.6,
        "Total Revenue": 115,
        "Gross Profit": 43,
        "Operating Income": 5,
        "EBIT": 21,
        "Net Income": -7
    },
    "2017-12-31": {
        "Diluted EPS": -3.0,
        "Total Revenue": 117,
        "Gross Profit": 47,
        "Operating Income": 8,
        "EBIT": 24,
        "Net Income": -6
    },
    "2017-09-30": {
        "Diluted EPS": -4.2,
        "Total Revenue": 117,
        "Gross Profit": 43,
        "Operating Income": 5,
        "EBIT": 22,
        "Net Income": -8
    },
    "2017-06-30": {
        "Diluted EPS": -4.05,
        "Total Revenue": 117,
        "Gross Profit": 43,
        "Operating Income": 5,
        "EBIT": 22,
        "Net Income": -8
    },
    "2017-03-31": {
        "Diluted EPS": -11.24,
        "Total Revenue": 116,
        "Gross Profit": 43,
        "Operating Income": -10,
        "EBIT": 8,
        "Net Income": -22
    },
    "2016-12-31": {
        "Diluted EPS": -5.55,
        "Total Revenue": 116,
        "Gross Profit": 45,
        "Operating Income": 1,
        "EBIT": 17,
        "Net Income": -11
    },
    "2016-09-30": {
        "Diluted EPS": -3.6,
        "Total Revenue": 111,
        "Gross Profit": 42,
        "Operating Income": 4,
        "EBIT": 18,
        "Net Income": -7
    },
    "2016-06-30": {
        "Diluted EPS": -2.25,
        "Total Revenue": 111,
        "Gross Profit": 44,
        "Operating Income": 6,
        "EBIT": 21,
        "Net Income": -4
    },
    "2016-03-31": {
        "Diluted EPS": -3.15,
        "Total Revenue": 109,
        "Gross Profit": 43,
        "Operating Income": 4,
        "EBIT": 19,
        "Net Income": -6
    },
    "2015-12-31": {
        "Diluted EPS": -3.15,
        "Total Revenue": 108,
        "Gross Profit": 43,
        "Operating Income": 6,
        "EBIT": 20,
        "Net Income": -6
    },
    "2015-09-30": {
        "Diluted EPS": 1.5,
        "Total Revenue": 104,
        "Gross Profit": 41,
        "Operating Income": 6,
        "EBIT": 19,
        "Net Income": 3
    },
    "2015-06-30": {
        "Diluted EPS": -2.7,
        "Total Revenue": 102,
        "Gross Profit": 41,
        "Operating Income": 4,
        "EBIT": 18,
        "Net Income": -5
    },
    "2015-03-31": {
        "Diluted EPS": -3.15,
        "Total Revenue": 99,
        "Gross Profit": 39,
        "Operating Income": 4,
        "EBIT": 17,
        "Net Income": -6
    },
    "2014-12-31": {
        "Diluted EPS": -1.95,
        "Total Revenue": 100,
        "Gross Profit": 41,
        "Operating Income": 5,
        "EBIT": 20,
        "Net Income": -4
    },
    "2014-09-30": {
        "Diluted EPS": -3.0,
        "Total Revenue": 98,
        "Gross Profit": 38,
        "Operating Income": 3,
        "EBIT": 17,
        "Net Income": -6
    },
    "2014-06-30": {
        "Diluted EPS": -5.1,
        "Total Revenue": 93,
        "Gross Profit": 38,
        "Operating Income": 3,
        "EBIT": 15,
        "Net Income": -10
    },
    "2014-03-31": {
        "Diluted EPS": -2.4,
        "Total Revenue": 92,
        "Gross Profit": 36,
        "Operating Income": 3,
        "EBIT": 14,
        "Net Income": -5
    },
    "2013-12-31": {
        "Diluted EPS": -1.35,
        "Total Revenue": 89,
        "Gross Profit": 35,
        "Operating Income": 3,
        "EBIT": 13,
        "Net Income": -2
    },
    "2013-09-30": {
        "Diluted EPS": -5.25,
        "Total Revenue": 88,
        "Gross Profit": 35,
        "Operating Income": 3,
        "EBIT": 14,
        "Net Income": -10
    },
    "2013-06-30": {
        "Diluted EPS": -1.05,
        "Total Revenue": 87,
        "Gross Profit": 36,
        "Operating Income": 3,
        "EBIT": 14,
        "Net Income": -2
    },
    "2013-03-31": {
        "Diluted EPS": -1.05,
        "Total Revenue": 86,
        "Gross Profit": 36,
        "Operating Income": 3,
        "EBIT": 15,
        "Net Income": -2
    },
    "2012-12-31": {
        "Diluted EPS": -1.05,
        "Total Revenue": 83,
        "Gross Profit": 35,
        "Operating Income": 3,
        "EBIT": 14,
        "Net Income": -2
    },
    "2012-09-30": {
        "Diluted EPS": -0.45,
        "Total Revenue": 78,
        "Gross Profit": 31,
        "Operating Income": 3,
        "EBIT": 13,
        "Net Income": -1
    },
    "2012-06-30": {
        "Diluted EPS": -0.3,
        "Total Revenue": 77,
        "Gross Profit": 32,
        "Operating Income": 3,
        "EBIT": 13,
        "Net Income": -1
    },
    "2012-03-31": {
        "Diluted EPS": 0.15,
        "Total Revenue": 72,
        "Gross Profit": 30,
        "Operating Income": 4,
        "EBIT": 11,
        "Net Income": 0
    },
    "2011-12-31": {
        "Diluted EPS": 0.15,
        "Total Revenue": 71,
        "Gross Profit": 30,
        "Operating Income": 4,
        "EBIT": 11,
        "Net Income": 0
    },
    "2011-09-30": {
        "Diluted EPS": 0.3,
        "Total Revenue": 68,
        "Gross Profit": 27,
        "Operating Income": 4,
        "EBIT": 9,
        "Net Income": 1
    },
    "2011-06-30": {
        "Diluted EPS": 0.45,
        "Total Revenue": 64,
        "Gross Profit": 27,
        "Operating Income": 4,
        "EBIT": 9,
        "Net Income": 1
    },
    "2011-03-31": {
        "Diluted EPS": 0.75,
        "Total Revenue": 60,
        "Gross Profit": 26,
        "Operating Income": 5,
        "EBIT": 9,
        "Net Income": 1
    },
    "2010-12-31": {
        "Diluted EPS": 0.9,
        "Total Revenue": 60,
        "Gross Profit": 26,
        "Operating Income": 6,
        "EBIT": 10,
        "Net Income": 2
    },
    "2010-09-30": {
        "Diluted EPS": 0.3,
        "Total Revenue": 54,
        "Gross Profit": 22,
        "Operating Income": 4,
        "EBIT": 8,
        "Net Income": 0
    },
    "2010-06-30": {
        "Diluted EPS": 0.75,
        "Total Revenue": 51,
        "Gross Profit": 22,
        "Operating Income": 5,
        "EBIT": 8,
        "Net Income": 1
    },
    "2010-03-31": {
        "Diluted EPS": 0.45,
        "Total Revenue": 48,
        "Gross Profit": 22,
        "Operating Income": 4,
        "EBIT": 8,
        "Net Income": 1
    },
    "2009-12-31": {
        "Diluted EPS": 0.3,
        "Total Revenue": 49,
        "Gross Profit": 23,
        "Operating Income": 4,
        "EBIT": 8,
        "Net Income": 1
    },
    "2009-09-30": {
        "Diluted EPS": 0.45,
        "Total Revenue": 48,
        "Gross Profit": 21,
        "Operating Income": 4,
        "EBIT": 8,
        "Net Income": 1
    },
    "2009-06-30": {
        "Diluted EPS": 0.3,
        "Total Revenue": 47,
        "Gross Profit": 21,
        "Operating Income": 4,
        "EBIT": 7,
        "Net Income": 0
    },
    "2009-03-31": {
        "Diluted EPS": 0.45,
        "Total Revenue": 48,
        "Gross Profit": 22,
        "Operating Income": 4,
        "EBIT": 8,
        "Net Income": 1
    },
    "2023-06-30": {
        "Tax Effect Of Unusual Items": NaN,
        "Tax Rate For Calcs": NaN,
        "Normalized EBITDA": NaN,
        "Total Unusual Items": NaN,
        "Total Unusual Items Excluding Goodwill": NaN,
        "Net Income From Continuing Operation Net Minority Interest": NaN,
        "Reconciled Depreciation": NaN,
        "Reconciled Cost Of Revenue": NaN,
        "EBITDA": NaN,
        "EBIT": NaN,
        "Net Interest Income": NaN,
        "Interest Expense": NaN,
        "Interest Income": NaN,
        "Normalized Income": NaN,
        "Net Income From Continuing And Discontinued Operation": NaN,
        "Total Expenses": NaN,
        "Diluted Average Shares": NaN,
        "Basic Average Shares": NaN,
        "Diluted EPS": NaN,
        "Basic EPS": NaN,
        "Diluted NI Availto Com Stockholders": NaN,
        "Net Income Common Stockholders": NaN,
        "Otherunder Preferred Stock Dividend": 0.0,
        "Preferred Stock Dividends": NaN,
        "Net Income": NaN,
        "Minority Interests": NaN,
        "Net Income Including Noncontrolling Interests": NaN,
        "Net Income Continuous Operations": NaN,
        "Tax Provision": NaN,
        "Pretax Income": NaN,
        "Other Income Expense": NaN,
        "Other Non Operating Income Expenses": NaN,
        "Special Income Charges": NaN,
        "Gain On Sale Of Ppe": 0.0,
        "Other Special Charges": NaN,
        "Impairment Of Capital Assets": NaN,
        "Earnings From Equity Interest": 0.0,
        "Net Non Operating Interest Income Expense": NaN,
        "Interest Expense Non Operating": NaN,
        "Interest Income Non Operating": NaN,
        "Operating Income": NaN,
        "Operating Expense": NaN,
        "Other Operating Expenses": NaN,
        "Depreciation Amortization Depletion Income Statement": NaN,
        "Depreciation And Amortization In Income Statement": NaN,
        "Selling General And Administration": NaN,
        "General And Administrative Expense": NaN,
        "Other Gand A": NaN,
        "Gross Profit": NaN,
        "Cost Of Revenue": NaN,
        "Total Revenue": NaN,
        "Operating Revenue": NaN
    },
    "2023-09-30": {
        "Tax Effect Of Unusual Items": NaN,
        "Tax Rate For Calcs": NaN,
        "Normalized EBITDA": NaN,
        "Total Unusual Items": NaN,
        "Total Unusual Items Excluding Goodwill": NaN,
        "Net Income From Continuing Operation Net Minority Interest": NaN,
        "Reconciled Depreciation": NaN,
        "Reconciled Cost Of Revenue": NaN,
        "EBITDA": NaN,
        "EBIT": NaN,
        "Net Interest Income": NaN,
        "Interest Expense": NaN,
        "Interest Income": NaN,
        "Normalized Income": NaN,
        "Net Income From Continuing And Discontinued Operation": NaN,
        "Total Expenses": NaN,
        "Diluted Average Shares": NaN,
        "Basic Average Shares": NaN,
        "Diluted EPS": NaN,
        "Basic EPS": NaN,
        "Diluted NI Availto Com Stockholders": NaN,
        "Net Income Common Stockholders": NaN,
        "Otherunder Preferred Stock Dividend": NaN,
        "Preferred Stock Dividends": NaN,
        "Net Income": NaN,
        "Minority Interests": 0.0,
        "Net Income Including Noncontrolling Interests": NaN,
        "Net Income Continuous Operations": NaN,
        "Tax Provision": NaN,
        "Pretax Income": NaN,
        "Other Income Expense": NaN,
        "Other Non Operating Income Expenses": NaN,
        "Special Income Charges": NaN,
        "Gain On Sale Of Ppe": -34000.0,
        "Other Special Charges": NaN,
        "Impairment Of Capital Assets": 5965000.0,
        "Restructuring And Mergern Acquisition": NaN,
        "Earnings From Equity Interest": NaN,
        "Net Non Operating Interest Income Expense": NaN,
        "Interest Expense Non Operating": NaN,
        "Interest Income Non Operating": NaN,
        "Operating Income": NaN,
        "Operating Expense": NaN,
        "Other Operating Expenses": 44486000.0,
        "Depreciation Amortization Depletion Income Statement": NaN,
        "Depreciation And Amortization In Income Statement": NaN,
        "Selling General And Administration": NaN,
        "General And Administrative Expense": NaN,
        "Other Gand A": NaN,
        "Gross Profit": NaN,
        "Cost Of Revenue": NaN,
        "Total Revenue": NaN,
        "Operating Revenue": NaN
    },
    "2023-12-31": {
        "Tax Effect Of Unusual Items": NaN,
        "Tax Rate For Calcs": NaN,
        "Normalized EBITDA": NaN,
        "Total Unusual Items": NaN,
        "Total Unusual Items Excluding Goodwill": NaN,
        "Net Income From Continuing Operation Net Minority Interest": NaN,
        "Reconciled Depreciation": NaN,
        "Reconciled Cost Of Revenue": NaN,
        "EBITDA": NaN,
        "EBIT": NaN,
        "Net Interest Income": NaN,
        "Interest Expense": NaN,
        "Interest Income": NaN,
        "Normalized Income": NaN,
        "Net Income From Continuing And Discontinued Operation": NaN,
        "Total Expenses": NaN,
        "Diluted Average Shares": NaN,
        "Basic Average Shares": NaN,
        "Diluted EPS": NaN,
        "Basic EPS": NaN,
        "Diluted NI Availto Com Stockholders": NaN,
        "Net Income Common Stockholders": NaN,
        "Otherunder Preferred Stock Dividend": NaN,
        "Preferred Stock Dividends": NaN,
        "Net Income": NaN,
        "Minority Interests": NaN,
        "Net Income Including Noncontrolling Interests": NaN,
        "Net Income Continuous Operations": NaN,
        "Tax Provision": NaN,
        "Pretax Income": NaN,
        "Other Income Expense": NaN,
        "Other Non Operating Income Expenses": NaN,
        "Special Income Charges": NaN,
        "Other Special Charges": 0.0,
        "Impairment Of Capital Assets": 0.0,
        "Restructuring And Mergern Acquisition": NaN,
        "Earnings From Equity Interest": NaN,
        "Net Non Operating Interest Income Expense": NaN,
        "Interest Expense Non Operating": NaN,
        "Interest Income Non Operating": NaN,
        "Operating Income": NaN,
        "Operating Expense": NaN,
        "Other Operating Expenses": 44367000.0,
        "Depreciation Amortization Depletion Income Statement": NaN,
        "Depreciation And Amortization In Income Statement": NaN,
        "Selling General And Administration": NaN,
        "General And Administrative Expense": NaN,
        "Other Gand A": NaN,
        "Gross Profit": NaN,
        "Cost Of Revenue": NaN,
        "Total Revenue": NaN,
        "Operating Revenue": NaN
    },
    "2024-03-31": {
        "Tax Effect Of Unusual Items": NaN,
        "Tax Rate For Calcs": NaN,
        "Normalized EBITDA": NaN,
        "Total Unusual Items": NaN,
        "Total Unusual Items Excluding Goodwill": NaN,
        "Net Income From Continuing Operation Net Minority Interest": NaN,
        "Reconciled Depreciation": NaN,
        "Reconciled Cost Of Revenue": NaN,
        "EBITDA": NaN,
        "EBIT": NaN,
        "Net Interest Income": NaN,
        "Interest Expense": NaN,
        "Interest Income": NaN,
        "Normalized Income": NaN,
        "Net Income From Continuing And Discontinued Operation": NaN,
        "Total Expenses": NaN,
        "Diluted Average Shares": NaN,
        "Basic Average Shares": NaN,
        "Diluted EPS": NaN,
        "Basic EPS": NaN,
        "Diluted NI Availto Com Stockholders": NaN,
        "Net Income Common Stockholders": NaN,
        "Otherunder Preferred Stock Dividend": 2849000.0,
        "Preferred Stock Dividends": NaN,
        "Net Income": NaN,
        "Minority Interests": NaN,
        "Net Income Including Noncontrolling Interests": NaN,
        "Net Income Continuous Operations": NaN,
        "Tax Provision": NaN,
        "Pretax Income": NaN,
        "Other Income Expense": NaN,
        "Other Non Operating Income Expenses": NaN,
        "Special Income Charges": NaN,
        "Other Special Charges": -38148000.0,
        "Impairment Of Capital Assets": NaN,
        "Restructuring And Mergern Acquisition": NaN,
        "Earnings From Equity Interest": NaN,
        "Net Non Operating Interest Income Expense": NaN,
        "Interest Expense Non Operating": NaN,
        "Interest Income Non Operating": NaN,
        "Operating Income": NaN,
        "Operating Expense": NaN,
        "Other Operating Expenses": 46317000.0,
        "Depreciation Amortization Depletion Income Statement": NaN,
        "Depreciation And Amortization In Income Statement": NaN,
        "Selling General And Administration": NaN,
        "General And Administrative Expense": NaN,
        "Other Gand A": NaN,
        "Gross Profit": NaN,
        "Cost Of Revenue": NaN,
        "Total Revenue": NaN,
        "Operating Revenue": NaN
    },
    "2024-06-30": {
        "Tax Effect Of Unusual Items": NaN,
        "Tax Rate For Calcs": NaN,
        "Normalized EBITDA": NaN,
        "Total Unusual Items": NaN,
        "Total Unusual Items Excluding Goodwill": NaN,
        "Net Income From Continuing Operation Net Minority Interest": NaN,
        "Reconciled Depreciation": NaN,
        "Reconciled Cost Of Revenue": NaN,
        "EBITDA": NaN,
        "EBIT": NaN,
        "Net Interest Income": NaN,
        "Interest Expense": NaN,
        "Interest Income": NaN,
        "Normalized Income": NaN,
        "Net Income From Continuing And Discontinued Operation": NaN,
        "Total Expenses": NaN,
        "Diluted Average Shares": NaN,
        "Basic Average Shares": NaN,
        "Diluted EPS": NaN,
        "Basic EPS": NaN,
        "Diluted NI Availto Com Stockholders": NaN,
        "Net Income Common Stockholders": NaN,
        "Otherunder Preferred Stock Dividend": 0.0,
        "Preferred Stock Dividends": NaN,
        "Net Income": NaN,
        "Minority Interests": NaN,
        "Net Income Including Noncontrolling Interests": NaN,
        "Net Income Continuous Operations": NaN,
        "Tax Provision": NaN,
        "Pretax Income": NaN,
        "Other Income Expense": NaN,
        "Other Non Operating Income Expenses": NaN,
        "Special Income Charges": NaN,
        "Other Special Charges": NaN,
        "Impairment Of Capital Assets": NaN,
        "Restructuring And Mergern Acquisition": 465000.0,
        "Earnings From Equity Interest": NaN,
        "Net Non Operating Interest Income Expense": NaN,
        "Interest Expense Non Operating": NaN,
        "Interest Income Non Operating": NaN,
        "Operating Income": NaN,
        "Operating Expense": NaN,
        "Other Operating Expenses": NaN,
        "Depreciation Amortization Depletion Income Statement": NaN,
        "Depreciation And Amortization In Income Statement": NaN,
        "Selling General And Administration": NaN,
        "General And Administrative Expense": NaN,
        "Other Gand A": NaN,
        "Gross Profit": NaN,
        "Cost Of Revenue": NaN,
        "Total Revenue": NaN,
        "Operating Revenue": NaN
    },
    "2024-09-30": {
        "Tax Effect Of Unusual Items": -440580.0,
        "Tax Rate For Calcs": 0.21,
        "Normalized EBITDA": 8469000.0,
        "Total Unusual Items": -2098000.0,
        "Total Unusual Items Excluding Goodwill": -2098000.0,
        "Net Income From Continuing Operation Net Minority Interest": -13758000.0,
        "Reconciled Depreciation": 10729000.0,
        "Reconciled Cost Of Revenue": 57140000.0,
        "EBITDA": 6371000.0,
        "EBIT": -4358000.0,
        "Net Interest Income": -8986000.0,
        "Interest Expense": 9839000.0,
        "Interest Income": 853000.0,
        "Normalized Income": -12100580.0,
        "Net Income From Continuing And Discontinued Operation": -13758000.0,
        "Total Expenses": 77564000.0,
        "Diluted Average Shares": 15456000.0,
        "Basic Average Shares": 15456000.0,
        "Diluted EPS": -0.98,
        "Basic EPS": -0.98,
        "Diluted NI Availto Com Stockholders": -15167000.0,
        "Net Income Common Stockholders": -15167000.0,
        "Otherunder Preferred Stock Dividend": NaN,
        "Preferred Stock Dividends": 1409000.0,
        "Net Income": -13758000.0,
        "Minority Interests": 507000.0,
        "Net Income Including Noncontrolling Interests": -14265000.0,
        "Net Income Continuous Operations": -14265000.0,
        "Tax Provision": 68000.0,
        "Pretax Income": -14197000.0,
        "Other Income Expense": -2397000.0,
        "Other Non Operating Income Expenses": -153000.0,
        "Special Income Charges": -2098000.0,
        "Other Special Charges": NaN,
        "Impairment Of Capital Assets": 0.0,
        "Restructuring And Mergern Acquisition": 2098000.0,
        "Earnings From Equity Interest": -146000.0,
        "Net Non Operating Interest Income Expense": -8986000.0,
        "Interest Expense Non Operating": 9839000.0,
        "Interest Income Non Operating": 853000.0,
        "Operating Income": -2814000.0,
        "Operating Expense": 20424000.0,
        "Other Operating Expenses": NaN,
        "Depreciation Amortization Depletion Income Statement": 10729000.0,
        "Depreciation And Amortization In Income Statement": 10729000.0,
        "Selling General And Administration": 9695000.0,
        "General And Administrative Expense": 9695000.0,
        "Other Gand A": 9695000.0,
        "Gross Profit": 17610000.0,
        "Cost Of Revenue": 57140000.0,
        "Total Revenue": 74750000.0,
        "Operating Revenue": 74750000.0
    },
    "2024-12-31": {
        "Tax Effect Of Unusual Items": 2181480.0,
        "Tax Rate For Calcs": 0.21,
        "Normalized EBITDA": 6356000.0,
        "Total Unusual Items": 10388000.0,
        "Total Unusual Items Excluding Goodwill": 10388000.0,
        "Net Income From Continuing Operation Net Minority Interest": -5504000.0,
        "Reconciled Depreciation": 13320000.0,
        "Reconciled Cost Of Revenue": -128828000.0,
        "EBITDA": 16744000.0,
        "EBIT": 3424000.0,
        "Net Interest Income": -9294000.0,
        "Interest Expense": 9596000.0,
        "Interest Income": 302000.0,
        "Normalized Income": -13710520.0,
        "Net Income From Continuing And Discontinued Operation": -5504000.0,
        "Total Expenses": 98322000.0,
        "Diluted Average Shares": 18048000.0,
        "Basic Average Shares": 18048000.0,
        "Diluted EPS": -0.38,
        "Basic EPS": -0.38,
        "Diluted NI Availto Com Stockholders": -6913000.0,
        "Net Income Common Stockholders": -6913000.0,
        "Otherunder Preferred Stock Dividend": NaN,
        "Preferred Stock Dividends": 1409000.0,
        "Net Income": -5504000.0,
        "Minority Interests": 714000.0,
        "Net Income Including Noncontrolling Interests": -6218000.0,
        "Net Income Continuous Operations": -6218000.0,
        "Tax Provision": 46000.0,
        "Pretax Income": -6172000.0,
        "Other Income Expense": 9513000.0,
        "Other Non Operating Income Expenses": -161000.0,
        "Special Income Charges": 10388000.0,
        "Other Special Charges": -10388000.0,
        "Impairment Of Capital Assets": 0.0,
        "Restructuring And Mergern Acquisition": NaN,
        "Earnings From Equity Interest": -714000.0,
        "Net Non Operating Interest Income Expense": -9294000.0,
        "Interest Expense Non Operating": 9596000.0,
        "Interest Income Non Operating": 302000.0,
        "Operating Income": -6391000.0,
        "Operating Expense": 227150000.0,
        "Other Operating Expenses": NaN,
        "Depreciation Amortization Depletion Income Statement": 13320000.0,
        "Depreciation And Amortization In Income Statement": 13320000.0,
        "Selling General And Administration": 11815000.0,
        "General And Administrative Expense": 11815000.0,
        "Other Gand A": 11815000.0,
        "Gross Profit": 220759000.0,
        "Cost Of Revenue": -128828000.0,
        "Total Revenue": 91931000.0,
        "Operating Revenue": 91931000.0
    },
    "2025-03-31": {
        "Tax Effect Of Unusual Items": -128100.0,
        "Tax Rate For Calcs": 0.21,
        "Normalized EBITDA": 10792000.0,
        "Total Unusual Items": -610000.0,
        "Total Unusual Items Excluding Goodwill": -610000.0,
        "Net Income From Continuing Operation Net Minority Interest": -12529000.0,
        "Reconciled Depreciation": 13686000.0,
        "Reconciled Cost Of Revenue": 11607000.0,
        "EBITDA": 10182000.0,
        "EBIT": -3504000.0,
        "Net Interest Income": -9204000.0,
        "Interest Expense": 9446000.0,
        "Interest Income": 242000.0,
        "Normalized Income": -12047100.0,
        "Net Income From Continuing And Discontinued Operation": -12529000.0,
        "Total Expenses": 94179000.0,
        "Diluted Average Shares": 18047000.0,
        "Basic Average Shares": 18047000.0,
        "Diluted EPS": -0.77,
        "Basic EPS": -0.77,
        "Diluted NI Availto Com Stockholders": -13938000.0,
        "Net Income Common Stockholders": -13938000.0,
        "Otherunder Preferred Stock Dividend": 0.0,
        "Preferred Stock Dividends": 1409000.0,
        "Net Income": -12529000.0,
        "Minority Interests": 496000.0,
        "Net Income Including Noncontrolling Interests": -13025000.0,
        "Net Income Continuous Operations": -13025000.0,
        "Tax Provision": 75000.0,
        "Pretax Income": -12950000.0,
        "Other Income Expense": -1490000.0,
        "Other Non Operating Income Expenses": -550000.0,
        "Special Income Charges": -610000.0,
        "Other Special Charges": NaN,
        "Impairment Of Capital Assets": NaN,
        "Restructuring And Mergern Acquisition": 610000.0,
        "Earnings From Equity Interest": -330000.0,
        "Net Non Operating Interest Income Expense": -9204000.0,
        "Interest Expense Non Operating": 9446000.0,
        "Interest Income Non Operating": 242000.0,
        "Operating Income": -2256000.0,
        "Operating Expense": 82572000.0,
        "Other Operating Expenses": 60414000.0,
        "Depreciation Amortization Depletion Income Statement": 13686000.0,
        "Depreciation And Amortization In Income Statement": 13686000.0,
        "Selling General And Administration": 8472000.0,
        "General And Administrative Expense": 8472000.0,
        "Other Gand A": 8472000.0,
        "Gross Profit": 80316000.0,
        "Cost Of Revenue": 11607000.0,
        "Total Revenue": 91923000.0,
        "Operating Revenue": 91923000.0
    },
    "2025-06-30": {
        "Tax Effect Of Unusual Items": -96810.0,
        "Tax Rate For Calcs": 0.21,
        "Normalized EBITDA": 21496000.0,
        "Total Unusual Items": -461000.0,
        "Total Unusual Items Excluding Goodwill": -461000.0,
        "Net Income From Continuing Operation Net Minority Interest": -1563000.0,
        "Reconciled Depreciation": 13646000.0,
        "Reconciled Cost Of Revenue": 71966000.0,
        "EBITDA": 21035000.0,
        "EBIT": 7389000.0,
        "Net Interest Income": -8285000.0,
        "Interest Expense": 9271000.0,
        "Interest Income": 986000.0,
        "Normalized Income": -1198810.0,
        "Net Income From Continuing And Discontinued Operation": -1563000.0,
        "Total Expenses": 95341000.0,
        "Diluted Average Shares": 18093000.0,
        "Basic Average Shares": 18093000.0,
        "Diluted EPS": -0.16,
        "Basic EPS": -0.16,
        "Diluted NI Availto Com Stockholders": -2972000.0,
        "Net Income Common Stockholders": -2972000.0,
        "Otherunder Preferred Stock Dividend": 0.0,
        "Preferred Stock Dividends": 1409000.0,
        "Net Income": -1563000.0,
        "Minority Interests": 410000.0,
        "Net Income Including Noncontrolling Interests": -1973000.0,
        "Net Income Continuous Operations": -1973000.0,
        "Tax Provision": 91000.0,
        "Pretax Income": -1882000.0,
        "Other Income Expense": 8219000.0,
        "Other Non Operating Income Expenses": 9063000.0,
        "Special Income Charges": -461000.0,
        "Other Special Charges": NaN,
        "Impairment Of Capital Assets": NaN,
        "Restructuring And Mergern Acquisition": 461000.0,
        "Earnings From Equity Interest": -383000.0,
        "Net Non Operating Interest Income Expense": -8285000.0,
        "Interest Expense Non Operating": 9271000.0,
        "Interest Income Non Operating": 986000.0,
        "Operating Income": -1816000.0,
        "Operating Expense": 23375000.0,
        "Other Operating Expenses": NaN,
        "Depreciation Amortization Depletion Income Statement": 13646000.0,
        "Depreciation And Amortization In Income Statement": 13646000.0,
        "Selling General And Administration": 9729000.0,
        "General And Administrative Expense": 9729000.0,
        "Other Gand A": 9729000.0,
        "Gross Profit": 21559000.0,
        "Cost Of Revenue": 71966000.0,
        "Total Revenue": 93525000.0,
        "Operating Revenue": 93525000.0
    },
    "2025-09-30": {
        "Tax Effect Of Unusual Items": -2290470.0,
        "Tax Rate For Calcs": 0.21,
        "Normalized EBITDA": 8184000.0,
        "Total Unusual Items": -10907000.0,
        "Total Unusual Items Excluding Goodwill": -10907000.0,
        "Net Income From Continuing Operation Net Minority Interest": -26911000.0,
        "Reconciled Depreciation": 14627000.0,
        "Reconciled Cost Of Revenue": 77443000.0,
        "EBITDA": -2723000.0,
        "EBIT": -17350000.0,
        "Net Interest Income": -9516000.0,
        "Interest Expense": 9910000.0,
        "Interest Income": 394000.0,
        "Normalized Income": -18294470.0,
        "Net Income From Continuing And Discontinued Operation": -26911000.0,
        "Total Expenses": 102599000.0,
        "Diluted Average Shares": 18103000.0,
        "Basic Average Shares": 18103000.0,
        "Diluted EPS": -1.56,
        "Basic EPS": -1.56,
        "Diluted NI Availto Com Stockholders": -28321000.0,
        "Net Income Common Stockholders": -28321000.0,
        "Otherunder Preferred Stock Dividend": NaN,
        "Preferred Stock Dividends": 1410000.0,
        "Net Income": -26911000.0,
        "Minority Interests": 437000.0,
        "Net Income Including Noncontrolling Interests": -27348000.0,
        "Net Income Continuous Operations": -27348000.0,
        "Tax Provision": 88000.0,
        "Pretax Income": -27260000.0,
        "Other Income Expense": -13183000.0,
        "Other Non Operating Income Expenses": -1902000.0,
        "Special Income Charges": -10907000.0,
        "Other Special Charges": NaN,
        "Impairment Of Capital Assets": 4733000.0,
        "Restructuring And Mergern Acquisition": 6174000.0,
        "Earnings From Equity Interest": -374000.0,
        "Net Non Operating Interest Income Expense": -9516000.0,
        "Interest Expense Non Operating": 9910000.0,
        "Interest Income Non Operating": 394000.0,
        "Operating Income": -4561000.0,
        "Operating Expense": 25156000.0,
        "Other Operating Expenses": NaN,
        "Depreciation Amortization Depletion Income Statement": 14627000.0,
        "Depreciation And Amortization In Income Statement": 14627000.0,
        "Selling General And Administration": 10529000.0,
        "General And Administrative Expense": 10529000.0,
        "Other Gand A": 10529000.0,
        "Gross Profit": 20595000.0,
        "Cost Of Revenue": 77443000.0,
        "Total Revenue": 98038000.0,
        "Operating Revenue": 98038000.0
    }
}