{
    "2023-03-31": {
        "Tax Effect Of Unusual Items": NaN,
        "Tax Rate For Calcs": NaN,
        "Total Unusual Items": 0.0,
        "Total Unusual Items Excluding Goodwill": 0.0,
        "Net Income From Continuing Operation Net Minority Interest": NaN,
        "Reconciled Depreciation": NaN,
        "EBIT": NaN,
        "Net Interest Income": NaN,
        "Interest Expense": NaN,
        "Interest Income": NaN,
        "Normalized Income": NaN,
        "Net Income From Continuing And Discontinued Operation": NaN,
        "Total Expenses": NaN,
        "Rent Expense Supplemental": NaN,
        "Diluted Average Shares": NaN,
        "Basic Average Shares": NaN,
        "Diluted EPS": NaN,
        "Basic EPS": NaN,
        "Diluted NI Availto Com Stockholders": NaN,
        "Net Income Common Stockholders": NaN,
        "Net Income": NaN,
        "Net Income Including Noncontrolling Interests": NaN,
        "Net Income Continuous Operations": NaN,
        "Tax Provision": NaN,
        "Pretax Income": NaN,
        "Other Income Expense": NaN,
        "Special Income Charges": 0.0,
        "Other Special Charges": NaN,
        "Net Non Operating Interest Income Expense": NaN,
        "Total Other Finance Cost": NaN,
        "Interest Expense Non Operating": NaN,
        "Other Operating Expenses": NaN,
        "Depreciation And Amortization In Income Statement": NaN,
        "Depreciation Income Statement": NaN,
        "Selling General And Administration": NaN,
        "Selling And Marketing Expense": NaN,
        "General And Administrative Expense": NaN,
        "Other Gand A": NaN,
        "Salaries And Wages": NaN,
        "Total Revenue": NaN,
        "Operating Revenue": NaN,
        "Loss Adjustment Expense": NaN,
        "Net Policyholder Benefits And Claims": NaN
    },
    "2022-12-31": {
        "Tax Effect Of Unusual Items": 0.0,
        "Tax Rate For Calcs": 0.254878,
        "Total Unusual Items": NaN,
        "Total Unusual Items Excluding Goodwill": NaN,
        "Net Income From Continuing Operation Net Minority Interest": 21240320.0,
        "Reconciled Depreciation": 616811.0,
        "EBIT": 30571960.0,
        "Net Interest Income": -3350742.0,
        "Interest Expense": 2066116.0,
        "Interest Income": 2140323.0,
        "Normalized Income": 21240320.0,
        "Net Income From Continuing And Discontinued Operation": 21240320.0,
        "Total Expenses": 79926272.0,
        "Rent Expense Supplemental": 1820317.0,
        "Diluted Average Shares": NaN,
        "Basic Average Shares": NaN,
        "Diluted EPS": NaN,
        "Basic EPS": NaN,
        "Diluted NI Availto Com Stockholders": 21240320.0,
        "Net Income Common Stockholders": 21240320.0,
        "Net Income": 21240320.0,
        "Net Income Including Noncontrolling Interests": 21240320.0,
        "Net Income Continuous Operations": 21240320.0,
        "Tax Provision": 7265524.0,
        "Pretax Income": 28505844.0,
        "Other Income Expense": 56870561.0,
        "Special Income Charges": NaN,
        "Other Special Charges": NaN,
        "Net Non Operating Interest Income Expense": -3350742.0,
        "Total Other Finance Cost": 1284626.0,
        "Interest Expense Non Operating": 2066116.0,
        "Other Operating Expenses": 1342329.0,
        "Depreciation And Amortization In Income Statement": 616811.0,
        "Depreciation Income Statement": 616811.0,
        "Selling General And Administration": 37530965.0,
        "Selling And Marketing Expense": 1017829.0,
        "General And Administrative Expense": 36513136.0,
        "Other Gand A": 13174030.0,
        "Salaries And Wages": 23339106.0,
        "Total Revenue": 108432116.0,
        "Operating Revenue": 108432116.0
    },
    "2022-09-30": {
        "Tax Effect Of Unusual Items": NaN,
        "Tax Rate For Calcs": NaN,
        "Total Unusual Items": NaN,
        "Total Unusual Items Excluding Goodwill": NaN,
        "Net Income From Continuing Operation Net Minority Interest": NaN,
        "Reconciled Depreciation": NaN,
        "EBIT": NaN,
        "Net Interest Income": NaN,
        "Interest Expense": NaN,
        "Interest Income": NaN,
        "Normalized Income": NaN,
        "Net Income From Continuing And Discontinued Operation": NaN,
        "Total Expenses": NaN,
        "Rent Expense Supplemental": NaN,
        "Diluted Average Shares": 22695996.0,
        "Basic Average Shares": 21976292.0,
        "Diluted EPS": -0.11,
        "Basic EPS": -0.11,
        "Diluted NI Availto Com Stockholders": NaN,
        "Net Income Common Stockholders": NaN,
        "Net Income": NaN,
        "Net Income Including Noncontrolling Interests": NaN,
        "Net Income Continuous Operations": NaN,
        "Tax Provision": NaN,
        "Pretax Income": NaN,
        "Other Income Expense": NaN,
        "Special Income Charges": NaN,
        "Other Special Charges": NaN,
        "Net Non Operating Interest Income Expense": NaN,
        "Total Other Finance Cost": NaN,
        "Interest Expense Non Operating": NaN,
        "Other Operating Expenses": NaN,
        "Depreciation And Amortization In Income Statement": NaN,
        "Depreciation Income Statement": NaN,
        "Selling General And Administration": NaN,
        "Selling And Marketing Expense": NaN,
        "General And Administrative Expense": NaN,
        "Other Gand A": NaN,
        "Salaries And Wages": NaN,
        "Total Revenue": NaN,
        "Operating Revenue": NaN
    },
    "2022-06-30": {
        "Tax Effect Of Unusual Items": 0.0,
        "Tax Rate For Calcs": 0.244,
        "Total Unusual Items": NaN,
        "Total Unusual Items Excluding Goodwill": NaN,
        "Net Income From Continuing Operation Net Minority Interest": 3574449.0,
        "Reconciled Depreciation": 628305.0,
        "EBIT": 6630095.0,
        "Net Interest Income": -3944886.0,
        "Interest Expense": 1900249.0,
        "Interest Income": NaN,
        "Normalized Income": 3574449.0,
        "Net Income From Continuing And Discontinued Operation": 3574449.0,
        "Total Expenses": 90836808.0,
        "Rent Expense Supplemental": 1702262.0,
        "Diluted Average Shares": 24264083.0,
        "Basic Average Shares": 23345544.0,
        "Diluted EPS": 0.142857,
        "Basic EPS": 0.152381,
        "Diluted NI Availto Com Stockholders": 3574449.0,
        "Net Income Common Stockholders": 3574449.0,
        "Net Income": 3574449.0,
        "Net Income Including Noncontrolling Interests": 3574449.0,
        "Net Income Continuous Operations": 3574449.0,
        "Tax Provision": 1155397.0,
        "Pretax Income": 4729846.0,
        "Other Income Expense": 12566868.0,
        "Special Income Charges": NaN,
        "Other Special Charges": NaN,
        "Net Non Operating Interest Income Expense": -3944886.0,
        "Total Other Finance Cost": 2044637.0,
        "Interest Expense Non Operating": 1900249.0,
        "Other Operating Expenses": 1242839.0,
        "Depreciation And Amortization In Income Statement": 628305.0,
        "Depreciation Income Statement": 628305.0,
        "Selling General And Administration": 39977078.0,
        "Selling And Marketing Expense": 1595738.0,
        "General And Administrative Expense": 38381340.0,
        "Other Gand A": 12876390.0,
        "Salaries And Wages": 25504950.0,
        "Total Revenue": 95566654.0,
        "Operating Revenue": 95566654.0
    },
    "2022-03-31": {
        "Diluted EPS": 0.14,
        "Total Revenue": 102,
        "Gross Profit": 77,
        "Operating Income": 4,
        "EBIT": 6,
        "Net Income": 3
    },
    "2021-12-31": {
        "Diluted EPS": 0.24,
        "Total Revenue": 112,
        "Gross Profit": 89,
        "Operating Income": 7,
        "EBIT": 8,
        "Net Income": 5
    },
    "2021-09-30": {
        "Diluted EPS": 0.47,
        "Total Revenue": 120,
        "Gross Profit": 96,
        "Operating Income": 14,
        "EBIT": 16,
        "Net Income": 11
    },
    "2021-06-30": {
        "Diluted EPS": 0.49,
        "Total Revenue": 117,
        "Gross Profit": 94,
        "Operating Income": 15,
        "EBIT": 16,
        "Net Income": 11
    },
    "2021-03-31": {
        "Diluted EPS": 0.53,
        "Total Revenue": 123,
        "Gross Profit": 99,
        "Operating Income": 16,
        "EBIT": 18,
        "Net Income": 12
    },
    "2020-12-31": {
        "Diluted EPS": 0.19,
        "Total Revenue": 137,
        "Gross Profit": 115,
        "Operating Income": 4,
        "EBIT": 7,
        "Net Income": 4
    },
    "2020-09-30": {
        "Diluted EPS": 1.31,
        "Total Revenue": 146,
        "Gross Profit": 124,
        "Operating Income": 39,
        "EBIT": 41,
        "Net Income": 29
    },
    "2020-06-30": {
        "Diluted EPS": 0.93,
        "Total Revenue": 119,
        "Gross Profit": 98,
        "Operating Income": 27,
        "EBIT": 29,
        "Net Income": 21
    },
    "2020-03-31": {
        "Diluted EPS": 0.07,
        "Total Revenue": 80,
        "Gross Profit": 58,
        "Operating Income": 1,
        "EBIT": 3,
        "Net Income": 1
    },
    "2019-12-31": {
        "Diluted EPS": 0.08,
        "Total Revenue": 78,
        "Gross Profit": 58,
        "Operating Income": 2,
        "EBIT": 4,
        "Net Income": 2
    },
    "2019-09-30": {
        "Diluted EPS": 0.16,
        "Total Revenue": 75,
        "Gross Profit": 59,
        "Operating Income": 5,
        "EBIT": 7,
        "Net Income": 4
    },
    "2019-06-30": {
        "Diluted EPS": 0.16,
        "Total Revenue": 68,
        "Gross Profit": 53,
        "Operating Income": 5,
        "EBIT": 6,
        "Net Income": 3
    },
    "2019-03-31": {
        "Diluted EPS": 0.09,
        "Total Revenue": 61,
        "Gross Profit": 45,
        "Operating Income": 2,
        "EBIT": 4,
        "Net Income": 2
    },
    "2018-12-31": {
        "Diluted EPS": -0.04,
        "Total Revenue": 61,
        "Gross Profit": 46,
        "Operating Income": -1,
        "EBIT": 0,
        "Net Income": 0
    },
    "2018-09-30": {
        "Diluted EPS": 0.1,
        "Total Revenue": 67,
        "Gross Profit": 51,
        "Operating Income": 2,
        "EBIT": 4,
        "Net Income": 2
    },
    "2018-06-30": {
        "Diluted EPS": 0.15,
        "Total Revenue": 69,
        "Gross Profit": 53,
        "Operating Income": 4,
        "EBIT": 6,
        "Net Income": 3
    },
    "2018-03-31": {
        "Diluted EPS": 0.8,
        "Total Revenue": 82,
        "Gross Profit": 66,
        "Operating Income": 21,
        "EBIT": 23,
        "Net Income": 17
    },
    "2017-12-31": {
        "Diluted EPS": 0.41,
        "Total Revenue": 61,
        "Gross Profit": 47,
        "Operating Income": 0,
        "EBIT": 1,
        "Net Income": 9
    },
    "2017-09-30": {
        "Diluted EPS": 0.05,
        "Total Revenue": 72,
        "Gross Profit": 56,
        "Operating Income": 1,
        "EBIT": 3,
        "Net Income": 1
    },
    "2017-06-30": {
        "Diluted EPS": 0.12,
        "Total Revenue": 73,
        "Gross Profit": 59,
        "Operating Income": 4,
        "EBIT": 5,
        "Net Income": 2
    },
    "2017-03-31": {
        "Diluted EPS": 0.08,
        "Total Revenue": 71,
        "Gross Profit": 56,
        "Operating Income": 3,
        "EBIT": 4,
        "Net Income": 2
    },
    "2016-12-31": {
        "Diluted EPS": 0.03,
        "Total Revenue": 72,
        "Gross Profit": 57,
        "Operating Income": 1,
        "EBIT": 2,
        "Net Income": 0
    },
    "2016-09-30": {
        "Diluted EPS": 0.2,
        "Total Revenue": 83,
        "Gross Profit": 69,
        "Operating Income": 7,
        "EBIT": 8,
        "Net Income": 4
    },
    "2016-06-30": {
        "Diluted EPS": 0.24,
        "Total Revenue": 80,
        "Gross Profit": 67,
        "Operating Income": 8,
        "EBIT": 9,
        "Net Income": 5
    },
    "2016-03-31": {
        "Diluted EPS": 0.12,
        "Total Revenue": 69,
        "Gross Profit": 57,
        "Operating Income": 4,
        "EBIT": 5,
        "Net Income": 3
    },
    "2015-12-31": {
        "Diluted EPS": 0.14,
        "Total Revenue": 65,
        "Gross Profit": 53,
        "Operating Income": 4,
        "EBIT": 5,
        "Net Income": 3
    },
    "2015-09-30": {
        "Diluted EPS": 0.24,
        "Total Revenue": 75,
        "Gross Profit": 63,
        "Operating Income": 8,
        "EBIT": 9,
        "Net Income": 5
    },
    "2015-06-30": {
        "Diluted EPS": 0.19,
        "Total Revenue": 76,
        "Gross Profit": 63,
        "Operating Income": 6,
        "EBIT": 8,
        "Net Income": 4
    },
    "2015-03-31": {
        "Diluted EPS": 0.09,
        "Total Revenue": 64,
        "Gross Profit": 51,
        "Operating Income": 3,
        "EBIT": 4,
        "Net Income": 2
    },
    "2014-12-31": {
        "Diluted EPS": 0.16,
        "Total Revenue": 59,
        "Gross Profit": 48,
        "Operating Income": 6,
        "EBIT": 7,
        "Net Income": 3
    },
    "2014-09-30": {
        "Diluted EPS": 0.11,
        "Total Revenue": 62,
        "Gross Profit": 49,
        "Operating Income": 3,
        "EBIT": 4,
        "Net Income": 2
    },
    "2014-06-30": {
        "Diluted EPS": 0.13,
        "Total Revenue": 59,
        "Gross Profit": 47,
        "Operating Income": 4,
        "EBIT": 5,
        "Net Income": 3
    },
    "2014-03-31": {
        "Diluted EPS": 0.01,
        "Total Revenue": 45,
        "Gross Profit": 33,
        "Operating Income": 0,
        "EBIT": 1,
        "Net Income": 0
    },
    "2013-12-31": {
        "Diluted EPS": 0.08,
        "Total Revenue": 49,
        "Gross Profit": 36,
        "Operating Income": 0,
        "EBIT": 1,
        "Net Income": 1
    },
    "2013-09-30": {
        "Diluted EPS": 0.06,
        "Total Revenue": 51,
        "Gross Profit": 39,
        "Operating Income": 2,
        "EBIT": 3,
        "Net Income": 1
    },
    "2013-06-30": {
        "Diluted EPS": 0.14,
        "Total Revenue": 61,
        "Gross Profit": 49,
        "Operating Income": 4,
        "EBIT": 5,
        "Net Income": 3
    },
    "2013-03-31": {
        "Diluted EPS": 0.1,
        "Total Revenue": 55,
        "Gross Profit": 43,
        "Operating Income": 3,
        "EBIT": 4,
        "Net Income": 2
    },
    "2012-12-31": {
        "Diluted EPS": 0.4,
        "Total Revenue": 67,
        "Gross Profit": 56,
        "Operating Income": 8,
        "EBIT": 9,
        "Net Income": 7
    },
    "2012-09-30": {
        "Diluted EPS": 0.22,
        "Total Revenue": 64,
        "Gross Profit": 52,
        "Operating Income": 6,
        "EBIT": 7,
        "Net Income": 4
    },
    "2012-06-30": {
        "Diluted EPS": 0.2,
        "Total Revenue": 57,
        "Gross Profit": 45,
        "Operating Income": 5,
        "EBIT": 6,
        "Net Income": 4
    },
    "2012-03-31": {
        "Diluted EPS": 0.1,
        "Total Revenue": 47,
        "Gross Profit": 35,
        "Operating Income": 2,
        "EBIT": 3,
        "Net Income": 2
    },
    "2011-12-31": {
        "Diluted EPS": 0.05,
        "Total Revenue": 48,
        "Gross Profit": 34,
        "Operating Income": 2,
        "EBIT": 3,
        "Net Income": 1
    },
    "2011-09-30": {
        "Diluted EPS": 0.05,
        "Total Revenue": 41,
        "Gross Profit": 30,
        "Operating Income": 1,
        "EBIT": 1,
        "Net Income": 1
    },
    "2011-06-30": {
        "Diluted EPS": 0.01,
        "Total Revenue": 36,
        "Gross Profit": 26,
        "Operating Income": 0,
        "EBIT": 1,
        "Net Income": 0
    },
    "2011-03-31": {
        "Diluted EPS": -0.03,
        "Total Revenue": 34,
        "Gross Profit": 23,
        "Operating Income": -1,
        "EBIT": -1,
        "Net Income": -1
    },
    "2010-12-31": {
        "Diluted EPS": -0.03,
        "Total Revenue": 42,
        "Gross Profit": 33,
        "Operating Income": 2,
        "EBIT": 5,
        "Net Income": 0
    },
    "2010-09-30": {
        "Diluted EPS": 0.03,
        "Total Revenue": 47,
        "Gross Profit": 37,
        "Operating Income": 2,
        "EBIT": 2,
        "Net Income": 1
    },
    "2010-06-30": {
        "Diluted EPS": 0.03,
        "Total Revenue": 43,
        "Gross Profit": 34,
        "Operating Income": 1,
        "EBIT": 1,
        "Net Income": 0
    },
    "2010-03-31": {
        "Diluted EPS": -0.06,
        "Total Revenue": 39,
        "Gross Profit": 29,
        "Operating Income": -1,
        "EBIT": -1,
        "Net Income": -1
    },
    "2009-12-31": {
        "Diluted EPS": -0.17,
        "Total Revenue": 52,
        "Gross Profit": 42,
        "Operating Income": 1,
        "EBIT": 3,
        "Net Income": -3
    },
    "2009-09-30": {
        "Diluted EPS": 0.01,
        "Total Revenue": 49,
        "Gross Profit": 39,
        "Operating Income": 10,
        "EBIT": 10,
        "Net Income": 0
    },
    "2009-06-30": {
        "Diluted EPS": 0.2,
        "Total Revenue": 58,
        "Gross Profit": 49,
        "Operating Income": 15,
        "EBIT": 15,
        "Net Income": 3
    },
    "2009-03-31": {
        "Diluted EPS": 0.21,
        "Total Revenue": 59,
        "Gross Profit": 50,
        "Operating Income": 21,
        "EBIT": 21,
        "Net Income": 5
    },
    "2023-06-30": {
        "Tax Effect Of Unusual Items": NaN,
        "Tax Rate For Calcs": NaN,
        "Total Unusual Items": 161028.0,
        "Total Unusual Items Excluding Goodwill": 161028.0,
        "Net Income From Continuing Operation Net Minority Interest": NaN,
        "Reconciled Depreciation": NaN,
        "EBIT": NaN,
        "Net Interest Income": NaN,
        "Interest Expense": NaN,
        "Interest Income": NaN,
        "Normalized Income": NaN,
        "Net Income From Continuing And Discontinued Operation": NaN,
        "Total Expenses": NaN,
        "Rent Expense Supplemental": NaN,
        "Diluted Average Shares": 24887398.0,
        "Basic Average Shares": 24266358.0,
        "Diluted EPS": 0.257143,
        "Basic EPS": 0.257143,
        "Diluted NI Availto Com Stockholders": NaN,
        "Net Income Common Stockholders": NaN,
        "Net Income": NaN,
        "Net Income Including Noncontrolling Interests": NaN,
        "Net Income Continuous Operations": NaN,
        "Tax Provision": NaN,
        "Pretax Income": NaN,
        "Other Income Expense": NaN,
        "Special Income Charges": 161028.0,
        "Other Special Charges": -161028.0,
        "Net Non Operating Interest Income Expense": NaN,
        "Total Other Finance Cost": NaN,
        "Interest Expense Non Operating": NaN,
        "Other Operating Expenses": NaN,
        "Depreciation And Amortization In Income Statement": NaN,
        "Depreciation Income Statement": NaN,
        "Selling General And Administration": NaN,
        "Selling And Marketing Expense": NaN,
        "General And Administrative Expense": NaN,
        "Other Gand A": NaN,
        "Salaries And Wages": NaN,
        "Total Revenue": NaN,
        "Operating Revenue": NaN,
        "Loss Adjustment Expense": NaN,
        "Net Policyholder Benefits And Claims": NaN
    },
    "2023-09-30": {
        "Tax Effect Of Unusual Items": NaN,
        "Tax Rate For Calcs": NaN,
        "Net Income From Continuing Operation Net Minority Interest": NaN,
        "Reconciled Depreciation": NaN,
        "EBIT": NaN,
        "Net Interest Income": NaN,
        "Interest Expense": NaN,
        "Interest Income": NaN,
        "Normalized Income": NaN,
        "Net Income From Continuing And Discontinued Operation": NaN,
        "Total Expenses": NaN,
        "Rent Expense Supplemental": NaN,
        "Diluted Average Shares": 25174573.0,
        "Basic Average Shares": 24327598.0,
        "Diluted EPS": 0.161905,
        "Basic EPS": 0.161905,
        "Diluted NI Availto Com Stockholders": NaN,
        "Net Income Common Stockholders": NaN,
        "Net Income": NaN,
        "Net Income Including Noncontrolling Interests": NaN,
        "Net Income Continuous Operations": NaN,
        "Tax Provision": NaN,
        "Pretax Income": NaN,
        "Other Income Expense": NaN,
        "Net Non Operating Interest Income Expense": NaN,
        "Total Other Finance Cost": NaN,
        "Interest Expense Non Operating": NaN,
        "Other Operating Expenses": NaN,
        "Depreciation And Amortization In Income Statement": NaN,
        "Depreciation Income Statement": NaN,
        "Selling General And Administration": NaN,
        "Selling And Marketing Expense": NaN,
        "General And Administrative Expense": NaN,
        "Other Gand A": NaN,
        "Salaries And Wages": NaN,
        "Total Revenue": NaN,
        "Operating Revenue": NaN,
        "Loss Adjustment Expense": NaN,
        "Net Policyholder Benefits And Claims": NaN
    },
    "2023-12-31": {
        "Tax Effect Of Unusual Items": 0.0,
        "Tax Rate For Calcs": 0.21,
        "Net Income From Continuing Operation Net Minority Interest": 2860887.0,
        "Reconciled Depreciation": 585864.0,
        "EBIT": 2253159.0,
        "Net Interest Income": -2039216.0,
        "Interest Expense": 845658.0,
        "Interest Income": 2282225.0,
        "Normalized Income": 2860887.0,
        "Net Income From Continuing And Discontinued Operation": 2860887.0,
        "Total Expenses": 73666902.0,
        "Rent Expense Supplemental": 1571645.0,
        "Diluted Average Shares": NaN,
        "Basic Average Shares": NaN,
        "Diluted EPS": NaN,
        "Basic EPS": NaN,
        "Diluted NI Availto Com Stockholders": 2860887.0,
        "Net Income Common Stockholders": 2860887.0,
        "Net Income": 2860887.0,
        "Net Income Including Noncontrolling Interests": 2860887.0,
        "Net Income Continuous Operations": 2860887.0,
        "Tax Provision": -1453386.0,
        "Pretax Income": 1407501.0,
        "Other Income Expense": 21515378.0,
        "Net Non Operating Interest Income Expense": -2039216.0,
        "Total Other Finance Cost": 1193558.0,
        "Interest Expense Non Operating": 845658.0,
        "Other Operating Expenses": 1356634.0,
        "Depreciation And Amortization In Income Statement": 585864.0,
        "Depreciation Income Statement": 585864.0,
        "Selling General And Administration": 32605784.0,
        "Selling And Marketing Expense": 846848.0,
        "General And Administrative Expense": 31758936.0,
        "Other Gand A": 11322210.0,
        "Salaries And Wages": 20436726.0,
        "Total Revenue": 75074403.0,
        "Operating Revenue": 75074403.0,
        "Loss Adjustment Expense": 23618101.0,
        "Net Policyholder Benefits And Claims": 23618101.0
    },
    "2024-03-31": {
        "Tax Effect Of Unusual Items": NaN,
        "Tax Rate For Calcs": NaN,
        "Net Income From Continuing Operation Net Minority Interest": NaN,
        "Reconciled Depreciation": NaN,
        "EBIT": NaN,
        "Net Interest Income": NaN,
        "Interest Expense": NaN,
        "Interest Income": NaN,
        "Normalized Income": NaN,
        "Net Income From Continuing And Discontinued Operation": NaN,
        "Total Expenses": NaN,
        "Rent Expense Supplemental": NaN,
        "Diluted Average Shares": 25292196.0,
        "Basic Average Shares": 24491392.0,
        "Diluted EPS": 0.295238,
        "Basic EPS": 0.304762,
        "Diluted NI Availto Com Stockholders": NaN,
        "Net Income Common Stockholders": NaN,
        "Net Income": NaN,
        "Net Income Including Noncontrolling Interests": NaN,
        "Net Income Continuous Operations": NaN,
        "Tax Provision": NaN,
        "Pretax Income": NaN,
        "Other Income Expense": NaN,
        "Net Non Operating Interest Income Expense": NaN,
        "Total Other Finance Cost": NaN,
        "Interest Expense Non Operating": NaN,
        "Other Operating Expenses": NaN,
        "Depreciation And Amortization In Income Statement": NaN,
        "Depreciation Income Statement": NaN,
        "Selling General And Administration": NaN,
        "Selling And Marketing Expense": NaN,
        "General And Administrative Expense": NaN,
        "Other Gand A": NaN,
        "Salaries And Wages": NaN,
        "Total Revenue": NaN,
        "Operating Revenue": NaN,
        "Loss Adjustment Expense": NaN,
        "Net Policyholder Benefits And Claims": NaN
    },
    "2024-06-30": {
        "Tax Effect Of Unusual Items": NaN,
        "Tax Rate For Calcs": NaN,
        "Net Income From Continuing Operation Net Minority Interest": NaN,
        "Reconciled Depreciation": NaN,
        "EBIT": NaN,
        "Net Interest Income": NaN,
        "Interest Expense": NaN,
        "Interest Income": NaN,
        "Normalized Income": NaN,
        "Net Income From Continuing And Discontinued Operation": NaN,
        "Total Expenses": NaN,
        "Rent Expense Supplemental": NaN,
        "Diluted Average Shares": 25079559.0,
        "Basic Average Shares": 24474231.0,
        "Diluted EPS": 0.29,
        "Basic EPS": 0.3,
        "Diluted NI Availto Com Stockholders": NaN,
        "Net Income Common Stockholders": NaN,
        "Net Income": NaN,
        "Net Income Including Noncontrolling Interests": NaN,
        "Net Income Continuous Operations": NaN,
        "Tax Provision": NaN,
        "Pretax Income": NaN,
        "Other Income Expense": NaN,
        "Net Non Operating Interest Income Expense": NaN,
        "Total Other Finance Cost": NaN,
        "Interest Expense Non Operating": NaN,
        "Other Operating Expenses": NaN,
        "Depreciation And Amortization In Income Statement": NaN,
        "Depreciation Income Statement": NaN,
        "Selling General And Administration": NaN,
        "Selling And Marketing Expense": NaN,
        "General And Administrative Expense": NaN,
        "Other Gand A": NaN,
        "Salaries And Wages": NaN,
        "Total Revenue": NaN,
        "Operating Revenue": NaN,
        "Loss Adjustment Expense": NaN,
        "Net Policyholder Benefits And Claims": NaN
    },
    "2024-09-30": {
        "Tax Effect Of Unusual Items": 0.0,
        "Tax Rate For Calcs": 0.222,
        "Net Income From Continuing Operation Net Minority Interest": 11831444.0,
        "Reconciled Depreciation": 611475.0,
        "EBIT": 16275335.0,
        "Net Interest Income": -2755444.0,
        "Interest Expense": 1060653.0,
        "Interest Income": 2357379.0,
        "Normalized Income": 11831444.0,
        "Net Income From Continuing And Discontinued Operation": 11831444.0,
        "Total Expenses": 73313139.0,
        "Rent Expense Supplemental": 1380076.0,
        "Diluted Average Shares": 25272078.0,
        "Basic Average Shares": 24418679.0,
        "Diluted EPS": 0.47,
        "Basic EPS": 0.48,
        "Diluted NI Availto Com Stockholders": 11831444.0,
        "Net Income Common Stockholders": 11831444.0,
        "Net Income": 11831444.0,
        "Net Income Including Noncontrolling Interests": 11831444.0,
        "Net Income Continuous Operations": 11831444.0,
        "Tax Provision": 3383238.0,
        "Pretax Income": 15214682.0,
        "Other Income Expense": 29653779.0,
        "Net Non Operating Interest Income Expense": -2755444.0,
        "Total Other Finance Cost": 1694791.0,
        "Interest Expense Non Operating": 1060653.0,
        "Other Operating Expenses": 1371647.0,
        "Depreciation And Amortization In Income Statement": 611475.0,
        "Depreciation Income Statement": 611475.0,
        "Selling General And Administration": 29728782.0,
        "Selling And Marketing Expense": 907528.0,
        "General And Administrative Expense": 28821254.0,
        "Other Gand A": 7571700.0,
        "Salaries And Wages": 21249554.0,
        "Total Revenue": 88527821.0,
        "Operating Revenue": 88527821.0,
        "Loss Adjustment Expense": 23354382.0,
        "Net Policyholder Benefits And Claims": 23354382.0
    },
    "2024-12-31": {
        "Tax Effect Of Unusual Items": 0.0,
        "Tax Rate For Calcs": 0.21,
        "Net Income From Continuing Operation Net Minority Interest": -41747.0,
        "Reconciled Depreciation": 591798.0,
        "EBIT": 972341.0,
        "Net Interest Income": -2549099.0,
        "Interest Expense": 1092157.0,
        "Interest Income": 2088240.0,
        "Normalized Income": -41747.0,
        "Net Income From Continuing And Discontinued Operation": -41747.0,
        "Total Expenses": 79591683.0,
        "Rent Expense Supplemental": 1068277.0,
        "Diluted Average Shares": NaN,
        "Basic Average Shares": NaN,
        "Diluted EPS": NaN,
        "Basic EPS": NaN,
        "Diluted NI Availto Com Stockholders": -41747.0,
        "Net Income Common Stockholders": -41747.0,
        "Net Income": -41747.0,
        "Net Income Including Noncontrolling Interests": -41747.0,
        "Net Income Continuous Operations": -41747.0,
        "Tax Provision": -78069.0,
        "Pretax Income": -119816.0,
        "Other Income Expense": 26216390.0,
        "Net Non Operating Interest Income Expense": -2549099.0,
        "Total Other Finance Cost": 1456942.0,
        "Interest Expense Non Operating": 1092157.0,
        "Other Operating Expenses": 1378847.0,
        "Depreciation And Amortization In Income Statement": 591798.0,
        "Depreciation Income Statement": 591798.0,
        "Selling General And Administration": 33129826.0,
        "Selling And Marketing Expense": 733720.0,
        "General And Administrative Expense": 32396106.0,
        "Other Gand A": 9218569.0,
        "Salaries And Wages": 23177537.0,
        "Total Revenue": 79471867.0,
        "Operating Revenue": 79471867.0,
        "Loss Adjustment Expense": 24999602.0,
        "Net Policyholder Benefits And Claims": 24999602.0
    },
    "2025-03-31": {
        "Tax Effect Of Unusual Items": 0.0,
        "Tax Rate For Calcs": 0.221,
        "Net Income From Continuing Operation Net Minority Interest": 4338292.0,
        "Reconciled Depreciation": 615135.0,
        "EBIT": 6690422.0,
        "Net Interest Income": -2534780.0,
        "Interest Expense": 1119528.0,
        "Interest Income": 1667434.0,
        "Normalized Income": 4338292.0,
        "Net Income From Continuing And Discontinued Operation": 4338292.0,
        "Total Expenses": 77351863.0,
        "Rent Expense Supplemental": 988611.0,
        "Diluted Average Shares": 25689765.0,
        "Basic Average Shares": 24697523.0,
        "Diluted EPS": 0.171429,
        "Basic EPS": 0.171429,
        "Diluted NI Availto Com Stockholders": 4338292.0,
        "Net Income Common Stockholders": 4338292.0,
        "Net Income": 4338292.0,
        "Net Income Including Noncontrolling Interests": 4338292.0,
        "Net Income Continuous Operations": 4338292.0,
        "Tax Provision": 1232602.0,
        "Pretax Income": 5570894.0,
        "Other Income Expense": 26433063.0,
        "Net Non Operating Interest Income Expense": -2534780.0,
        "Total Other Finance Cost": 1415252.0,
        "Interest Expense Non Operating": 1119528.0,
        "Other Operating Expenses": 1436304.0,
        "Depreciation And Amortization In Income Statement": 615135.0,
        "Depreciation Income Statement": 615135.0,
        "Selling General And Administration": 31395651.0,
        "Selling And Marketing Expense": 823945.0,
        "General And Administrative Expense": 30571706.0,
        "Other Gand A": 8389298.0,
        "Salaries And Wages": 22182408.0,
        "Total Revenue": 82922757.0,
        "Operating Revenue": 82922757.0,
        "Loss Adjustment Expense": 26235077.0,
        "Net Policyholder Benefits And Claims": 26235077.0
    },
    "2025-06-30": {
        "Tax Effect Of Unusual Items": 0.0,
        "Tax Rate For Calcs": 0.219545,
        "Net Income From Continuing Operation Net Minority Interest": 6506355.0,
        "Reconciled Depreciation": 599018.0,
        "EBIT": 9630057.0,
        "Net Interest Income": -3185227.0,
        "Interest Expense": 1293438.0,
        "Interest Income": 2366245.0,
        "Normalized Income": 6506355.0,
        "Net Income From Continuing And Discontinued Operation": 6506355.0,
        "Total Expenses": 81420433.0,
        "Rent Expense Supplemental": 937139.0,
        "Diluted Average Shares": 25529060.0,
        "Basic Average Shares": 24767600.0,
        "Diluted EPS": 0.25,
        "Basic EPS": 0.26,
        "Diluted NI Availto Com Stockholders": 6506355.0,
        "Net Income Common Stockholders": 6506355.0,
        "Net Income": 6506355.0,
        "Net Income Including Noncontrolling Interests": 6506355.0,
        "Net Income Continuous Operations": 6506355.0,
        "Tax Provision": 1830264.0,
        "Pretax Income": 8336619.0,
        "Other Income Expense": 28772196.0,
        "Net Non Operating Interest Income Expense": -3185227.0,
        "Total Other Finance Cost": 1891789.0,
        "Interest Expense Non Operating": 1293438.0,
        "Other Operating Expenses": 1375186.0,
        "Depreciation And Amortization In Income Statement": 599018.0,
        "Depreciation Income Statement": 599018.0,
        "Selling General And Administration": 32004567.0,
        "Selling And Marketing Expense": 940448.0,
        "General And Administrative Expense": 31064119.0,
        "Other Gand A": 8892774.0,
        "Salaries And Wages": 22171345.0,
        "Total Revenue": 89757052.0,
        "Operating Revenue": 89757052.0,
        "Loss Adjustment Expense": 25053422.0,
        "Net Policyholder Benefits And Claims": 25053422.0
    },
    "2025-09-30": {
        "Tax Effect Of Unusual Items": 0.0,
        "Tax Rate For Calcs": 0.23,
        "Net Income From Continuing Operation Net Minority Interest": 7815026.0,
        "Reconciled Depreciation": 607300.0,
        "EBIT": 11219480.0,
        "Net Interest Income": -2880342.0,
        "Interest Expense": 1066528.0,
        "Interest Income": 2500007.0,
        "Normalized Income": 7815026.0,
        "Net Income From Continuing And Discontinued Operation": 7815026.0,
        "Total Expenses": 79390798.0,
        "Rent Expense Supplemental": 947664.0,
        "Diluted Average Shares": 25401445.0,
        "Basic Average Shares": 24709518.0,
        "Diluted EPS": 0.31,
        "Basic EPS": 0.32,
        "Diluted NI Availto Com Stockholders": 7815026.0,
        "Net Income Common Stockholders": 7815026.0,
        "Net Income": 7815026.0,
        "Net Income Including Noncontrolling Interests": 7815026.0,
        "Net Income Continuous Operations": 7815026.0,
        "Tax Provision": 2337926.0,
        "Pretax Income": 10152952.0,
        "Other Income Expense": 28410226.0,
        "Net Non Operating Interest Income Expense": -2880342.0,
        "Total Other Finance Cost": 1813814.0,
        "Interest Expense Non Operating": 1066528.0,
        "Other Operating Expenses": 1331012.0,
        "Depreciation And Amortization In Income Statement": 607300.0,
        "Depreciation Income Statement": 607300.0,
        "Selling General And Administration": 31050535.0,
        "Selling And Marketing Expense": 983291.0,
        "General And Administrative Expense": 30067244.0,
        "Other Gand A": 8548206.0,
        "Salaries And Wages": 21519038.0,
        "Total Revenue": 89543750.0,
        "Operating Revenue": 89543750.0,
        "Loss Adjustment Expense": 24934071.0,
        "Net Policyholder Benefits And Claims": 24934071.0
    }
}