{
    "2023-04-30": {
        "Tax Effect Of Unusual Items": -67592.0,
        "Tax Rate For Calcs": 0.028,
        "Normalized EBITDA": -247661000.0,
        "Total Unusual Items": -2414000.0,
        "Total Unusual Items Excluding Goodwill": -2414000.0,
        "Net Income From Continuing Operation Net Minority Interest": -225627000.0,
        "Reconciled Depreciation": 23163000.0,
        "Reconciled Cost Of Revenue": 209414000.0,
        "EBITDA": -250075000.0,
        "EBIT": -273238000.0,
        "Net Interest Income": 43131000.0,
        "Interest Income": 43131000.0,
        "Normalized Income": -223280592.0,
        "Net Income From Continuing And Discontinued Operation": -225627000.0,
        "Total Expenses": 896837000.0,
        "Total Operating Income As Reported": -273238000.0,
        "Diluted Average Shares": 324157000.0,
        "Basic Average Shares": 324157000.0,
        "Diluted EPS": -0.7,
        "Basic EPS": -0.7,
        "Diluted NI Availto Com Stockholders": -225627000.0,
        "Net Income Common Stockholders": -225627000.0,
        "Net Income": -225627000.0,
        "Minority Interests": 437000.0,
        "Net Income Including Noncontrolling Interests": -226064000.0,
        "Net Income Continuous Operations": -226064000.0,
        "Tax Provision": -6605000.0,
        "Pretax Income": -232669000.0,
        "Other Income Expense": -2562000.0,
        "Other Non Operating Income Expenses": -148000.0,
        "Special Income Charges": NaN,
        "Write Off": NaN,
        "Gain On Sale Of Security": -2414000.0,
        "Net Non Operating Interest Income Expense": 43131000.0,
        "Interest Income Non Operating": 43131000.0,
        "Operating Income": -273238000.0,
        "Operating Expense": 687423000.0,
        "Research And Development": 277412000.0,
        "Selling General And Administration": 410011000.0,
        "Selling And Marketing Expense": 331558000.0,
        "General And Administrative Expense": 78453000.0,
        "Other Gand A": 78453000.0,
        "Gross Profit": 414185000.0,
        "Cost Of Revenue": 209414000.0,
        "Total Revenue": 623599000.0,
        "Operating Revenue": 623599000.0
    },
    "2023-01-31": {
        "Tax Effect Of Unusual Items": NaN,
        "Tax Rate For Calcs": NaN,
        "Normalized EBITDA": NaN,
        "Total Unusual Items": NaN,
        "Total Unusual Items Excluding Goodwill": NaN,
        "Net Income From Continuing Operation Net Minority Interest": NaN,
        "Reconciled Depreciation": NaN,
        "Reconciled Cost Of Revenue": NaN,
        "EBITDA": NaN,
        "EBIT": NaN,
        "Net Interest Income": NaN,
        "Interest Income": NaN,
        "Normalized Income": NaN,
        "Net Income From Continuing And Discontinued Operation": NaN,
        "Total Expenses": NaN,
        "Total Operating Income As Reported": NaN,
        "Diluted Average Shares": NaN,
        "Basic Average Shares": NaN,
        "Diluted EPS": NaN,
        "Basic EPS": NaN,
        "Diluted NI Availto Com Stockholders": NaN,
        "Net Income Common Stockholders": NaN,
        "Net Income": NaN,
        "Minority Interests": NaN,
        "Net Income Including Noncontrolling Interests": NaN,
        "Net Income Continuous Operations": NaN,
        "Tax Provision": NaN,
        "Pretax Income": NaN,
        "Other Income Expense": NaN,
        "Other Non Operating Income Expenses": NaN,
        "Special Income Charges": -3999000.0,
        "Write Off": 3999000.0,
        "Gain On Sale Of Security": NaN,
        "Net Non Operating Interest Income Expense": NaN,
        "Interest Income Non Operating": NaN,
        "Operating Income": NaN,
        "Operating Expense": NaN,
        "Research And Development": NaN,
        "Selling General And Administration": NaN,
        "Selling And Marketing Expense": NaN,
        "General And Administrative Expense": NaN,
        "Other Gand A": NaN,
        "Gross Profit": NaN,
        "Cost Of Revenue": NaN,
        "Total Revenue": NaN,
        "Operating Revenue": NaN
    },
    "2022-10-31": {
        "Tax Effect Of Unusual Items": NaN,
        "Tax Rate For Calcs": NaN,
        "Normalized EBITDA": NaN,
        "Total Unusual Items": NaN,
        "Total Unusual Items Excluding Goodwill": NaN,
        "Net Income From Continuing Operation Net Minority Interest": NaN,
        "Reconciled Depreciation": NaN,
        "Reconciled Cost Of Revenue": NaN,
        "EBITDA": NaN,
        "EBIT": NaN,
        "Net Interest Income": NaN,
        "Interest Income": NaN,
        "Normalized Income": NaN,
        "Net Income From Continuing And Discontinued Operation": NaN,
        "Total Expenses": NaN,
        "Total Operating Income As Reported": NaN,
        "Diluted Average Shares": NaN,
        "Basic Average Shares": NaN,
        "Diluted EPS": NaN,
        "Basic EPS": NaN,
        "Diluted NI Availto Com Stockholders": NaN,
        "Net Income Common Stockholders": NaN,
        "Net Income": NaN,
        "Minority Interests": NaN,
        "Net Income Including Noncontrolling Interests": NaN,
        "Net Income Continuous Operations": NaN,
        "Tax Provision": NaN,
        "Pretax Income": NaN,
        "Other Income Expense": NaN,
        "Other Non Operating Income Expenses": NaN,
        "Special Income Charges": -7482000.0,
        "Write Off": 7482000.0,
        "Gain On Sale Of Security": NaN,
        "Net Non Operating Interest Income Expense": NaN,
        "Interest Income Non Operating": NaN,
        "Operating Income": NaN,
        "Operating Expense": NaN,
        "Research And Development": NaN,
        "Selling General And Administration": NaN,
        "Selling And Marketing Expense": NaN,
        "General And Administrative Expense": NaN,
        "Other Gand A": NaN,
        "Gross Profit": NaN,
        "Cost Of Revenue": NaN,
        "Total Revenue": NaN,
        "Operating Revenue": NaN
    },
    "2022-07-31": {
        "Tax Effect Of Unusual Items": 0.0,
        "Tax Rate For Calcs": 0.4,
        "Normalized EBITDA": -191560000.0,
        "Total Unusual Items": -23173000.0,
        "Total Unusual Items Excluding Goodwill": -23173000.0,
        "Net Income From Continuing Operation Net Minority Interest": -222806000.0,
        "Reconciled Depreciation": 16172000.0,
        "Reconciled Cost Of Revenue": 173232000.0,
        "EBITDA": -191560000.0,
        "EBIT": -207732000.0,
        "Net Interest Income": 11692000.0,
        "Interest Income": 11692000.0,
        "Normalized Income": -222806000.0,
        "Net Income From Continuing And Discontinued Operation": -222806000.0,
        "Total Expenses": 704980000.0,
        "Total Operating Income As Reported": -207732000.0,
        "Diluted Average Shares": 318356000.0,
        "Basic Average Shares": 318356000.0,
        "Diluted EPS": -0.7,
        "Basic EPS": -0.7,
        "Diluted NI Availto Com Stockholders": -222806000.0,
        "Net Income Common Stockholders": -222806000.0,
        "Net Income": -222806000.0,
        "Minority Interests": NaN,
        "Net Income Including Noncontrolling Interests": -222806000.0,
        "Net Income Continuous Operations": -222806000.0,
        "Tax Provision": 3846000.0,
        "Pretax Income": -218960000.0,
        "Other Income Expense": -22920000.0,
        "Other Non Operating Income Expenses": -22920000.0,
        "Special Income Charges": NaN,
        "Write Off": NaN,
        "Gain On Sale Of Security": -23173000.0,
        "Net Non Operating Interest Income Expense": 11692000.0,
        "Interest Income Non Operating": 11692000.0,
        "Operating Income": -207732000.0,
        "Operating Expense": 531748000.0,
        "Research And Development": 183748000.0,
        "Selling General And Administration": 348000000.0,
        "Selling And Marketing Expense": 274645000.0,
        "General And Administrative Expense": 73355000.0,
        "Other Gand A": 73355000.0,
        "Gross Profit": 324016000.0,
        "Cost Of Revenue": 173232000.0,
        "Total Revenue": 497248000.0,
        "Operating Revenue": 497248000.0
    },
    "2022-04-30": {
        "Diluted EPS": -0.53,
        "Total Revenue": 422,
        "Gross Profit": 274,
        "Operating Income": -189,
        "EBIT": -157,
        "Net Income": -166
    },
    "2022-01-31": {
        "Diluted EPS": -0.41,
        "Total Revenue": 384,
        "Gross Profit": 250,
        "Operating Income": -152,
        "EBIT": -124,
        "Net Income": -132
    },
    "2021-10-31": {
        "Diluted EPS": -0.51,
        "Total Revenue": 334,
        "Gross Profit": 214,
        "Operating Income": -157,
        "EBIT": -130,
        "Net Income": -155
    },
    "2021-07-31": {
        "Diluted EPS": -0.64,
        "Total Revenue": 272,
        "Gross Profit": 166,
        "Operating Income": -200,
        "EBIT": -174,
        "Net Income": -190
    },
    "2021-04-30": {
        "Diluted EPS": -0.7,
        "Total Revenue": 229,
        "Gross Profit": 132,
        "Operating Income": -206,
        "EBIT": -180,
        "Net Income": -203
    },
    "2021-01-31": {
        "Diluted EPS": -0.7,
        "Total Revenue": 190,
        "Gross Profit": 108,
        "Operating Income": -200,
        "EBIT": -182,
        "Net Income": -199
    },
    "2020-10-31": {
        "Diluted EPS": -1.01,
        "Total Revenue": 160,
        "Gross Profit": 93,
        "Operating Income": -169,
        "EBIT": -159,
        "Net Income": -169
    },
    "2020-07-31": {
        "Diluted EPS": -1.31,
        "Total Revenue": 133,
        "Gross Profit": 83,
        "Operating Income": -78,
        "EBIT": -68,
        "Net Income": -78
    },
    "2020-04-30": {
        "Diluted EPS": -1.72,
        "Total Revenue": 109,
        "Gross Profit": 66,
        "Operating Income": -96,
        "EBIT": -88,
        "Net Income": -94
    },
    "2020-01-31": {
        "Diluted EPS": 0.0,
        "Total Revenue": NaN,
        "Gross Profit": NaN,
        "Operating Income": NaN,
        "EBIT": NaN,
        "Net Income": NaN
    },
    "2019-01-31": {
        "Diluted EPS": 0.0,
        "Total Revenue": NaN,
        "Gross Profit": NaN,
        "Operating Income": NaN,
        "EBIT": NaN,
        "Net Income": NaN
    },
    "2023-07-31": {
        "Tax Effect Of Unusual Items": NaN,
        "Tax Rate For Calcs": NaN,
        "Normalized EBITDA": NaN,
        "Total Unusual Items": NaN,
        "Total Unusual Items Excluding Goodwill": NaN,
        "Net Income From Continuing Operation Net Minority Interest": NaN,
        "Reconciled Depreciation": NaN,
        "Reconciled Cost Of Revenue": NaN,
        "EBITDA": NaN,
        "EBIT": NaN,
        "Net Interest Income": NaN,
        "Interest Expense": NaN,
        "Interest Income": NaN,
        "Normalized Income": NaN,
        "Net Income From Continuing And Discontinued Operation": NaN,
        "Total Expenses": NaN,
        "Total Operating Income As Reported": NaN,
        "Diluted Average Shares": NaN,
        "Basic Average Shares": NaN,
        "Diluted EPS": NaN,
        "Basic EPS": NaN,
        "Diluted NI Availto Com Stockholders": NaN,
        "Net Income Common Stockholders": NaN,
        "Net Income": NaN,
        "Minority Interests": NaN,
        "Net Income Including Noncontrolling Interests": NaN,
        "Net Income Continuous Operations": NaN,
        "Tax Provision": NaN,
        "Pretax Income": NaN,
        "Other Income Expense": NaN,
        "Other Non Operating Income Expenses": NaN,
        "Special Income Charges": -2101000.0,
        "Write Off": 2101000.0,
        "Gain On Sale Of Security": NaN,
        "Net Non Operating Interest Income Expense": NaN,
        "Interest Expense Non Operating": NaN,
        "Interest Income Non Operating": NaN,
        "Operating Income": NaN,
        "Operating Expense": NaN,
        "Research And Development": NaN,
        "Selling General And Administration": NaN,
        "Selling And Marketing Expense": NaN,
        "General And Administrative Expense": NaN,
        "Other Gand A": NaN,
        "Gross Profit": NaN,
        "Cost Of Revenue": NaN,
        "Total Revenue": NaN,
        "Operating Revenue": NaN
    },
    "2023-10-31": {
        "Tax Effect Of Unusual Items": NaN,
        "Tax Rate For Calcs": NaN,
        "Normalized EBITDA": NaN,
        "Total Unusual Items": NaN,
        "Total Unusual Items Excluding Goodwill": NaN,
        "Net Income From Continuing Operation Net Minority Interest": NaN,
        "Reconciled Depreciation": NaN,
        "Reconciled Cost Of Revenue": NaN,
        "EBITDA": NaN,
        "EBIT": NaN,
        "Net Interest Income": NaN,
        "Interest Expense": 0.0,
        "Interest Income": NaN,
        "Normalized Income": NaN,
        "Net Income From Continuing And Discontinued Operation": NaN,
        "Total Expenses": NaN,
        "Total Operating Income As Reported": NaN,
        "Diluted Average Shares": NaN,
        "Basic Average Shares": NaN,
        "Diluted EPS": NaN,
        "Basic EPS": NaN,
        "Diluted NI Availto Com Stockholders": NaN,
        "Net Income Common Stockholders": NaN,
        "Net Income": NaN,
        "Minority Interests": NaN,
        "Net Income Including Noncontrolling Interests": NaN,
        "Net Income Continuous Operations": NaN,
        "Tax Provision": NaN,
        "Pretax Income": NaN,
        "Other Income Expense": NaN,
        "Other Non Operating Income Expenses": NaN,
        "Special Income Charges": NaN,
        "Write Off": NaN,
        "Gain On Sale Of Security": NaN,
        "Net Non Operating Interest Income Expense": NaN,
        "Interest Expense Non Operating": 0.0,
        "Interest Income Non Operating": NaN,
        "Operating Income": NaN,
        "Operating Expense": NaN,
        "Research And Development": NaN,
        "Selling General And Administration": NaN,
        "Selling And Marketing Expense": NaN,
        "General And Administrative Expense": NaN,
        "Other Gand A": NaN,
        "Gross Profit": NaN,
        "Cost Of Revenue": NaN,
        "Total Revenue": NaN,
        "Operating Revenue": NaN
    },
    "2024-01-31": {
        "Tax Effect Of Unusual Items": NaN,
        "Tax Rate For Calcs": NaN,
        "Normalized EBITDA": NaN,
        "Total Unusual Items": NaN,
        "Total Unusual Items Excluding Goodwill": NaN,
        "Net Income From Continuing Operation Net Minority Interest": NaN,
        "Reconciled Depreciation": NaN,
        "Reconciled Cost Of Revenue": NaN,
        "EBITDA": NaN,
        "EBIT": NaN,
        "Net Interest Income": NaN,
        "Interest Expense": NaN,
        "Interest Income": NaN,
        "Normalized Income": NaN,
        "Net Income From Continuing And Discontinued Operation": NaN,
        "Total Expenses": NaN,
        "Total Operating Income As Reported": NaN,
        "Diluted Average Shares": 331079000.0,
        "Basic Average Shares": 331079000.0,
        "Diluted EPS": -0.51,
        "Basic EPS": -0.51,
        "Diluted NI Availto Com Stockholders": NaN,
        "Net Income Common Stockholders": NaN,
        "Net Income": NaN,
        "Minority Interests": NaN,
        "Net Income Including Noncontrolling Interests": NaN,
        "Net Income Continuous Operations": NaN,
        "Tax Provision": NaN,
        "Pretax Income": NaN,
        "Other Income Expense": NaN,
        "Other Non Operating Income Expenses": NaN,
        "Special Income Charges": NaN,
        "Write Off": NaN,
        "Gain On Sale Of Security": NaN,
        "Net Non Operating Interest Income Expense": NaN,
        "Interest Expense Non Operating": NaN,
        "Interest Income Non Operating": NaN,
        "Operating Income": NaN,
        "Operating Expense": NaN,
        "Research And Development": NaN,
        "Selling General And Administration": NaN,
        "Selling And Marketing Expense": NaN,
        "General And Administrative Expense": NaN,
        "Other Gand A": NaN,
        "Gross Profit": NaN,
        "Cost Of Revenue": NaN,
        "Total Revenue": NaN,
        "Operating Revenue": NaN
    },
    "2024-04-30": {
        "Tax Effect Of Unusual Items": NaN,
        "Tax Rate For Calcs": NaN,
        "Normalized EBITDA": NaN,
        "Total Unusual Items": NaN,
        "Total Unusual Items Excluding Goodwill": NaN,
        "Net Income From Continuing Operation Net Minority Interest": NaN,
        "Reconciled Depreciation": NaN,
        "Reconciled Cost Of Revenue": NaN,
        "EBITDA": NaN,
        "EBIT": NaN,
        "Net Interest Income": NaN,
        "Interest Expense": NaN,
        "Interest Income": NaN,
        "Normalized Income": NaN,
        "Net Income From Continuing And Discontinued Operation": NaN,
        "Total Expenses": NaN,
        "Total Operating Income As Reported": NaN,
        "Diluted Average Shares": 333584000.0,
        "Basic Average Shares": 333584000.0,
        "Diluted EPS": -0.95,
        "Basic EPS": -0.95,
        "Diluted NI Availto Com Stockholders": NaN,
        "Net Income Common Stockholders": NaN,
        "Net Income": NaN,
        "Minority Interests": NaN,
        "Net Income Including Noncontrolling Interests": NaN,
        "Net Income Continuous Operations": NaN,
        "Tax Provision": NaN,
        "Pretax Income": NaN,
        "Other Income Expense": NaN,
        "Other Non Operating Income Expenses": NaN,
        "Special Income Charges": NaN,
        "Write Off": NaN,
        "Gain On Sale Of Security": NaN,
        "Net Non Operating Interest Income Expense": NaN,
        "Interest Expense Non Operating": NaN,
        "Interest Income Non Operating": NaN,
        "Operating Income": NaN,
        "Operating Expense": NaN,
        "Research And Development": NaN,
        "Selling General And Administration": NaN,
        "Selling And Marketing Expense": NaN,
        "General And Administrative Expense": NaN,
        "Other Gand A": NaN,
        "Gross Profit": NaN,
        "Cost Of Revenue": NaN,
        "Total Revenue": NaN,
        "Operating Revenue": NaN
    },
    "2024-07-31": {
        "Tax Effect Of Unusual Items": -1366680.0,
        "Tax Rate For Calcs": 0.21,
        "Normalized EBITDA": -262365000.0,
        "Total Unusual Items": -6508000.0,
        "Total Unusual Items Excluding Goodwill": -6508000.0,
        "Net Income From Continuing Operation Net Minority Interest": -316899000.0,
        "Reconciled Depreciation": 45111000.0,
        "Reconciled Cost Of Revenue": 288078000.0,
        "EBITDA": -268873000.0,
        "EBIT": -313984000.0,
        "Net Interest Income": 49265000.0,
        "Interest Expense": 0.0,
        "Interest Income": 49265000.0,
        "Normalized Income": -311757680.0,
        "Net Income From Continuing And Discontinued Operation": -316899000.0,
        "Total Expenses": 1224126000.0,
        "Total Operating Income As Reported": -355303000.0,
        "Diluted Average Shares": NaN,
        "Basic Average Shares": NaN,
        "Diluted EPS": NaN,
        "Basic EPS": NaN,
        "Diluted NI Availto Com Stockholders": -316899000.0,
        "Net Income Common Stockholders": -316899000.0,
        "Net Income": -316899000.0,
        "Minority Interests": 871000.0,
        "Net Income Including Noncontrolling Interests": -317770000.0,
        "Net Income Continuous Operations": -317770000.0,
        "Tax Provision": 3786000.0,
        "Pretax Income": -313984000.0,
        "Other Income Expense": -7946000.0,
        "Other Non Operating Income Expenses": -1438000.0,
        "Special Income Charges": -7158000.0,
        "Write Off": 7158000.0,
        "Gain On Sale Of Security": 650000.0,
        "Net Non Operating Interest Income Expense": 49265000.0,
        "Interest Expense Non Operating": 0.0,
        "Interest Income Non Operating": 49265000.0,
        "Operating Income": -355303000.0,
        "Operating Expense": 936048000.0,
        "Research And Development": 437660000.0,
        "Selling General And Administration": 498388000.0,
        "Selling And Marketing Expense": 400625000.0,
        "General And Administrative Expense": 97763000.0,
        "Other Gand A": 97763000.0,
        "Gross Profit": 580745000.0,
        "Cost Of Revenue": 288078000.0,
        "Total Revenue": 868823000.0,
        "Operating Revenue": 868823000.0
    },
    "2024-10-31": {
        "Tax Effect Of Unusual Items": -1808310.0,
        "Tax Rate For Calcs": 0.21,
        "Normalized EBITDA": -269619000.0,
        "Total Unusual Items": -8611000.0,
        "Total Unusual Items Excluding Goodwill": -8611000.0,
        "Net Income From Continuing Operation Net Minority Interest": -324279000.0,
        "Reconciled Depreciation": 47046000.0,
        "Reconciled Cost Of Revenue": 320894000.0,
        "EBITDA": -278230000.0,
        "EBIT": -325276000.0,
        "Net Interest Income": 47966000.0,
        "Interest Expense": 689000.0,
        "Interest Income": 48655000.0,
        "Normalized Income": -317476310.0,
        "Net Income From Continuing And Discontinued Operation": -324279000.0,
        "Total Expenses": 1307551000.0,
        "Total Operating Income As Reported": -365457000.0,
        "Diluted Average Shares": 331761000.0,
        "Basic Average Shares": 331761000.0,
        "Diluted EPS": -0.98,
        "Basic EPS": -0.98,
        "Diluted NI Availto Com Stockholders": -324279000.0,
        "Net Income Common Stockholders": -324279000.0,
        "Net Income": -324279000.0,
        "Minority Interests": 3623000.0,
        "Net Income Including Noncontrolling Interests": -327902000.0,
        "Net Income Continuous Operations": -327902000.0,
        "Tax Provision": 1937000.0,
        "Pretax Income": -325965000.0,
        "Other Income Expense": -8474000.0,
        "Other Non Operating Income Expenses": 137000.0,
        "Special Income Charges": -5200000.0,
        "Write Off": 5200000.0,
        "Gain On Sale Of Security": -3411000.0,
        "Net Non Operating Interest Income Expense": 47966000.0,
        "Interest Expense Non Operating": 689000.0,
        "Interest Income Non Operating": 48655000.0,
        "Operating Income": -365457000.0,
        "Operating Expense": 986657000.0,
        "Research And Development": 442435000.0,
        "Selling General And Administration": 544222000.0,
        "Selling And Marketing Expense": 437962000.0,
        "General And Administrative Expense": 106260000.0,
        "Other Gand A": 106260000.0,
        "Gross Profit": 621200000.0,
        "Cost Of Revenue": 320894000.0,
        "Total Revenue": 942094000.0,
        "Operating Revenue": 942094000.0
    },
    "2025-01-31": {
        "Tax Effect Of Unusual Items": 57658.311494,
        "Tax Rate For Calcs": 0.013122,
        "Normalized EBITDA": -282249000.0,
        "Total Unusual Items": 4394000.0,
        "Total Unusual Items Excluding Goodwill": 4394000.0,
        "Net Income From Continuing Operation Net Minority Interest": -327474000.0,
        "Reconciled Depreciation": 50130000.0,
        "Reconciled Cost Of Revenue": 333184000.0,
        "EBITDA": -277855000.0,
        "EBIT": -327985000.0,
        "Net Interest Income": 54240000.0,
        "Interest Expense": 2070000.0,
        "Interest Income": 56310000.0,
        "Normalized Income": -331810341.688506,
        "Net Income From Continuing And Discontinued Operation": -327474000.0,
        "Total Expenses": 1373448000.0,
        "Total Operating Income As Reported": -386678000.0,
        "Diluted Average Shares": 331432000.0,
        "Basic Average Shares": 331432000.0,
        "Diluted EPS": -0.99,
        "Basic EPS": -0.99,
        "Diluted NI Availto Com Stockholders": -327474000.0,
        "Net Income Common Stockholders": -327474000.0,
        "Net Income": -327474000.0,
        "Minority Interests": -1750000.0,
        "Net Income Including Noncontrolling Interests": -325724000.0,
        "Net Income Continuous Operations": -325724000.0,
        "Tax Provision": -4331000.0,
        "Pretax Income": -330055000.0,
        "Other Income Expense": 2383000.0,
        "Other Non Operating Income Expenses": -2011000.0,
        "Special Income Charges": 0.0,
        "Write Off": 0.0,
        "Gain On Sale Of Security": 4394000.0,
        "Net Non Operating Interest Income Expense": 54240000.0,
        "Interest Expense Non Operating": 2070000.0,
        "Interest Income Non Operating": 56310000.0,
        "Operating Income": -386678000.0,
        "Operating Expense": 1040264000.0,
        "Research And Development": 492490000.0,
        "Selling General And Administration": 547774000.0,
        "Selling And Marketing Expense": 432683000.0,
        "General And Administrative Expense": 115091000.0,
        "Other Gand A": 115091000.0,
        "Gross Profit": 653586000.0,
        "Cost Of Revenue": 333184000.0,
        "Total Revenue": 986770000.0,
        "Operating Revenue": 986770000.0
    },
    "2025-04-30": {
        "Tax Effect Of Unusual Items": -6233850.0,
        "Tax Rate For Calcs": 0.21,
        "Normalized EBITDA": -343663000.0,
        "Total Unusual Items": -29685000.0,
        "Total Unusual Items Excluding Goodwill": -29685000.0,
        "Net Income From Continuing Operation Net Minority Interest": -430092000.0,
        "Reconciled Depreciation": 48804000.0,
        "Reconciled Cost Of Revenue": 348786000.0,
        "EBITDA": -373348000.0,
        "EBIT": -422152000.0,
        "Net Interest Income": 51092000.0,
        "Interest Expense": 2071000.0,
        "Interest Income": 53163000.0,
        "Normalized Income": -406640850.0,
        "Net Income From Continuing And Discontinued Operation": -430092000.0,
        "Total Expenses": 1489331000.0,
        "Total Operating Income As Reported": -447257000.0,
        "Diluted Average Shares": 332657000.0,
        "Basic Average Shares": 332657000.0,
        "Diluted EPS": -1.29,
        "Basic EPS": -1.29,
        "Diluted NI Availto Com Stockholders": -430092000.0,
        "Net Income Common Stockholders": -430092000.0,
        "Net Income": -430092000.0,
        "Minority Interests": -140000.0,
        "Net Income Including Noncontrolling Interests": -429952000.0,
        "Net Income Continuous Operations": -429952000.0,
        "Tax Provision": 5729000.0,
        "Pretax Income": -424223000.0,
        "Other Income Expense": -28058000.0,
        "Other Non Operating Income Expenses": 1627000.0,
        "Special Income Charges": -26521000.0,
        "Write Off": 26521000.0,
        "Gain On Sale Of Security": -3164000.0,
        "Net Non Operating Interest Income Expense": 51092000.0,
        "Interest Expense Non Operating": 2071000.0,
        "Interest Income Non Operating": 53163000.0,
        "Operating Income": -447257000.0,
        "Operating Expense": 1140545000.0,
        "Research And Development": 472404000.0,
        "Selling General And Administration": 668141000.0,
        "Selling And Marketing Expense": 458554000.0,
        "General And Administrative Expense": 209587000.0,
        "Other Gand A": 209587000.0,
        "Gross Profit": 693288000.0,
        "Cost Of Revenue": 348786000.0,
        "Total Revenue": 1042074000.0,
        "Operating Revenue": 1042074000.0
    },
    "2025-07-31": {
        "Tax Effect Of Unusual Items": 0.0,
        "Tax Rate For Calcs": 0.0,
        "Normalized EBITDA": -235377000.0,
        "Total Unusual Items": -5580000.0,
        "Total Unusual Items Excluding Goodwill": -5580000.0,
        "Net Income From Continuing Operation Net Minority Interest": -298017000.0,
        "Reconciled Depreciation": 54837000.0,
        "Reconciled Cost Of Revenue": 371815000.0,
        "EBITDA": -240957000.0,
        "EBIT": -295794000.0,
        "Net Interest Income": 47393000.0,
        "Interest Expense": 2074000.0,
        "Interest Income": 49467000.0,
        "Normalized Income": -292437000.0,
        "Net Income From Continuing And Discontinued Operation": -298017000.0,
        "Total Expenses": 1485245000.0,
        "Total Operating Income As Reported": -340276000.0,
        "Diluted Average Shares": 335215000.0,
        "Basic Average Shares": 335215000.0,
        "Diluted EPS": -0.89,
        "Basic EPS": -0.89,
        "Diluted NI Availto Com Stockholders": -298017000.0,
        "Net Income Common Stockholders": -298017000.0,
        "Net Income": -298017000.0,
        "Minority Interests": -87000.0,
        "Net Income Including Noncontrolling Interests": -297930000.0,
        "Net Income Continuous Operations": -297930000.0,
        "Tax Provision": 62000.0,
        "Pretax Income": -297868000.0,
        "Other Income Expense": -4985000.0,
        "Other Non Operating Income Expenses": 595000.0,
        "Special Income Charges": -5000000.0,
        "Write Off": 5000000.0,
        "Gain On Sale Of Security": -580000.0,
        "Net Non Operating Interest Income Expense": 47393000.0,
        "Interest Expense Non Operating": 2074000.0,
        "Interest Income Non Operating": 49467000.0,
        "Operating Income": -340276000.0,
        "Operating Expense": 1113430000.0,
        "Research And Development": 492003000.0,
        "Selling General And Administration": 621427000.0,
        "Selling And Marketing Expense": 501957000.0,
        "General And Administrative Expense": 119470000.0,
        "Other Gand A": 119470000.0,
        "Gross Profit": 773154000.0,
        "Cost Of Revenue": 371815000.0,
        "Total Revenue": 1144969000.0,
        "Operating Revenue": 1144969000.0
    },
    "2025-10-31": {
        "Tax Effect Of Unusual Items": -53550.0,
        "Tax Rate For Calcs": 0.21,
        "Normalized EBITDA": -227713000.0,
        "Total Unusual Items": -255000.0,
        "Total Unusual Items Excluding Goodwill": -255000.0,
        "Net Income From Continuing Operation Net Minority Interest": -293957000.0,
        "Reconciled Depreciation": 57878000.0,
        "Reconciled Cost Of Revenue": 390873000.0,
        "EBITDA": -227968000.0,
        "EBIT": -285846000.0,
        "Net Interest Income": 43406000.0,
        "Interest Expense": 2075000.0,
        "Interest Income": 45481000.0,
        "Normalized Income": -293755550.0,
        "Net Income From Continuing And Discontinued Operation": -293957000.0,
        "Total Expenses": 1542382000.0,
        "Total Operating Income As Reported": -329473000.0,
        "Diluted Average Shares": 339648000.0,
        "Basic Average Shares": 339648000.0,
        "Diluted EPS": -0.87,
        "Basic EPS": -0.87,
        "Diluted NI Availto Com Stockholders": -293957000.0,
        "Net Income Common Stockholders": -293957000.0,
        "Net Income": -293957000.0,
        "Minority Interests": -2354000.0,
        "Net Income Including Noncontrolling Interests": -291603000.0,
        "Net Income Continuous Operations": -291603000.0,
        "Tax Provision": 3682000.0,
        "Pretax Income": -287921000.0,
        "Other Income Expense": -1854000.0,
        "Other Non Operating Income Expenses": -1599000.0,
        "Special Income Charges": -500000.0,
        "Write Off": 500000.0,
        "Gain On Sale Of Security": 245000.0,
        "Net Non Operating Interest Income Expense": 43406000.0,
        "Interest Expense Non Operating": 2075000.0,
        "Interest Income Non Operating": 45481000.0,
        "Operating Income": -329473000.0,
        "Operating Expense": 1151509000.0,
        "Research And Development": 494027000.0,
        "Selling General And Administration": 657482000.0,
        "Selling And Marketing Expense": 550364000.0,
        "General And Administrative Expense": 107118000.0,
        "Other Gand A": 107118000.0,
        "Gross Profit": 822036000.0,
        "Cost Of Revenue": 390873000.0,
        "Total Revenue": 1212909000.0,
        "Operating Revenue": 1212909000.0
    }
}