{
    "2023-04-30": {
        "Tax Effect Of Unusual Items": NaN,
        "Tax Rate For Calcs": NaN,
        "Normalized EBITDA": NaN,
        "Total Unusual Items": NaN,
        "Total Unusual Items Excluding Goodwill": NaN,
        "Net Income From Continuing Operation Net Minority Interest": NaN,
        "Reconciled Depreciation": NaN,
        "Reconciled Cost Of Revenue": NaN,
        "EBITDA": NaN,
        "EBIT": NaN,
        "Net Interest Income": NaN,
        "Interest Expense": NaN,
        "Interest Income": NaN,
        "Normalized Income": NaN,
        "Net Income From Continuing And Discontinued Operation": NaN,
        "Total Expenses": NaN,
        "Total Operating Income As Reported": NaN,
        "Diluted Average Shares": NaN,
        "Basic Average Shares": NaN,
        "Diluted EPS": NaN,
        "Basic EPS": NaN,
        "Diluted NI Availto Com Stockholders": NaN,
        "Net Income Common Stockholders": NaN,
        "Net Income": NaN,
        "Minority Interests": NaN,
        "Net Income Including Noncontrolling Interests": NaN,
        "Net Income Discontinuous Operations": -2692000.0,
        "Net Income Continuous Operations": NaN,
        "Tax Provision": NaN,
        "Pretax Income": NaN,
        "Other Income Expense": NaN,
        "Other Non Operating Income Expenses": NaN,
        "Special Income Charges": NaN,
        "Gain On Sale Of Business": NaN,
        "Restructuring And Mergern Acquisition": NaN,
        "Gain On Sale Of Security": NaN,
        "Net Non Operating Interest Income Expense": NaN,
        "Interest Expense Non Operating": NaN,
        "Interest Income Non Operating": NaN,
        "Operating Income": NaN,
        "Operating Expense": NaN,
        "Depreciation Amortization Depletion Income Statement": NaN,
        "Depreciation And Amortization In Income Statement": NaN,
        "Amortization": NaN,
        "Amortization Of Intangibles Income Statement": NaN,
        "Research And Development": NaN,
        "Selling General And Administration": NaN,
        "Selling And Marketing Expense": NaN,
        "General And Administrative Expense": NaN,
        "Other Gand A": NaN,
        "Salaries And Wages": NaN,
        "Gross Profit": NaN,
        "Cost Of Revenue": NaN,
        "Total Revenue": NaN,
        "Operating Revenue": NaN
    },
    "2023-01-31": {
        "Tax Effect Of Unusual Items": NaN,
        "Tax Rate For Calcs": NaN,
        "Normalized EBITDA": NaN,
        "Total Unusual Items": NaN,
        "Total Unusual Items Excluding Goodwill": NaN,
        "Net Income From Continuing Operation Net Minority Interest": NaN,
        "Reconciled Depreciation": NaN,
        "Reconciled Cost Of Revenue": NaN,
        "EBITDA": NaN,
        "EBIT": NaN,
        "Net Interest Income": NaN,
        "Interest Expense": NaN,
        "Interest Income": NaN,
        "Normalized Income": NaN,
        "Net Income From Continuing And Discontinued Operation": NaN,
        "Total Expenses": NaN,
        "Total Operating Income As Reported": NaN,
        "Diluted Average Shares": NaN,
        "Basic Average Shares": NaN,
        "Diluted EPS": NaN,
        "Basic EPS": NaN,
        "Diluted NI Availto Com Stockholders": NaN,
        "Net Income Common Stockholders": NaN,
        "Net Income": NaN,
        "Minority Interests": NaN,
        "Net Income Including Noncontrolling Interests": NaN,
        "Net Income Discontinuous Operations": NaN,
        "Net Income Continuous Operations": NaN,
        "Tax Provision": NaN,
        "Pretax Income": NaN,
        "Other Income Expense": NaN,
        "Other Non Operating Income Expenses": NaN,
        "Special Income Charges": NaN,
        "Gain On Sale Of Business": 0.0,
        "Restructuring And Mergern Acquisition": NaN,
        "Gain On Sale Of Security": NaN,
        "Net Non Operating Interest Income Expense": NaN,
        "Interest Expense Non Operating": NaN,
        "Interest Income Non Operating": NaN,
        "Operating Income": NaN,
        "Operating Expense": NaN,
        "Depreciation Amortization Depletion Income Statement": NaN,
        "Depreciation And Amortization In Income Statement": NaN,
        "Amortization": NaN,
        "Amortization Of Intangibles Income Statement": NaN,
        "Research And Development": NaN,
        "Selling General And Administration": NaN,
        "Selling And Marketing Expense": NaN,
        "General And Administrative Expense": NaN,
        "Other Gand A": NaN,
        "Salaries And Wages": NaN,
        "Gross Profit": NaN,
        "Cost Of Revenue": NaN,
        "Total Revenue": NaN,
        "Operating Revenue": NaN
    },
    "2022-10-31": {
        "Tax Effect Of Unusual Items": 354644.692616,
        "Tax Rate For Calcs": 0.285543,
        "Normalized EBITDA": 269943000.0,
        "Total Unusual Items": 1242000.0,
        "Total Unusual Items Excluding Goodwill": 1242000.0,
        "Net Income From Continuing Operation Net Minority Interest": 153500000.0,
        "Reconciled Depreciation": 58697000.0,
        "Reconciled Cost Of Revenue": 230742000.0,
        "EBITDA": 271185000.0,
        "EBIT": 212488000.0,
        "Net Interest Income": 3310000.0,
        "Interest Expense": 359000.0,
        "Interest Income": 3669000.0,
        "Normalized Income": 152612644.692616,
        "Net Income From Continuing And Discontinued Operation": 153500000.0,
        "Total Expenses": 1066919000.0,
        "Total Operating Income As Reported": 217373000.0,
        "Diluted Average Shares": 155749000.0,
        "Basic Average Shares": 152761000.0,
        "Diluted EPS": 0.99,
        "Basic EPS": 1.0,
        "Diluted NI Availto Com Stockholders": 153500000.0,
        "Net Income Common Stockholders": 153500000.0,
        "Net Income": 153500000.0,
        "Minority Interests": 1943000.0,
        "Net Income Including Noncontrolling Interests": 151557000.0,
        "Net Income Continuous Operations": 151557000.0,
        "Tax Provision": 60572000.0,
        "Pretax Income": 212129000.0,
        "Other Income Expense": -8554000.0,
        "Other Non Operating Income Expenses": -9796000.0,
        "Special Income Charges": 0.0,
        "Restructuring And Mergern Acquisition": 0.0,
        "Gain On Sale Of Security": 1242000.0,
        "Net Non Operating Interest Income Expense": 3310000.0,
        "Interest Expense Non Operating": 359000.0,
        "Interest Income Non Operating": 3669000.0,
        "Operating Income": 217373000.0,
        "Operating Expense": 784198000.0,
        "Depreciation Amortization Depletion Income Statement": 6718000.0,
        "Depreciation And Amortization In Income Statement": 6718000.0,
        "Amortization": 6718000.0,
        "Amortization Of Intangibles Income Statement": 6718000.0,
        "Research And Development": 461618000.0,
        "Selling General And Administration": 315862000.0,
        "Selling And Marketing Expense": 208448000.0,
        "General And Administrative Expense": 107414000.0,
        "Other Gand A": 107414000.0,
        "Salaries And Wages": NaN,
        "Gross Profit": 1001571000.0,
        "Cost Of Revenue": 282721000.0,
        "Total Revenue": 1284292000.0,
        "Operating Revenue": 1284292000.0
    },
    "2022-07-31": {
        "Tax Effect Of Unusual Items": 0.0,
        "Tax Rate For Calcs": 0.070691,
        "Normalized EBITDA": 291674000.0,
        "Total Unusual Items": 0.0,
        "Total Unusual Items Excluding Goodwill": 0.0,
        "Net Income From Continuing Operation Net Minority Interest": 222626000.0,
        "Reconciled Depreciation": 57746000.0,
        "Reconciled Cost Of Revenue": 220559000.0,
        "EBITDA": 291674000.0,
        "EBIT": 233928000.0,
        "Net Interest Income": 2296000.0,
        "Interest Expense": 439000.0,
        "Interest Income": 2735000.0,
        "Normalized Income": 222626000.0,
        "Net Income From Continuing And Discontinued Operation": 222626000.0,
        "Total Expenses": 1013838000.0,
        "Total Operating Income As Reported": 233928000.0,
        "Diluted Average Shares": 155806000.0,
        "Basic Average Shares": 152938000.0,
        "Diluted EPS": 1.43,
        "Basic EPS": 1.46,
        "Diluted NI Availto Com Stockholders": 222626000.0,
        "Net Income Common Stockholders": 222626000.0,
        "Net Income": 222626000.0,
        "Minority Interests": 2980000.0,
        "Net Income Including Noncontrolling Interests": 219646000.0,
        "Net Income Continuous Operations": 219646000.0,
        "Tax Provision": 16708000.0,
        "Pretax Income": 236354000.0,
        "Other Income Expense": 2426000.0,
        "Other Non Operating Income Expenses": 2426000.0,
        "Special Income Charges": 0.0,
        "Restructuring And Mergern Acquisition": 0.0,
        "Gain On Sale Of Security": -376000.0,
        "Net Non Operating Interest Income Expense": 2296000.0,
        "Interest Expense Non Operating": 439000.0,
        "Interest Income Non Operating": 2735000.0,
        "Operating Income": 233928000.0,
        "Operating Expense": 742657000.0,
        "Depreciation Amortization Depletion Income Statement": 7124000.0,
        "Depreciation And Amortization In Income Statement": 7124000.0,
        "Amortization": 7124000.0,
        "Amortization Of Intangibles Income Statement": 7124000.0,
        "Research And Development": 444826000.0,
        "Selling General And Administration": 290707000.0,
        "Selling And Marketing Expense": 199246000.0,
        "General And Administrative Expense": 91461000.0,
        "Other Gand A": 91461000.0,
        "Salaries And Wages": NaN,
        "Gross Profit": 976585000.0,
        "Cost Of Revenue": 271181000.0,
        "Total Revenue": 1247766000.0,
        "Operating Revenue": 1247766000.0
    },
    "2022-04-30": {
        "Diluted EPS": 1.89,
        "Total Revenue": NaN,
        "Gross Profit": NaN,
        "Operating Income": 364,
        "EBIT": 432,
        "Net Income": 295
    },
    "2022-01-31": {
        "Diluted EPS": 1.99,
        "Total Revenue": NaN,
        "Gross Profit": NaN,
        "Operating Income": 347,
        "EBIT": 425,
        "Net Income": 314
    },
    "2021-10-31": {
        "Diluted EPS": 1.27,
        "Total Revenue": NaN,
        "Gross Profit": 918,
        "Operating Income": 190,
        "EBIT": 260,
        "Net Income": 201
    },
    "2021-07-31": {
        "Diluted EPS": 1.27,
        "Total Revenue": NaN,
        "Gross Profit": 852,
        "Operating Income": 202,
        "EBIT": 270,
        "Net Income": 199
    },
    "2021-04-30": {
        "Diluted EPS": 1.24,
        "Total Revenue": NaN,
        "Gross Profit": 810,
        "Operating Income": 194,
        "EBIT": 259,
        "Net Income": 195
    },
    "2021-01-31": {
        "Diluted EPS": 1.03,
        "Total Revenue": 970,
        "Gross Profit": 762,
        "Operating Income": 148,
        "EBIT": 214,
        "Net Income": 162
    },
    "2020-10-31": {
        "Diluted EPS": 1.27,
        "Total Revenue": NaN,
        "Gross Profit": 801,
        "Operating Income": 196,
        "EBIT": 263,
        "Net Income": 197
    },
    "2020-07-31": {
        "Diluted EPS": 1.62,
        "Total Revenue": 964,
        "Gross Profit": 771,
        "Operating Income": 211,
        "EBIT": 281,
        "Net Income": 253
    },
    "2020-04-30": {
        "Diluted EPS": 0.71,
        "Total Revenue": 861,
        "Gross Profit": 677,
        "Operating Income": 126,
        "EBIT": 193,
        "Net Income": 110
    },
    "2020-01-31": {
        "Diluted EPS": 0.67,
        "Total Revenue": 834,
        "Gross Profit": 642,
        "Operating Income": 88,
        "EBIT": 154,
        "Net Income": 104
    },
    "2019-10-31": {
        "Diluted EPS": 1.02,
        "Total Revenue": 851,
        "Gross Profit": 668,
        "Operating Income": 130,
        "EBIT": 196,
        "Net Income": 161
    },
    "2019-07-31": {
        "Diluted EPS": 0.65,
        "Total Revenue": 853,
        "Gross Profit": 666,
        "Operating Income": 128,
        "EBIT": 195,
        "Net Income": 100
    },
    "2019-04-30": {
        "Diluted EPS": 0.77,
        "Total Revenue": 836,
        "Gross Profit": 646,
        "Operating Income": 116,
        "EBIT": 182,
        "Net Income": 118
    },
    "2019-01-31": {
        "Diluted EPS": 1.01,
        "Total Revenue": 820,
        "Gross Profit": 628,
        "Operating Income": 147,
        "EBIT": 212,
        "Net Income": 154
    },
    "2018-10-31": {
        "Diluted EPS": 1.65,
        "Total Revenue": 795,
        "Gross Profit": 605,
        "Operating Income": 62,
        "EBIT": 120,
        "Net Income": 254
    },
    "2018-07-31": {
        "Diluted EPS": 0.52,
        "Total Revenue": 780,
        "Gross Profit": 594,
        "Operating Income": 64,
        "EBIT": 117,
        "Net Income": 79
    },
    "2018-04-30": {
        "Diluted EPS": 0.67,
        "Total Revenue": 777,
        "Gross Profit": 598,
        "Operating Income": 127,
        "EBIT": 180,
        "Net Income": 102
    },
    "2018-01-31": {
        "Diluted EPS": -0.02,
        "Total Revenue": 769,
        "Gross Profit": 588,
        "Operating Income": 108,
        "EBIT": 152,
        "Net Income": -4
    },
    "2017-10-31": {
        "Diluted EPS": -0.77,
        "Total Revenue": 697,
        "Gross Profit": 530,
        "Operating Income": 92,
        "EBIT": 137,
        "Net Income": -120
    },
    "2017-07-31": {
        "Diluted EPS": 0.75,
        "Total Revenue": 695,
        "Gross Profit": 526,
        "Operating Income": 105,
        "EBIT": 152,
        "Net Income": 117
    },
    "2017-04-30": {
        "Diluted EPS": 0.34,
        "Total Revenue": 680,
        "Gross Profit": 518,
        "Operating Income": 54,
        "EBIT": 101,
        "Net Income": 53
    },
    "2017-01-31": {
        "Diluted EPS": 0.56,
        "Total Revenue": 653,
        "Gross Profit": 497,
        "Operating Income": 97,
        "EBIT": 146,
        "Net Income": 87
    },
    "2016-10-31": {
        "Diluted EPS": 0.47,
        "Total Revenue": 634,
        "Gross Profit": 492,
        "Operating Income": 83,
        "EBIT": 132,
        "Net Income": 73
    },
    "2016-07-31": {
        "Diluted EPS": 0.42,
        "Total Revenue": 615,
        "Gross Profit": 476,
        "Operating Income": 77,
        "EBIT": 127,
        "Net Income": 65
    },
    "2016-04-30": {
        "Diluted EPS": 0.45,
        "Total Revenue": 605,
        "Gross Profit": 473,
        "Operating Income": 87,
        "EBIT": 138,
        "Net Income": 69
    },
    "2016-01-31": {
        "Diluted EPS": 0.39,
        "Total Revenue": 569,
        "Gross Profit": 439,
        "Operating Income": 71,
        "EBIT": 128,
        "Net Income": 60
    },
    "2015-10-31": {
        "Diluted EPS": 0.32,
        "Total Revenue": 587,
        "Gross Profit": 447,
        "Operating Income": 58,
        "EBIT": 115,
        "Net Income": 50
    },
    "2015-07-31": {
        "Diluted EPS": 0.35,
        "Total Revenue": 556,
        "Gross Profit": 426,
        "Operating Income": 61,
        "EBIT": 114,
        "Net Income": 55
    },
    "2015-04-30": {
        "Diluted EPS": 0.35,
        "Total Revenue": 557,
        "Gross Profit": 432,
        "Operating Income": 76,
        "EBIT": 127,
        "Net Income": 56
    },
    "2015-01-31": {
        "Diluted EPS": 0.41,
        "Total Revenue": 542,
        "Gross Profit": 417,
        "Operating Income": 71,
        "EBIT": 122,
        "Net Income": 65
    },
    "2014-10-31": {
        "Diluted EPS": 0.39,
        "Total Revenue": 539,
        "Gross Profit": 418,
        "Operating Income": 58,
        "EBIT": 110,
        "Net Income": 62
    },
    "2014-07-31": {
        "Diluted EPS": 0.42,
        "Total Revenue": 522,
        "Gross Profit": 406,
        "Operating Income": 67,
        "EBIT": 116,
        "Net Income": 66
    },
    "2014-04-30": {
        "Diluted EPS": 0.4,
        "Total Revenue": 518,
        "Gross Profit": 404,
        "Operating Income": 64,
        "EBIT": 112,
        "Net Income": 63
    },
    "2014-01-31": {
        "Diluted EPS": 0.43,
        "Total Revenue": 479,
        "Gross Profit": 373,
        "Operating Income": 60,
        "EBIT": 104,
        "Net Income": 68
    },
    "2013-10-31": {
        "Diluted EPS": 0.36,
        "Total Revenue": 505,
        "Gross Profit": 386,
        "Operating Income": 51,
        "EBIT": 97,
        "Net Income": 57
    },
    "2013-07-31": {
        "Diluted EPS": 0.33,
        "Total Revenue": 483,
        "Gross Profit": 367,
        "Operating Income": 55,
        "EBIT": 103,
        "Net Income": 52
    },
    "2013-04-30": {
        "Diluted EPS": 0.44,
        "Total Revenue": 499,
        "Gross Profit": 392,
        "Operating Income": 80,
        "EBIT": 127,
        "Net Income": 69
    },
    "2013-01-31": {
        "Diluted EPS": 0.45,
        "Total Revenue": 475,
        "Gross Profit": 364,
        "Operating Income": 61,
        "EBIT": 108,
        "Net Income": 70
    },
    "2012-10-31": {
        "Diluted EPS": 0.18,
        "Total Revenue": 454,
        "Gross Profit": 352,
        "Operating Income": 39,
        "EBIT": 81,
        "Net Income": 29
    },
    "2012-07-31": {
        "Diluted EPS": 0.5,
        "Total Revenue": 444,
        "Gross Profit": 344,
        "Operating Income": 63,
        "EBIT": 104,
        "Net Income": 76
    },
    "2012-04-30": {
        "Diluted EPS": 0.14,
        "Total Revenue": 433,
        "Gross Profit": 332,
        "Operating Income": 17,
        "EBIT": 60,
        "Net Income": 21
    },
    "2012-01-31": {
        "Diluted EPS": 0.39,
        "Total Revenue": 425,
        "Gross Profit": 336,
        "Operating Income": 70,
        "EBIT": 102,
        "Net Income": 57
    },
    "2011-10-31": {
        "Diluted EPS": 0.28,
        "Total Revenue": 391,
        "Gross Profit": 305,
        "Operating Income": 56,
        "EBIT": 88,
        "Net Income": 40
    },
    "2011-07-31": {
        "Diluted EPS": 0.35,
        "Total Revenue": 387,
        "Gross Profit": 302,
        "Operating Income": 58,
        "EBIT": 90,
        "Net Income": 52
    },
    "2011-04-30": {
        "Diluted EPS": 0.53,
        "Total Revenue": 394,
        "Gross Profit": 308,
        "Operating Income": 52,
        "EBIT": 85,
        "Net Income": 81
    },
    "2011-01-31": {
        "Diluted EPS": 0.31,
        "Total Revenue": 365,
        "Gross Profit": 280,
        "Operating Income": 47,
        "EBIT": 78,
        "Net Income": 48
    },
    "2010-10-31": {
        "Diluted EPS": 0.16,
        "Total Revenue": 375,
        "Gross Profit": 296,
        "Operating Income": 33,
        "EBIT": 63,
        "Net Income": 25
    },
    "2010-07-31": {
        "Diluted EPS": 0.26,
        "Total Revenue": 337,
        "Gross Profit": 270,
        "Operating Income": 51,
        "EBIT": 72,
        "Net Income": 39
    },
    "2010-04-30": {
        "Diluted EPS": 0.26,
        "Total Revenue": 338,
        "Gross Profit": 269,
        "Operating Income": 45,
        "EBIT": 70,
        "Net Income": 40
    },
    "2010-01-31": {
        "Diluted EPS": 0.88,
        "Total Revenue": 330,
        "Gross Profit": 265,
        "Operating Income": 55,
        "EBIT": 81,
        "Net Income": 133
    },
    "2009-10-31": {
        "Diluted EPS": 0.13,
        "Total Revenue": 338,
        "Gross Profit": 265,
        "Operating Income": 25,
        "EBIT": 52,
        "Net Income": 20
    },
    "2009-07-31": {
        "Diluted EPS": 0.32,
        "Total Revenue": 345,
        "Gross Profit": 275,
        "Operating Income": 61,
        "EBIT": 86,
        "Net Income": 47
    },
    "2009-04-30": {
        "Diluted EPS": 0.33,
        "Total Revenue": 337,
        "Gross Profit": 272,
        "Operating Income": 55,
        "EBIT": 79,
        "Net Income": 48
    },
    "2009-01-31": {
        "Diluted EPS": 0.37,
        "Total Revenue": 340,
        "Gross Profit": 274,
        "Operating Income": 68,
        "EBIT": 93,
        "Net Income": 52
    },
    "2023-07-31": {
        "Tax Effect Of Unusual Items": NaN,
        "Tax Rate For Calcs": NaN,
        "Normalized EBITDA": NaN,
        "Total Unusual Items": NaN,
        "Total Unusual Items Excluding Goodwill": NaN,
        "Net Income From Continuing Operation Net Minority Interest": NaN,
        "Reconciled Depreciation": NaN,
        "Reconciled Cost Of Revenue": NaN,
        "EBITDA": NaN,
        "EBIT": NaN,
        "Net Interest Income": NaN,
        "Interest Expense": NaN,
        "Interest Income": NaN,
        "Normalized Income": NaN,
        "Net Income From Continuing And Discontinued Operation": NaN,
        "Total Expenses": NaN,
        "Total Operating Income As Reported": NaN,
        "Diluted Average Shares": NaN,
        "Basic Average Shares": NaN,
        "Diluted EPS": NaN,
        "Basic EPS": NaN,
        "Diluted NI Availto Com Stockholders": NaN,
        "Net Income Common Stockholders": NaN,
        "Net Income": NaN,
        "Minority Interests": NaN,
        "Net Income Including Noncontrolling Interests": NaN,
        "Net Income Discontinuous Operations": NaN,
        "Net Income Continuous Operations": NaN,
        "Tax Provision": NaN,
        "Pretax Income": NaN,
        "Other Income Expense": NaN,
        "Other Non Operating Income Expenses": NaN,
        "Special Income Charges": NaN,
        "Gain On Sale Of Business": NaN,
        "Restructuring And Mergern Acquisition": NaN,
        "Gain On Sale Of Security": NaN,
        "Net Non Operating Interest Income Expense": NaN,
        "Interest Expense Non Operating": NaN,
        "Interest Income Non Operating": NaN,
        "Operating Income": NaN,
        "Operating Expense": NaN,
        "Depreciation Amortization Depletion Income Statement": NaN,
        "Depreciation And Amortization In Income Statement": NaN,
        "Amortization": NaN,
        "Amortization Of Intangibles Income Statement": NaN,
        "Research And Development": NaN,
        "Selling General And Administration": NaN,
        "Selling And Marketing Expense": NaN,
        "General And Administrative Expense": NaN,
        "Other Gand A": NaN,
        "Salaries And Wages": 44213000.0,
        "Gross Profit": NaN,
        "Cost Of Revenue": NaN,
        "Total Revenue": NaN,
        "Operating Revenue": NaN
    },
    "2023-10-31": {
        "Tax Effect Of Unusual Items": NaN,
        "Tax Rate For Calcs": NaN,
        "Normalized EBITDA": NaN,
        "Total Unusual Items": NaN,
        "Total Unusual Items Excluding Goodwill": NaN,
        "Net Income From Continuing Operation Net Minority Interest": NaN,
        "Reconciled Depreciation": NaN,
        "Reconciled Cost Of Revenue": NaN,
        "EBITDA": NaN,
        "EBIT": NaN,
        "Net Interest Income": NaN,
        "Interest Expense": NaN,
        "Interest Income": NaN,
        "Normalized Income": NaN,
        "Net Income From Continuing And Discontinued Operation": NaN,
        "Total Expenses": NaN,
        "Total Operating Income As Reported": NaN,
        "Diluted Average Shares": NaN,
        "Basic Average Shares": NaN,
        "Diluted EPS": NaN,
        "Basic EPS": NaN,
        "Diluted NI Availto Com Stockholders": NaN,
        "Net Income Common Stockholders": NaN,
        "Net Income": NaN,
        "Minority Interests": NaN,
        "Net Income Including Noncontrolling Interests": NaN,
        "Net Income Discontinuous Operations": NaN,
        "Net Income Continuous Operations": NaN,
        "Tax Provision": NaN,
        "Pretax Income": NaN,
        "Other Income Expense": NaN,
        "Other Non Operating Income Expenses": NaN,
        "Special Income Charges": NaN,
        "Gain On Sale Of Business": NaN,
        "Restructuring And Mergern Acquisition": -1382000.0,
        "Gain On Sale Of Security": NaN,
        "Net Non Operating Interest Income Expense": NaN,
        "Interest Expense Non Operating": NaN,
        "Interest Income Non Operating": NaN,
        "Operating Income": NaN,
        "Operating Expense": NaN,
        "Depreciation Amortization Depletion Income Statement": NaN,
        "Depreciation And Amortization In Income Statement": NaN,
        "Amortization": NaN,
        "Amortization Of Intangibles Income Statement": NaN,
        "Research And Development": NaN,
        "Selling General And Administration": NaN,
        "Selling And Marketing Expense": NaN,
        "General And Administrative Expense": NaN,
        "Other Gand A": NaN,
        "Gross Profit": NaN,
        "Cost Of Revenue": NaN,
        "Total Revenue": NaN,
        "Operating Revenue": NaN
    },
    "2024-01-31": {
        "Tax Effect Of Unusual Items": 2922100.0,
        "Tax Rate For Calcs": 0.05,
        "Normalized EBITDA": 463224000.0,
        "Total Unusual Items": 58442000.0,
        "Total Unusual Items Excluding Goodwill": 58442000.0,
        "Net Income From Continuing Operation Net Minority Interest": 437450000.0,
        "Reconciled Depreciation": 62888000.0,
        "Reconciled Cost Of Revenue": 219834000.0,
        "EBITDA": 521666000.0,
        "EBIT": 458778000.0,
        "Net Interest Income": 51271000.0,
        "Interest Expense": 1324000.0,
        "Interest Income": 52595000.0,
        "Normalized Income": 381930100.0,
        "Net Income From Continuing And Discontinued Operation": 449112000.0,
        "Total Expenses": 1158363000.0,
        "Total Operating Income As Reported": 352626000.0,
        "Diluted Average Shares": 155334000.0,
        "Basic Average Shares": 152311000.0,
        "Diluted EPS": 2.89,
        "Basic EPS": 2.95,
        "Diluted NI Availto Com Stockholders": 449112000.0,
        "Net Income Common Stockholders": 449112000.0,
        "Net Income": 449112000.0,
        "Minority Interests": 2905000.0,
        "Net Income Including Noncontrolling Interests": NaN,
        "Net Income Discontinuous Operations": 11662000.0,
        "Net Income Continuous Operations": 434545000.0,
        "Tax Provision": 22909000.0,
        "Pretax Income": 457454000.0,
        "Other Income Expense": 53557000.0,
        "Other Non Operating Income Expenses": -4885000.0,
        "Special Income Charges": NaN,
        "Gain On Sale Of Business": 55077000.0,
        "Restructuring And Mergern Acquisition": 0.0,
        "Gain On Sale Of Security": 3365000.0,
        "Net Non Operating Interest Income Expense": 51271000.0,
        "Interest Expense Non Operating": 1324000.0,
        "Interest Income Non Operating": 52595000.0,
        "Operating Income": 352626000.0,
        "Operating Expense": 879170000.0,
        "Depreciation Amortization Depletion Income Statement": 3529000.0,
        "Depreciation And Amortization In Income Statement": 3529000.0,
        "Amortization": 3529000.0,
        "Amortization Of Intangibles Income Statement": 3529000.0,
        "Research And Development": 525534000.0,
        "Selling General And Administration": 350107000.0,
        "Selling And Marketing Expense": 218843000.0,
        "General And Administrative Expense": 131264000.0,
        "Other Gand A": 131264000.0,
        "Gross Profit": 1231796000.0,
        "Cost Of Revenue": 279193000.0,
        "Total Revenue": 1510989000.0,
        "Operating Revenue": 1510989000.0
    },
    "2024-04-30": {
        "Tax Effect Of Unusual Items": -34181.0,
        "Tax Rate For Calcs": 0.133,
        "Normalized EBITDA": 409118000.0,
        "Total Unusual Items": -257000.0,
        "Total Unusual Items Excluding Goodwill": -257000.0,
        "Net Income From Continuing Operation Net Minority Interest": 299111000.0,
        "Reconciled Depreciation": 60998000.0,
        "Reconciled Cost Of Revenue": 243960000.0,
        "EBITDA": 408861000.0,
        "EBIT": 347863000.0,
        "Net Interest Income": 16358000.0,
        "Interest Expense": 6333000.0,
        "Interest Income": 22691000.0,
        "Normalized Income": 299333819.0,
        "Net Income From Continuing And Discontinued Operation": 292107000.0,
        "Total Expenses": 1122640000.0,
        "Total Operating Income As Reported": 332072000.0,
        "Diluted Average Shares": 155770000.0,
        "Basic Average Shares": 152971000.0,
        "Diluted EPS": 1.88,
        "Basic EPS": 1.91,
        "Diluted NI Availto Com Stockholders": 292107000.0,
        "Net Income Common Stockholders": 292107000.0,
        "Net Income": 292107000.0,
        "Minority Interests": 3018000.0,
        "Net Income Including Noncontrolling Interests": 289089000.0,
        "Net Income Discontinuous Operations": -7004000.0,
        "Net Income Continuous Operations": 296093000.0,
        "Tax Provision": 45437000.0,
        "Pretax Income": 341530000.0,
        "Other Income Expense": -6900000.0,
        "Other Non Operating Income Expenses": -6643000.0,
        "Special Income Charges": 0.0,
        "Gain On Sale Of Business": 0.0,
        "Restructuring And Mergern Acquisition": 0.0,
        "Gain On Sale Of Security": -257000.0,
        "Net Non Operating Interest Income Expense": 16358000.0,
        "Interest Expense Non Operating": 6333000.0,
        "Interest Income Non Operating": 22691000.0,
        "Operating Income": 332072000.0,
        "Operating Expense": 822243000.0,
        "Depreciation Amortization Depletion Income Statement": 4561000.0,
        "Depreciation And Amortization In Income Statement": 4561000.0,
        "Amortization": 4561000.0,
        "Amortization Of Intangibles Income Statement": 4561000.0,
        "Research And Development": 493136000.0,
        "Selling General And Administration": 324546000.0,
        "Selling And Marketing Expense": 209783000.0,
        "General And Administrative Expense": 114763000.0,
        "Other Gand A": 114763000.0,
        "Gross Profit": 1154315000.0,
        "Cost Of Revenue": 300397000.0,
        "Total Revenue": 1454712000.0,
        "Operating Revenue": 1454712000.0
    },
    "2024-07-31": {
        "Tax Effect Of Unusual Items": 69090.0,
        "Tax Rate For Calcs": 0.21,
        "Normalized EBITDA": 459681000.0,
        "Total Unusual Items": 329000.0,
        "Total Unusual Items Excluding Goodwill": 329000.0,
        "Net Income From Continuing Operation Net Minority Interest": 425868000.0,
        "Reconciled Depreciation": 56263000.0,
        "Reconciled Cost Of Revenue": 238475000.0,
        "EBITDA": 460010000.0,
        "EBIT": 403747000.0,
        "Net Interest Income": 29745000.0,
        "Interest Expense": 11752000.0,
        "Interest Income": 41497000.0,
        "Normalized Income": 425608090.0,
        "Net Income From Continuing And Discontinued Operation": 408055000.0,
        "Total Expenses": 1165538000.0,
        "Total Operating Income As Reported": 360211000.0,
        "Diluted Average Shares": 156131000.0,
        "Basic Average Shares": 153417000.0,
        "Diluted EPS": 2.61,
        "Basic EPS": 2.66,
        "Diluted NI Availto Com Stockholders": 408055000.0,
        "Net Income Common Stockholders": 408055000.0,
        "Net Income": 408055000.0,
        "Minority Interests": 3161000.0,
        "Net Income Including Noncontrolling Interests": 404894000.0,
        "Net Income Discontinuous Operations": -17813000.0,
        "Net Income Continuous Operations": 422707000.0,
        "Tax Provision": -30712000.0,
        "Pretax Income": 391995000.0,
        "Other Income Expense": 2039000.0,
        "Other Non Operating Income Expenses": 1710000.0,
        "Special Income Charges": 0.0,
        "Gain On Sale Of Business": 0.0,
        "Restructuring And Mergern Acquisition": 0.0,
        "Gain On Sale Of Security": 329000.0,
        "Net Non Operating Interest Income Expense": 29745000.0,
        "Interest Expense Non Operating": 11752000.0,
        "Interest Income Non Operating": 41497000.0,
        "Operating Income": 360211000.0,
        "Operating Expense": 874862000.0,
        "Depreciation Amortization Depletion Income Statement": 4062000.0,
        "Depreciation And Amortization In Income Statement": 4062000.0,
        "Amortization": 4062000.0,
        "Amortization Of Intangibles Income Statement": 4062000.0,
        "Research And Development": 508872000.0,
        "Selling General And Administration": 361928000.0,
        "Selling And Marketing Expense": 211491000.0,
        "General And Administrative Expense": 150437000.0,
        "Other Gand A": 150437000.0,
        "Gross Profit": 1235073000.0,
        "Cost Of Revenue": 290676000.0,
        "Total Revenue": 1525749000.0,
        "Operating Revenue": 1525749000.0
    },
    "2024-10-31": {
        "Tax Effect Of Unusual Items": 549158.985255,
        "Tax Rate For Calcs": 0.192283,
        "Normalized EBITDA": 450691000.0,
        "Total Unusual Items": 2856000.0,
        "Total Unusual Items Excluding Goodwill": 2856000.0,
        "Net Income From Continuing Operation Net Minority Interest": 279281000.0,
        "Reconciled Depreciation": 114916000.0,
        "Reconciled Cost Of Revenue": 264193000.0,
        "EBITDA": 453547000.0,
        "EBIT": 338631000.0,
        "Net Interest Income": 19927000.0,
        "Interest Expense": 15752000.0,
        "Interest Income": 35679000.0,
        "Normalized Income": 276974158.985255,
        "Net Income From Continuing And Discontinued Operation": 1114106000.0,
        "Total Expenses": 1325184000.0,
        "Total Operating Income As Reported": 310802000.0,
        "Diluted Average Shares": 155991000.0,
        "Basic Average Shares": 153916000.0,
        "Diluted EPS": 7.14,
        "Basic EPS": 7.24,
        "Diluted NI Availto Com Stockholders": 1114106000.0,
        "Net Income Common Stockholders": 1114106000.0,
        "Net Income": 1114106000.0,
        "Minority Interests": 18486000.0,
        "Net Income Including Noncontrolling Interests": 1095620000.0,
        "Net Income Discontinuous Operations": 834825000.0,
        "Net Income Continuous Operations": 260795000.0,
        "Tax Provision": 62084000.0,
        "Pretax Income": 322879000.0,
        "Other Income Expense": -7850000.0,
        "Other Non Operating Income Expenses": -10706000.0,
        "Special Income Charges": 0.0,
        "Gain On Sale Of Business": 0.0,
        "Restructuring And Mergern Acquisition": 0.0,
        "Gain On Sale Of Security": 2856000.0,
        "Net Non Operating Interest Income Expense": 19927000.0,
        "Interest Expense Non Operating": 15752000.0,
        "Interest Income Non Operating": 35679000.0,
        "Operating Income": 310802000.0,
        "Operating Expense": 950161000.0,
        "Depreciation Amortization Depletion Income Statement": 4086000.0,
        "Depreciation And Amortization In Income Statement": 4086000.0,
        "Amortization": 4086000.0,
        "Amortization Of Intangibles Income Statement": 4086000.0,
        "Research And Development": 554818000.0,
        "Selling General And Administration": 391257000.0,
        "Selling And Marketing Expense": 219225000.0,
        "General And Administrative Expense": 172032000.0,
        "Other Gand A": 172032000.0,
        "Gross Profit": 1260963000.0,
        "Cost Of Revenue": 375023000.0,
        "Total Revenue": 1635986000.0,
        "Operating Revenue": 1635986000.0
    },
    "2025-01-31": {
        "Tax Effect Of Unusual Items": 25200.0,
        "Tax Rate For Calcs": 0.4,
        "Normalized EBITDA": 349671000.0,
        "Total Unusual Items": 63000.0,
        "Total Unusual Items Excluding Goodwill": 63000.0,
        "Net Income From Continuing Operation Net Minority Interest": 295683000.0,
        "Reconciled Depreciation": 47934000.0,
        "Reconciled Cost Of Revenue": 226041000.0,
        "EBITDA": 349734000.0,
        "EBIT": 301800000.0,
        "Net Interest Income": 44676000.0,
        "Interest Expense": 10683000.0,
        "Interest Income": 55359000.0,
        "Normalized Income": 295645200.0,
        "Net Income From Continuing And Discontinued Operation": 295683000.0,
        "Total Expenses": 1203476000.0,
        "Total Operating Income As Reported": 251839000.0,
        "Diluted Average Shares": 156189000.0,
        "Basic Average Shares": 154408000.0,
        "Diluted EPS": 1.89,
        "Basic EPS": 1.91,
        "Diluted NI Availto Com Stockholders": 295683000.0,
        "Net Income Common Stockholders": 295683000.0,
        "Net Income": 295683000.0,
        "Minority Interests": -1728000.0,
        "Net Income Including Noncontrolling Interests": 297411000.0,
        "Net Income Discontinuous Operations": 0.0,
        "Net Income Continuous Operations": 297411000.0,
        "Tax Provision": -6294000.0,
        "Pretax Income": 291117000.0,
        "Other Income Expense": -5398000.0,
        "Other Non Operating Income Expenses": -5461000.0,
        "Special Income Charges": 0.0,
        "Gain On Sale Of Business": 0.0,
        "Restructuring And Mergern Acquisition": NaN,
        "Gain On Sale Of Security": 63000.0,
        "Net Non Operating Interest Income Expense": 44676000.0,
        "Interest Expense Non Operating": 10683000.0,
        "Interest Income Non Operating": 55359000.0,
        "Operating Income": 251839000.0,
        "Operating Expense": 933501000.0,
        "Depreciation Amortization Depletion Income Statement": 4000000.0,
        "Depreciation And Amortization In Income Statement": 4000000.0,
        "Amortization": 4000000.0,
        "Amortization Of Intangibles Income Statement": 4000000.0,
        "Research And Development": 553216000.0,
        "Selling General And Administration": 376285000.0,
        "Selling And Marketing Expense": 209199000.0,
        "General And Administrative Expense": 167086000.0,
        "Other Gand A": 167086000.0,
        "Gross Profit": 1185340000.0,
        "Cost Of Revenue": 269975000.0,
        "Total Revenue": 1455315000.0,
        "Operating Revenue": 1455315000.0
    },
    "2025-04-30": {
        "Tax Effect Of Unusual Items": NaN,
        "Tax Rate For Calcs": NaN,
        "Normalized EBITDA": NaN,
        "Total Unusual Items": NaN,
        "Total Unusual Items Excluding Goodwill": NaN,
        "Net Income From Continuing Operation Net Minority Interest": NaN,
        "Reconciled Depreciation": NaN,
        "Reconciled Cost Of Revenue": NaN,
        "EBITDA": NaN,
        "EBIT": NaN,
        "Net Interest Income": NaN,
        "Interest Expense": NaN,
        "Interest Income": NaN,
        "Normalized Income": NaN,
        "Net Income From Continuing And Discontinued Operation": NaN,
        "Total Expenses": NaN,
        "Total Operating Income As Reported": NaN,
        "Diluted Average Shares": NaN,
        "Basic Average Shares": NaN,
        "Diluted EPS": NaN,
        "Basic EPS": NaN,
        "Diluted NI Availto Com Stockholders": NaN,
        "Net Income Common Stockholders": NaN,
        "Net Income": NaN,
        "Minority Interests": NaN,
        "Net Income Including Noncontrolling Interests": 345110000.0,
        "Net Income Discontinuous Operations": NaN,
        "Net Income Continuous Operations": NaN,
        "Tax Provision": NaN,
        "Pretax Income": NaN,
        "Other Income Expense": NaN,
        "Other Non Operating Income Expenses": NaN,
        "Special Income Charges": 48950000.0,
        "Gain On Sale Of Business": NaN,
        "Restructuring And Mergern Acquisition": NaN,
        "Gain On Sale Of Security": NaN,
        "Net Non Operating Interest Income Expense": NaN,
        "Interest Expense Non Operating": NaN,
        "Interest Income Non Operating": NaN,
        "Operating Income": NaN,
        "Operating Expense": NaN,
        "Depreciation Amortization Depletion Income Statement": NaN,
        "Depreciation And Amortization In Income Statement": NaN,
        "Amortization": NaN,
        "Amortization Of Intangibles Income Statement": NaN,
        "Research And Development": NaN,
        "Selling General And Administration": NaN,
        "Selling And Marketing Expense": NaN,
        "General And Administrative Expense": NaN,
        "Other Gand A": NaN,
        "Gross Profit": NaN,
        "Cost Of Revenue": NaN,
        "Total Revenue": NaN,
        "Operating Revenue": NaN
    }
}