{
    "2023-03-31": {
        "Tax Effect Of Unusual Items": NaN,
        "Tax Rate For Calcs": NaN,
        "Normalized EBITDA": NaN,
        "Net Income From Continuing Operation Net Minority Interest": NaN,
        "Reconciled Cost Of Revenue": NaN,
        "EBITDA": NaN,
        "EBIT": NaN,
        "Net Interest Income": NaN,
        "Interest Expense": NaN,
        "Interest Income": 40000.0,
        "Normalized Income": NaN,
        "Net Income From Continuing And Discontinued Operation": NaN,
        "Total Expenses": NaN,
        "Total Operating Income As Reported": NaN,
        "Diluted Average Shares": NaN,
        "Basic Average Shares": NaN,
        "Diluted EPS": NaN,
        "Basic EPS": NaN,
        "Diluted NI Availto Com Stockholders": NaN,
        "Net Income Common Stockholders": NaN,
        "Net Income": NaN,
        "Net Income Including Noncontrolling Interests": NaN,
        "Net Income Discontinuous Operations": NaN,
        "Net Income Continuous Operations": NaN,
        "Tax Provision": NaN,
        "Pretax Income": NaN,
        "Net Non Operating Interest Income Expense": NaN,
        "Total Other Finance Cost": -40000.0,
        "Interest Expense Non Operating": NaN,
        "Interest Income Non Operating": 40000.0,
        "Operating Income": NaN,
        "Operating Expense": NaN,
        "Research And Development": NaN,
        "Selling General And Administration": NaN,
        "Selling And Marketing Expense": NaN,
        "General And Administrative Expense": NaN,
        "Other Gand A": NaN,
        "Gross Profit": NaN,
        "Cost Of Revenue": NaN,
        "Total Revenue": NaN,
        "Operating Revenue": NaN
    },
    "2022-12-31": {
        "Tax Effect Of Unusual Items": NaN,
        "Tax Rate For Calcs": NaN,
        "Normalized EBITDA": NaN,
        "Net Income From Continuing Operation Net Minority Interest": NaN,
        "Reconciled Cost Of Revenue": NaN,
        "EBITDA": NaN,
        "EBIT": NaN,
        "Net Interest Income": NaN,
        "Interest Expense": 137000.0,
        "Interest Income": NaN,
        "Normalized Income": NaN,
        "Net Income From Continuing And Discontinued Operation": NaN,
        "Total Expenses": NaN,
        "Total Operating Income As Reported": NaN,
        "Diluted Average Shares": NaN,
        "Basic Average Shares": NaN,
        "Diluted EPS": NaN,
        "Basic EPS": NaN,
        "Diluted NI Availto Com Stockholders": NaN,
        "Net Income Common Stockholders": NaN,
        "Net Income": NaN,
        "Net Income Including Noncontrolling Interests": NaN,
        "Net Income Discontinuous Operations": 0.0,
        "Net Income Continuous Operations": NaN,
        "Tax Provision": NaN,
        "Pretax Income": NaN,
        "Net Non Operating Interest Income Expense": NaN,
        "Total Other Finance Cost": NaN,
        "Interest Expense Non Operating": 137000.0,
        "Interest Income Non Operating": NaN,
        "Operating Income": NaN,
        "Operating Expense": NaN,
        "Research And Development": NaN,
        "Selling General And Administration": NaN,
        "Selling And Marketing Expense": NaN,
        "General And Administrative Expense": NaN,
        "Other Gand A": NaN,
        "Gross Profit": NaN,
        "Cost Of Revenue": NaN,
        "Total Revenue": NaN,
        "Operating Revenue": NaN
    },
    "2022-09-30": {
        "Tax Effect Of Unusual Items": NaN,
        "Tax Rate For Calcs": NaN,
        "Normalized EBITDA": NaN,
        "Net Income From Continuing Operation Net Minority Interest": NaN,
        "Reconciled Cost Of Revenue": NaN,
        "EBITDA": NaN,
        "EBIT": NaN,
        "Net Interest Income": NaN,
        "Interest Expense": NaN,
        "Interest Income": 212000.0,
        "Normalized Income": NaN,
        "Net Income From Continuing And Discontinued Operation": NaN,
        "Total Expenses": NaN,
        "Total Operating Income As Reported": NaN,
        "Diluted Average Shares": NaN,
        "Basic Average Shares": NaN,
        "Diluted EPS": NaN,
        "Basic EPS": NaN,
        "Diluted NI Availto Com Stockholders": NaN,
        "Net Income Common Stockholders": NaN,
        "Net Income": NaN,
        "Net Income Including Noncontrolling Interests": NaN,
        "Net Income Discontinuous Operations": 66000.0,
        "Net Income Continuous Operations": NaN,
        "Tax Provision": NaN,
        "Pretax Income": NaN,
        "Net Non Operating Interest Income Expense": NaN,
        "Total Other Finance Cost": -212000.0,
        "Interest Expense Non Operating": NaN,
        "Interest Income Non Operating": 212000.0,
        "Operating Income": NaN,
        "Operating Expense": NaN,
        "Research And Development": NaN,
        "Selling General And Administration": NaN,
        "Selling And Marketing Expense": NaN,
        "General And Administrative Expense": NaN,
        "Other Gand A": NaN,
        "Gross Profit": NaN,
        "Cost Of Revenue": NaN,
        "Total Revenue": NaN,
        "Operating Revenue": NaN
    },
    "2022-06-30": {
        "Tax Effect Of Unusual Items": 0.0,
        "Tax Rate For Calcs": 0.4,
        "Normalized EBITDA": 107000.0,
        "Net Income From Continuing Operation Net Minority Interest": 428000.0,
        "Reconciled Cost Of Revenue": 3649000.0,
        "EBITDA": 107000.0,
        "EBIT": 107000.0,
        "Net Interest Income": -109000.0,
        "Interest Expense": 109000.0,
        "Interest Income": NaN,
        "Normalized Income": 428000.0,
        "Net Income From Continuing And Discontinued Operation": 164000.0,
        "Total Expenses": 9017000.0,
        "Total Operating Income As Reported": 107000.0,
        "Diluted Average Shares": 23309987.0,
        "Basic Average Shares": 23309987.0,
        "Diluted EPS": 0.01,
        "Basic EPS": 0.01,
        "Diluted NI Availto Com Stockholders": 164000.0,
        "Net Income Common Stockholders": 164000.0,
        "Net Income": 164000.0,
        "Minority Interests": 0.0,
        "Net Income Including Noncontrolling Interests": 164000.0,
        "Net Income Discontinuous Operations": -264000.0,
        "Net Income Continuous Operations": 428000.0,
        "Tax Provision": -430000.0,
        "Pretax Income": -2000.0,
        "Net Non Operating Interest Income Expense": -109000.0,
        "Total Other Finance Cost": NaN,
        "Interest Expense Non Operating": 109000.0,
        "Interest Income Non Operating": NaN,
        "Operating Income": 107000.0,
        "Operating Expense": 5368000.0,
        "Research And Development": 1087000.0,
        "Selling General And Administration": 4281000.0,
        "Selling And Marketing Expense": 2220000.0,
        "General And Administrative Expense": 2061000.0,
        "Other Gand A": 2061000.0,
        "Gross Profit": 5475000.0,
        "Cost Of Revenue": 3649000.0,
        "Total Revenue": 9124000.0,
        "Operating Revenue": 9124000.0
    },
    "2022-03-31": {
        "Diluted EPS": -0.05,
        "Total Revenue": 7,
        "Gross Profit": 4,
        "Operating Income": -1,
        "EBIT": -1,
        "Net Income": -1
    },
    "2021-12-31": {
        "Diluted EPS": -0.13,
        "Total Revenue": 9,
        "Gross Profit": 5,
        "Operating Income": -1,
        "EBIT": -1,
        "Net Income": -3
    },
    "2021-09-30": {
        "Diluted EPS": -0.01,
        "Total Revenue": 9,
        "Gross Profit": 6,
        "Operating Income": 1,
        "EBIT": 1,
        "Net Income": 0
    },
    "2021-06-30": {
        "Diluted EPS": 0.51,
        "Total Revenue": 10,
        "Gross Profit": 7,
        "Operating Income": 2,
        "EBIT": 2,
        "Net Income": 12
    },
    "2021-03-31": {
        "Diluted EPS": -0.09,
        "Total Revenue": 7,
        "Gross Profit": 4,
        "Operating Income": -1,
        "EBIT": -1,
        "Net Income": -2
    },
    "2020-12-31": {
        "Diluted EPS": -0.03,
        "Total Revenue": 10,
        "Gross Profit": 7,
        "Operating Income": 1,
        "EBIT": 1,
        "Net Income": -1
    },
    "2020-09-30": {
        "Diluted EPS": 0.01,
        "Total Revenue": 8,
        "Gross Profit": 5,
        "Operating Income": 1,
        "EBIT": 1,
        "Net Income": 1
    },
    "2020-06-30": {
        "Diluted EPS": 0.01,
        "Total Revenue": 8,
        "Gross Profit": 5,
        "Operating Income": 1,
        "EBIT": 1,
        "Net Income": 0
    },
    "2020-03-31": {
        "Diluted EPS": 0.02,
        "Total Revenue": 8,
        "Gross Profit": 5,
        "Operating Income": 0,
        "EBIT": 0,
        "Net Income": 0
    },
    "2019-12-31": {
        "Diluted EPS": 0.04,
        "Total Revenue": 24,
        "Gross Profit": 11,
        "Operating Income": 3,
        "EBIT": 3,
        "Net Income": 2
    },
    "2019-09-30": {
        "Diluted EPS": 0.06,
        "Total Revenue": 22,
        "Gross Profit": 10,
        "Operating Income": 3,
        "EBIT": 3,
        "Net Income": 1
    },
    "2019-06-30": {
        "Diluted EPS": -0.01,
        "Total Revenue": 20,
        "Gross Profit": 8,
        "Operating Income": 0,
        "EBIT": 0,
        "Net Income": 0
    },
    "2019-03-31": {
        "Diluted EPS": -0.02,
        "Total Revenue": 21,
        "Gross Profit": 9,
        "Operating Income": 0,
        "EBIT": 0,
        "Net Income": -1
    },
    "2018-12-31": {
        "Diluted EPS": 0.0,
        "Total Revenue": 26,
        "Gross Profit": 11,
        "Operating Income": 0,
        "EBIT": 0,
        "Net Income": 0
    },
    "2018-09-30": {
        "Diluted EPS": 0.06,
        "Total Revenue": 24,
        "Gross Profit": 11,
        "Operating Income": 2,
        "EBIT": 2,
        "Net Income": 1
    },
    "2018-06-30": {
        "Diluted EPS": 0.07,
        "Total Revenue": 25,
        "Gross Profit": 11,
        "Operating Income": 2,
        "EBIT": 2,
        "Net Income": 2
    },
    "2018-03-31": {
        "Diluted EPS": -0.01,
        "Total Revenue": 17,
        "Gross Profit": 8,
        "Operating Income": 0,
        "EBIT": 0,
        "Net Income": 0
    },
    "2017-12-31": {
        "Diluted EPS": 0.01,
        "Total Revenue": 23,
        "Gross Profit": 11,
        "Operating Income": 2,
        "EBIT": 2,
        "Net Income": 0
    },
    "2017-09-30": {
        "Diluted EPS": -0.01,
        "Total Revenue": 14,
        "Gross Profit": 7,
        "Operating Income": -1,
        "EBIT": -1,
        "Net Income": 0
    },
    "2017-06-30": {
        "Diluted EPS": -0.14,
        "Total Revenue": 13,
        "Gross Profit": 7,
        "Operating Income": -2,
        "EBIT": -2,
        "Net Income": -3
    },
    "2017-03-31": {
        "Diluted EPS": -0.16,
        "Total Revenue": 14,
        "Gross Profit": 7,
        "Operating Income": -1,
        "EBIT": -1,
        "Net Income": -4
    },
    "2016-12-31": {
        "Diluted EPS": 0.17,
        "Total Revenue": 20,
        "Gross Profit": 10,
        "Operating Income": 2,
        "EBIT": 2,
        "Net Income": 3
    },
    "2016-09-30": {
        "Diluted EPS": 0.04,
        "Total Revenue": 21,
        "Gross Profit": 11,
        "Operating Income": 2,
        "EBIT": 2,
        "Net Income": 1
    },
    "2016-06-30": {
        "Diluted EPS": -0.12,
        "Total Revenue": 14,
        "Gross Profit": 6,
        "Operating Income": -2,
        "EBIT": -2,
        "Net Income": -2
    },
    "2016-03-31": {
        "Diluted EPS": -0.03,
        "Total Revenue": 13,
        "Gross Profit": 6,
        "Operating Income": 1,
        "EBIT": 1,
        "Net Income": 0
    },
    "2015-12-31": {
        "Diluted EPS": 0.15,
        "Total Revenue": 19,
        "Gross Profit": 11,
        "Operating Income": 3,
        "EBIT": 4,
        "Net Income": 3
    },
    "2015-09-30": {
        "Diluted EPS": 0.05,
        "Total Revenue": 17,
        "Gross Profit": 8,
        "Operating Income": 1,
        "EBIT": 1,
        "Net Income": 1
    },
    "2015-06-30": {
        "Diluted EPS": 0.01,
        "Total Revenue": 16,
        "Gross Profit": 7,
        "Operating Income": 1,
        "EBIT": 1,
        "Net Income": 0
    },
    "2015-03-31": {
        "Diluted EPS": -0.03,
        "Total Revenue": 12,
        "Gross Profit": 4,
        "Operating Income": -1,
        "EBIT": -1,
        "Net Income": 0
    },
    "2014-12-31": {
        "Diluted EPS": 0.18,
        "Total Revenue": 27,
        "Gross Profit": 13,
        "Operating Income": 2,
        "EBIT": 2,
        "Net Income": 3
    },
    "2014-09-30": {
        "Diluted EPS": 0.22,
        "Total Revenue": 21,
        "Gross Profit": 10,
        "Operating Income": 3,
        "EBIT": 3,
        "Net Income": 4
    },
    "2014-06-30": {
        "Diluted EPS": -0.07,
        "Total Revenue": 16,
        "Gross Profit": 7,
        "Operating Income": -1,
        "EBIT": -1,
        "Net Income": -1
    },
    "2014-03-31": {
        "Diluted EPS": -0.12,
        "Total Revenue": 13,
        "Gross Profit": 4,
        "Operating Income": -2,
        "EBIT": -2,
        "Net Income": -2
    },
    "2013-12-31": {
        "Diluted EPS": -0.15,
        "Total Revenue": 13,
        "Gross Profit": 4,
        "Operating Income": -2,
        "EBIT": -2,
        "Net Income": -2
    },
    "2013-09-30": {
        "Diluted EPS": -0.02,
        "Total Revenue": 13,
        "Gross Profit": 6,
        "Operating Income": 0,
        "EBIT": 0,
        "Net Income": 0
    },
    "2013-06-30": {
        "Diluted EPS": -0.04,
        "Total Revenue": 12,
        "Gross Profit": 5,
        "Operating Income": -1,
        "EBIT": -1,
        "Net Income": -1
    },
    "2013-03-31": {
        "Diluted EPS": -0.07,
        "Total Revenue": 13,
        "Gross Profit": 5,
        "Operating Income": -1,
        "EBIT": -1,
        "Net Income": -1
    },
    "2012-12-31": {
        "Diluted EPS": 0.08,
        "Total Revenue": 22,
        "Gross Profit": 10,
        "Operating Income": 3,
        "EBIT": 3,
        "Net Income": 1
    },
    "2012-09-30": {
        "Diluted EPS": 0.11,
        "Total Revenue": 23,
        "Gross Profit": 10,
        "Operating Income": 2,
        "EBIT": 2,
        "Net Income": 2
    },
    "2012-06-30": {
        "Diluted EPS": 0.06,
        "Total Revenue": 16,
        "Gross Profit": 7,
        "Operating Income": 0,
        "EBIT": 0,
        "Net Income": 1
    },
    "2012-03-31": {
        "Diluted EPS": 0.0,
        "Total Revenue": 16,
        "Gross Profit": 6,
        "Operating Income": 0,
        "EBIT": 0,
        "Net Income": 0
    },
    "2011-12-31": {
        "Diluted EPS": 0.27,
        "Total Revenue": 34,
        "Gross Profit": 34,
        "Operating Income": 34,
        "EBIT": 34,
        "Net Income": 4
    },
    "2011-09-30": {
        "Diluted EPS": 0.51,
        "Total Revenue": 28,
        "Gross Profit": 13,
        "Operating Income": 3,
        "EBIT": 3,
        "Net Income": 7
    },
    "2011-06-30": {
        "Diluted EPS": 0.01,
        "Total Revenue": 16,
        "Gross Profit": 16,
        "Operating Income": 16,
        "EBIT": 16,
        "Net Income": 0
    },
    "2011-03-31": {
        "Diluted EPS": -0.15,
        "Total Revenue": 12,
        "Gross Profit": 5,
        "Operating Income": -1,
        "EBIT": -1,
        "Net Income": -2
    },
    "2010-12-31": {
        "Diluted EPS": -0.14,
        "Total Revenue": 15,
        "Gross Profit": 6,
        "Operating Income": -1,
        "EBIT": -1,
        "Net Income": -1
    },
    "2010-09-30": {
        "Diluted EPS": -0.08,
        "Total Revenue": 13,
        "Gross Profit": 5,
        "Operating Income": -1,
        "EBIT": -1,
        "Net Income": -1
    },
    "2010-06-30": {
        "Diluted EPS": -0.15,
        "Total Revenue": 11,
        "Gross Profit": 4,
        "Operating Income": -2,
        "EBIT": -2,
        "Net Income": -2
    },
    "2010-03-31": {
        "Diluted EPS": -0.23,
        "Total Revenue": 10,
        "Gross Profit": 4,
        "Operating Income": -2,
        "EBIT": -2,
        "Net Income": -2
    },
    "2009-12-31": {
        "Diluted EPS": 0.19,
        "Total Revenue": 15,
        "Gross Profit": 15,
        "Operating Income": 15,
        "EBIT": 15,
        "Net Income": 2
    },
    "2009-09-30": {
        "Diluted EPS": -0.07,
        "Total Revenue": 18,
        "Gross Profit": 7,
        "Operating Income": 1,
        "EBIT": 1,
        "Net Income": -1
    },
    "2009-06-30": {
        "Diluted EPS": 0.0,
        "Total Revenue": NaN,
        "Gross Profit": NaN,
        "Operating Income": NaN,
        "EBIT": NaN,
        "Net Income": NaN
    },
    "2023-06-30": {
        "Tax Effect Of Unusual Items": NaN,
        "Tax Rate For Calcs": NaN,
        "Normalized EBITDA": NaN,
        "Net Income From Continuing Operation Net Minority Interest": NaN,
        "Reconciled Cost Of Revenue": NaN,
        "EBITDA": NaN,
        "EBIT": NaN,
        "Net Interest Income": NaN,
        "Interest Expense": 74000.0,
        "Interest Income": NaN,
        "Normalized Income": NaN,
        "Net Income From Continuing And Discontinued Operation": NaN,
        "Total Expenses": NaN,
        "Total Operating Income As Reported": NaN,
        "Diluted Average Shares": NaN,
        "Basic Average Shares": NaN,
        "Diluted EPS": NaN,
        "Basic EPS": NaN,
        "Diluted NI Availto Com Stockholders": NaN,
        "Net Income Common Stockholders": NaN,
        "Net Income": NaN,
        "Net Income Including Noncontrolling Interests": NaN,
        "Net Income Discontinuous Operations": 0.0,
        "Net Income Continuous Operations": NaN,
        "Tax Provision": NaN,
        "Pretax Income": NaN,
        "Net Non Operating Interest Income Expense": NaN,
        "Total Other Finance Cost": 74000.0,
        "Interest Expense Non Operating": 74000.0,
        "Interest Income Non Operating": NaN,
        "Operating Income": NaN,
        "Operating Expense": NaN,
        "Research And Development": NaN,
        "Selling General And Administration": NaN,
        "Selling And Marketing Expense": NaN,
        "General And Administrative Expense": NaN,
        "Other Gand A": NaN,
        "Gross Profit": NaN,
        "Cost Of Revenue": NaN,
        "Total Revenue": NaN,
        "Operating Revenue": NaN
    },
    "2023-09-30": {
        "Tax Effect Of Unusual Items": NaN,
        "Tax Rate For Calcs": NaN,
        "Normalized EBITDA": NaN,
        "Net Income From Continuing Operation Net Minority Interest": NaN,
        "Reconciled Cost Of Revenue": NaN,
        "EBITDA": NaN,
        "EBIT": NaN,
        "Net Interest Income": NaN,
        "Interest Income": NaN,
        "Normalized Income": NaN,
        "Net Income From Continuing And Discontinued Operation": NaN,
        "Total Expenses": NaN,
        "Total Operating Income As Reported": NaN,
        "Diluted Average Shares": NaN,
        "Basic Average Shares": NaN,
        "Diluted EPS": NaN,
        "Basic EPS": NaN,
        "Diluted NI Availto Com Stockholders": NaN,
        "Net Income Common Stockholders": NaN,
        "Net Income": NaN,
        "Net Income Including Noncontrolling Interests": NaN,
        "Net Income Discontinuous Operations": 0.0,
        "Net Income Continuous Operations": NaN,
        "Tax Provision": NaN,
        "Pretax Income": NaN,
        "Net Non Operating Interest Income Expense": NaN,
        "Total Other Finance Cost": 64000.0,
        "Interest Income Non Operating": NaN,
        "Operating Income": NaN,
        "Operating Expense": NaN,
        "Research And Development": NaN,
        "Selling General And Administration": NaN,
        "Selling And Marketing Expense": NaN,
        "General And Administrative Expense": NaN,
        "Other Gand A": NaN,
        "Gross Profit": NaN,
        "Cost Of Revenue": NaN,
        "Total Revenue": NaN,
        "Operating Revenue": NaN
    },
    "2023-12-31": {
        "Tax Effect Of Unusual Items": NaN,
        "Tax Rate For Calcs": NaN,
        "Normalized EBITDA": NaN,
        "Net Income From Continuing Operation Net Minority Interest": NaN,
        "Reconciled Cost Of Revenue": NaN,
        "EBITDA": NaN,
        "EBIT": NaN,
        "Net Interest Income": NaN,
        "Interest Income": NaN,
        "Normalized Income": NaN,
        "Net Income From Continuing And Discontinued Operation": NaN,
        "Total Expenses": NaN,
        "Total Operating Income As Reported": NaN,
        "Diluted Average Shares": NaN,
        "Basic Average Shares": NaN,
        "Diluted EPS": NaN,
        "Basic EPS": NaN,
        "Diluted NI Availto Com Stockholders": NaN,
        "Net Income Common Stockholders": NaN,
        "Net Income": NaN,
        "Net Income Including Noncontrolling Interests": NaN,
        "Net Income Discontinuous Operations": 0.0,
        "Net Income Continuous Operations": NaN,
        "Tax Provision": NaN,
        "Pretax Income": NaN,
        "Net Non Operating Interest Income Expense": NaN,
        "Total Other Finance Cost": NaN,
        "Interest Income Non Operating": NaN,
        "Operating Income": NaN,
        "Operating Expense": NaN,
        "Research And Development": NaN,
        "Selling General And Administration": NaN,
        "Selling And Marketing Expense": NaN,
        "General And Administrative Expense": NaN,
        "Other Gand A": NaN,
        "Gross Profit": NaN,
        "Cost Of Revenue": NaN,
        "Total Revenue": NaN,
        "Operating Revenue": NaN
    },
    "2024-03-31": {
        "Tax Effect Of Unusual Items": NaN,
        "Tax Rate For Calcs": NaN,
        "Normalized EBITDA": NaN,
        "Net Income From Continuing Operation Net Minority Interest": NaN,
        "Reconciled Cost Of Revenue": NaN,
        "EBITDA": NaN,
        "EBIT": NaN,
        "Net Interest Income": NaN,
        "Interest Income": 54000.0,
        "Normalized Income": NaN,
        "Net Income From Continuing And Discontinued Operation": NaN,
        "Total Expenses": NaN,
        "Total Operating Income As Reported": NaN,
        "Diluted Average Shares": NaN,
        "Basic Average Shares": NaN,
        "Diluted EPS": NaN,
        "Basic EPS": NaN,
        "Diluted NI Availto Com Stockholders": NaN,
        "Net Income Common Stockholders": NaN,
        "Net Income": NaN,
        "Net Income Including Noncontrolling Interests": NaN,
        "Net Income Continuous Operations": NaN,
        "Tax Provision": NaN,
        "Pretax Income": NaN,
        "Net Non Operating Interest Income Expense": NaN,
        "Total Other Finance Cost": NaN,
        "Interest Income Non Operating": 54000.0,
        "Operating Income": NaN,
        "Operating Expense": NaN,
        "Research And Development": NaN,
        "Selling General And Administration": NaN,
        "Selling And Marketing Expense": NaN,
        "General And Administrative Expense": NaN,
        "Other Gand A": NaN,
        "Gross Profit": NaN,
        "Cost Of Revenue": NaN,
        "Total Revenue": NaN,
        "Operating Revenue": NaN
    },
    "2024-06-30": {
        "Tax Effect Of Unusual Items": 0.0,
        "Tax Rate For Calcs": 0.358908,
        "Normalized EBITDA": 666000.0,
        "Net Income From Continuing Operation Net Minority Interest": 493000.0,
        "Reconciled Cost Of Revenue": 3059000.0,
        "EBITDA": 666000.0,
        "EBIT": 666000.0,
        "Net Interest Income": 103000.0,
        "Interest Income": NaN,
        "Normalized Income": 493000.0,
        "Net Income From Continuing And Discontinued Operation": 493000.0,
        "Total Expenses": 7640000.0,
        "Total Operating Income As Reported": 666000.0,
        "Diluted Average Shares": 23309987.0,
        "Basic Average Shares": 23309987.0,
        "Diluted EPS": 0.02,
        "Basic EPS": 0.02,
        "Diluted NI Availto Com Stockholders": 493000.0,
        "Net Income Common Stockholders": 493000.0,
        "Net Income": 493000.0,
        "Net Income Including Noncontrolling Interests": 493000.0,
        "Net Income Continuous Operations": 493000.0,
        "Tax Provision": 276000.0,
        "Pretax Income": 769000.0,
        "Net Non Operating Interest Income Expense": 103000.0,
        "Total Other Finance Cost": -103000.0,
        "Interest Income Non Operating": NaN,
        "Operating Income": 666000.0,
        "Operating Expense": 4581000.0,
        "Research And Development": 1060000.0,
        "Selling General And Administration": 3521000.0,
        "Selling And Marketing Expense": 2257000.0,
        "General And Administrative Expense": 1264000.0,
        "Other Gand A": 1264000.0,
        "Gross Profit": 5247000.0,
        "Cost Of Revenue": 3059000.0,
        "Total Revenue": 8306000.0,
        "Operating Revenue": 8306000.0
    },
    "2024-09-30": {
        "Tax Effect Of Unusual Items": 0.0,
        "Tax Rate For Calcs": 0.335917,
        "Normalized EBITDA": 1824000.0,
        "Net Income From Continuing Operation Net Minority Interest": 1285000.0,
        "Reconciled Cost Of Revenue": 3109000.0,
        "EBITDA": 1824000.0,
        "EBIT": 1824000.0,
        "Net Interest Income": 111000.0,
        "Interest Income": NaN,
        "Normalized Income": 1285000.0,
        "Net Income From Continuing And Discontinued Operation": 1285000.0,
        "Total Expenses": 7877000.0,
        "Total Operating Income As Reported": 1824000.0,
        "Diluted Average Shares": 23309987.0,
        "Basic Average Shares": 23309987.0,
        "Diluted EPS": 0.06,
        "Basic EPS": 0.06,
        "Diluted NI Availto Com Stockholders": 1285000.0,
        "Net Income Common Stockholders": 1285000.0,
        "Net Income": 1285000.0,
        "Net Income Including Noncontrolling Interests": 1285000.0,
        "Net Income Continuous Operations": 1285000.0,
        "Tax Provision": 650000.0,
        "Pretax Income": 1935000.0,
        "Net Non Operating Interest Income Expense": 111000.0,
        "Total Other Finance Cost": -111000.0,
        "Interest Income Non Operating": NaN,
        "Operating Income": 1824000.0,
        "Operating Expense": 4768000.0,
        "Research And Development": 1300000.0,
        "Selling General And Administration": 3468000.0,
        "Selling And Marketing Expense": 2041000.0,
        "General And Administrative Expense": 1427000.0,
        "Other Gand A": 1427000.0,
        "Gross Profit": 6592000.0,
        "Cost Of Revenue": 3109000.0,
        "Total Revenue": 9701000.0,
        "Operating Revenue": 9701000.0
    },
    "2024-12-31": {
        "Tax Effect Of Unusual Items": 0.0,
        "Tax Rate For Calcs": 0.167963,
        "Normalized EBITDA": 2301000.0,
        "Net Income From Continuing Operation Net Minority Interest": 1605000.0,
        "Reconciled Cost Of Revenue": 3636000.0,
        "EBITDA": 2301000.0,
        "EBIT": 2301000.0,
        "Net Interest Income": -9000.0,
        "Interest Income": NaN,
        "Normalized Income": 1605000.0,
        "Net Income From Continuing And Discontinued Operation": 1605000.0,
        "Total Expenses": 8769000.0,
        "Total Operating Income As Reported": 1466000.0,
        "Diluted Average Shares": 23316885.0,
        "Basic Average Shares": 23316885.0,
        "Diluted EPS": 0.07,
        "Basic EPS": 0.07,
        "Diluted NI Availto Com Stockholders": 1605000.0,
        "Net Income Common Stockholders": 1605000.0,
        "Net Income": 1605000.0,
        "Net Income Including Noncontrolling Interests": 1605000.0,
        "Net Income Continuous Operations": 1605000.0,
        "Tax Provision": 324000.0,
        "Pretax Income": 1929000.0,
        "Net Non Operating Interest Income Expense": -9000.0,
        "Total Other Finance Cost": NaN,
        "Interest Income Non Operating": NaN,
        "Operating Income": 1466000.0,
        "Operating Expense": 5133000.0,
        "Research And Development": 809000.0,
        "Selling General And Administration": 4324000.0,
        "Selling And Marketing Expense": 2605000.0,
        "General And Administrative Expense": 1719000.0,
        "Other Gand A": 1719000.0,
        "Gross Profit": 6599000.0,
        "Cost Of Revenue": 3636000.0,
        "Total Revenue": 10235000.0,
        "Operating Revenue": 10235000.0
    },
    "2025-03-31": {
        "Tax Effect Of Unusual Items": 0.0,
        "Tax Rate For Calcs": 0.225684,
        "Normalized EBITDA": 1047000.0,
        "Net Income From Continuing Operation Net Minority Interest": 1019000.0,
        "Reconciled Cost Of Revenue": 2775000.0,
        "EBITDA": 1047000.0,
        "EBIT": 1047000.0,
        "Net Interest Income": 269000.0,
        "Interest Income": 269000.0,
        "Normalized Income": 1019000.0,
        "Net Income From Continuing And Discontinued Operation": 1019000.0,
        "Total Expenses": 7401000.0,
        "Total Operating Income As Reported": 1047000.0,
        "Diluted Average Shares": 23332362.0,
        "Basic Average Shares": 23326653.0,
        "Diluted EPS": 0.04,
        "Basic EPS": 0.04,
        "Diluted NI Availto Com Stockholders": 1019000.0,
        "Net Income Common Stockholders": 1019000.0,
        "Net Income": 1019000.0,
        "Net Income Including Noncontrolling Interests": 1019000.0,
        "Net Income Continuous Operations": 1019000.0,
        "Tax Provision": 297000.0,
        "Pretax Income": 1316000.0,
        "Net Non Operating Interest Income Expense": 269000.0,
        "Total Other Finance Cost": NaN,
        "Interest Income Non Operating": 269000.0,
        "Operating Income": 1047000.0,
        "Operating Expense": 4626000.0,
        "Research And Development": 900000.0,
        "Selling General And Administration": 3726000.0,
        "Selling And Marketing Expense": 2265000.0,
        "General And Administrative Expense": 1461000.0,
        "Other Gand A": 1461000.0,
        "Gross Profit": 5673000.0,
        "Cost Of Revenue": 2775000.0,
        "Total Revenue": 8448000.0,
        "Operating Revenue": 8448000.0
    },
    "2025-06-30": {
        "Tax Effect Of Unusual Items": 0.0,
        "Tax Rate For Calcs": 0.15,
        "Normalized EBITDA": 973000.0,
        "Net Income From Continuing Operation Net Minority Interest": 1224000.0,
        "Reconciled Cost Of Revenue": 3274000.0,
        "EBITDA": 973000.0,
        "EBIT": 973000.0,
        "Net Interest Income": -330000.0,
        "Interest Income": NaN,
        "Normalized Income": 1224000.0,
        "Net Income From Continuing And Discontinued Operation": 1224000.0,
        "Total Expenses": 8681000.0,
        "Total Operating Income As Reported": 973000.0,
        "Diluted Average Shares": 23335835.0,
        "Basic Average Shares": 23328191.0,
        "Diluted EPS": 0.05,
        "Basic EPS": 0.05,
        "Diluted NI Availto Com Stockholders": 1224000.0,
        "Net Income Common Stockholders": 1224000.0,
        "Net Income": 1224000.0,
        "Net Income Including Noncontrolling Interests": 1224000.0,
        "Net Income Continuous Operations": 1224000.0,
        "Tax Provision": -581000.0,
        "Pretax Income": 643000.0,
        "Net Non Operating Interest Income Expense": -330000.0,
        "Total Other Finance Cost": 330000.0,
        "Interest Income Non Operating": NaN,
        "Operating Income": 973000.0,
        "Operating Expense": 5407000.0,
        "Research And Development": 900000.0,
        "Selling General And Administration": 4507000.0,
        "Selling And Marketing Expense": 2452000.0,
        "General And Administrative Expense": 2055000.0,
        "Other Gand A": 2055000.0,
        "Gross Profit": 6380000.0,
        "Cost Of Revenue": 3274000.0,
        "Total Revenue": 9654000.0,
        "Operating Revenue": 9654000.0
    }
}