{
    "2023-06-30": {
        "Tax Effect Of Unusual Items": NaN,
        "Tax Rate For Calcs": NaN,
        "Total Unusual Items": NaN,
        "Total Unusual Items Excluding Goodwill": NaN,
        "Net Income From Continuing Operation Net Minority Interest": NaN,
        "Reconciled Depreciation": NaN,
        "Net Interest Income": NaN,
        "Interest Expense": NaN,
        "Interest Income": NaN,
        "Normalized Income": NaN,
        "Net Income From Continuing And Discontinued Operation": NaN,
        "Diluted Average Shares": NaN,
        "Basic Average Shares": NaN,
        "Diluted EPS": NaN,
        "Basic EPS": NaN,
        "Diluted NI Availto Com Stockholders": NaN,
        "Average Dilution Earnings": NaN,
        "Net Income Common Stockholders": NaN,
        "Otherunder Preferred Stock Dividend": NaN,
        "Preferred Stock Dividends": NaN,
        "Net Income": NaN,
        "Net Income Including Noncontrolling Interests": NaN,
        "Net Income Continuous Operations": NaN,
        "Tax Provision": NaN,
        "Pretax Income": NaN,
        "Special Income Charges": NaN,
        "Other Special Charges": NaN,
        "Impairment Of Capital Assets": NaN,
        "Restructuring And Mergern Acquisition": NaN,
        "Gain On Sale Of Security": -12900000.0,
        "Selling General And Administration": NaN,
        "Selling And Marketing Expense": NaN,
        "General And Administrative Expense": NaN,
        "Other Gand A": NaN,
        "Total Revenue": NaN,
        "Operating Revenue": NaN,
        "Other Non Interest Expense": NaN
    },
    "2023-03-31": {
        "Tax Effect Of Unusual Items": NaN,
        "Tax Rate For Calcs": NaN,
        "Total Unusual Items": NaN,
        "Total Unusual Items Excluding Goodwill": NaN,
        "Net Income From Continuing Operation Net Minority Interest": NaN,
        "Reconciled Depreciation": NaN,
        "Net Interest Income": NaN,
        "Interest Expense": NaN,
        "Interest Income": NaN,
        "Normalized Income": NaN,
        "Net Income From Continuing And Discontinued Operation": NaN,
        "Diluted Average Shares": NaN,
        "Basic Average Shares": NaN,
        "Diluted EPS": NaN,
        "Basic EPS": NaN,
        "Diluted NI Availto Com Stockholders": NaN,
        "Average Dilution Earnings": NaN,
        "Net Income Common Stockholders": NaN,
        "Otherunder Preferred Stock Dividend": NaN,
        "Preferred Stock Dividends": NaN,
        "Net Income": NaN,
        "Net Income Including Noncontrolling Interests": NaN,
        "Net Income Continuous Operations": NaN,
        "Tax Provision": NaN,
        "Pretax Income": NaN,
        "Special Income Charges": NaN,
        "Other Special Charges": NaN,
        "Impairment Of Capital Assets": NaN,
        "Restructuring And Mergern Acquisition": NaN,
        "Gain On Sale Of Security": -3177000.0,
        "Selling General And Administration": NaN,
        "Selling And Marketing Expense": NaN,
        "General And Administrative Expense": NaN,
        "Other Gand A": NaN,
        "Total Revenue": NaN,
        "Operating Revenue": NaN,
        "Other Non Interest Expense": NaN
    },
    "2022-12-31": {
        "Tax Effect Of Unusual Items": NaN,
        "Tax Rate For Calcs": NaN,
        "Total Unusual Items": NaN,
        "Total Unusual Items Excluding Goodwill": NaN,
        "Net Income From Continuing Operation Net Minority Interest": NaN,
        "Reconciled Depreciation": NaN,
        "Net Interest Income": NaN,
        "Interest Expense": NaN,
        "Interest Income": NaN,
        "Normalized Income": NaN,
        "Net Income From Continuing And Discontinued Operation": NaN,
        "Diluted Average Shares": NaN,
        "Basic Average Shares": NaN,
        "Diluted EPS": NaN,
        "Basic EPS": NaN,
        "Diluted NI Availto Com Stockholders": NaN,
        "Average Dilution Earnings": NaN,
        "Net Income Common Stockholders": NaN,
        "Otherunder Preferred Stock Dividend": NaN,
        "Preferred Stock Dividends": NaN,
        "Net Income": NaN,
        "Net Income Including Noncontrolling Interests": NaN,
        "Net Income Continuous Operations": NaN,
        "Tax Provision": NaN,
        "Pretax Income": NaN,
        "Special Income Charges": NaN,
        "Other Special Charges": NaN,
        "Impairment Of Capital Assets": NaN,
        "Restructuring And Mergern Acquisition": NaN,
        "Gain On Sale Of Security": -8241000.0,
        "Selling General And Administration": NaN,
        "Selling And Marketing Expense": NaN,
        "General And Administrative Expense": NaN,
        "Other Gand A": NaN,
        "Total Revenue": NaN,
        "Operating Revenue": NaN,
        "Other Non Interest Expense": NaN
    },
    "2022-09-30": {
        "Tax Effect Of Unusual Items": NaN,
        "Tax Rate For Calcs": NaN,
        "Total Unusual Items": NaN,
        "Total Unusual Items Excluding Goodwill": NaN,
        "Net Income From Continuing Operation Net Minority Interest": NaN,
        "Reconciled Depreciation": NaN,
        "Net Interest Income": NaN,
        "Interest Expense": NaN,
        "Interest Income": NaN,
        "Normalized Income": NaN,
        "Net Income From Continuing And Discontinued Operation": NaN,
        "Diluted Average Shares": NaN,
        "Basic Average Shares": NaN,
        "Diluted EPS": NaN,
        "Basic EPS": NaN,
        "Diluted NI Availto Com Stockholders": NaN,
        "Average Dilution Earnings": NaN,
        "Net Income Common Stockholders": NaN,
        "Preferred Stock Dividends": NaN,
        "Net Income": NaN,
        "Net Income Including Noncontrolling Interests": NaN,
        "Net Income Continuous Operations": NaN,
        "Tax Provision": NaN,
        "Pretax Income": NaN,
        "Special Income Charges": NaN,
        "Other Special Charges": NaN,
        "Impairment Of Capital Assets": NaN,
        "Restructuring And Mergern Acquisition": NaN,
        "Gain On Sale Of Security": -8772000.0,
        "Selling General And Administration": NaN,
        "Selling And Marketing Expense": NaN,
        "General And Administrative Expense": NaN,
        "Other Gand A": NaN,
        "Total Revenue": NaN,
        "Operating Revenue": NaN
    },
    "2022-06-30": {
        "Tax Effect Of Unusual Items": -323200.0,
        "Tax Rate For Calcs": 0.4,
        "Total Unusual Items": -808000.0,
        "Total Unusual Items Excluding Goodwill": -808000.0,
        "Net Income From Continuing Operation Net Minority Interest": -95835000.0,
        "Reconciled Depreciation": 38056000.0,
        "Net Interest Income": 122729000.0,
        "Interest Expense": 26783000.0,
        "Interest Income": 149512000.0,
        "Normalized Income": -95350200.0,
        "Net Income From Continuing And Discontinued Operation": -95835000.0,
        "Diluted Average Shares": 910046750.0,
        "Basic Average Shares": 910046750.0,
        "Diluted EPS": -0.12,
        "Basic EPS": -0.12,
        "Diluted NI Availto Com Stockholders": -95835000.0,
        "Net Income Common Stockholders": -95835000.0,
        "Preferred Stock Dividends": 10079000.0,
        "Net Income": -95835000.0,
        "Net Income Including Noncontrolling Interests": -95835000.0,
        "Net Income Continuous Operations": -95835000.0,
        "Tax Provision": 119000.0,
        "Pretax Income": -95716000.0,
        "Special Income Charges": -808000.0,
        "Impairment Of Capital Assets": NaN,
        "Restructuring And Mergern Acquisition": 808000.0,
        "Gain On Sale Of Security": -11737000.0,
        "Selling General And Administration": 269683000.0,
        "Selling And Marketing Expense": 143854000.0,
        "General And Administrative Expense": 125829000.0,
        "Other Gand A": 125829000.0,
        "Total Revenue": 362527000.0,
        "Operating Revenue": 362527000.0
    },
    "2022-03-31": {
        "Diluted EPS": -0.14,
        "Total Revenue": 354,
        "Gross Profit": 330,
        "Operating Income": -110,
        "EBIT": NaN,
        "Net Income": -120
    },
    "2021-12-31": {
        "Diluted EPS": 1.14,
        "Total Revenue": 304,
        "Gross Profit": 286,
        "Operating Income": -109,
        "EBIT": NaN,
        "Net Income": -121
    },
    "2021-09-30": {
        "Diluted EPS": -0.05,
        "Total Revenue": 293,
        "Gross Profit": 272,
        "Operating Income": -30,
        "EBIT": NaN,
        "Net Income": -40
    },
    "2021-06-30": {
        "Diluted EPS": -0.48,
        "Total Revenue": 259,
        "Gross Profit": 231,
        "Operating Income": -165,
        "EBIT": NaN,
        "Net Income": -175
    },
    "2021-03-31": {
        "Diluted EPS": -1.61,
        "Total Revenue": 231,
        "Gross Profit": 196,
        "Operating Income": -176,
        "EBIT": NaN,
        "Net Income": -188
    },
    "2020-12-31": {
        "Diluted EPS": 0.0,
        "Total Revenue": NaN,
        "Gross Profit": NaN,
        "Operating Income": NaN,
        "EBIT": NaN,
        "Net Income": NaN
    },
    "2020-09-30": {
        "Diluted EPS": -0.7,
        "Total Revenue": 240,
        "Gross Profit": 201,
        "Operating Income": -43,
        "EBIT": NaN,
        "Net Income": -53
    },
    "2020-06-30": {
        "Diluted EPS": -0.03,
        "Total Revenue": 158,
        "Gross Profit": 115,
        "Operating Income": -92,
        "EBIT": NaN,
        "Net Income": -2
    },
    "2019-12-31": {
        "Diluted EPS": 0.0,
        "Total Revenue": NaN,
        "Gross Profit": NaN,
        "Operating Income": NaN,
        "EBIT": NaN,
        "Net Income": NaN
    },
    "2023-09-30": {
        "Tax Effect Of Unusual Items": NaN,
        "Tax Rate For Calcs": NaN,
        "Total Unusual Items": NaN,
        "Total Unusual Items Excluding Goodwill": NaN,
        "Net Income From Continuing Operation Net Minority Interest": NaN,
        "Reconciled Depreciation": NaN,
        "Net Interest Income": NaN,
        "Interest Expense": NaN,
        "Interest Income": NaN,
        "Normalized Income": NaN,
        "Net Income From Continuing And Discontinued Operation": NaN,
        "Diluted Average Shares": NaN,
        "Basic Average Shares": NaN,
        "Diluted EPS": NaN,
        "Basic EPS": NaN,
        "Diluted NI Availto Com Stockholders": NaN,
        "Average Dilution Earnings": NaN,
        "Net Income Common Stockholders": NaN,
        "Otherunder Preferred Stock Dividend": NaN,
        "Preferred Stock Dividends": 10189000.0,
        "Net Income": NaN,
        "Net Income Including Noncontrolling Interests": NaN,
        "Net Income Continuous Operations": NaN,
        "Tax Provision": NaN,
        "Pretax Income": NaN,
        "Special Income Charges": NaN,
        "Other Special Charges": NaN,
        "Impairment Of Capital Assets": NaN,
        "Restructuring And Mergern Acquisition": NaN,
        "Gain On Sale Of Security": -6298000.0,
        "Selling General And Administration": NaN,
        "Selling And Marketing Expense": NaN,
        "General And Administrative Expense": NaN,
        "Other Gand A": NaN,
        "Total Revenue": NaN,
        "Operating Revenue": NaN,
        "Other Non Interest Expense": NaN
    },
    "2023-12-31": {
        "Tax Effect Of Unusual Items": NaN,
        "Tax Rate For Calcs": NaN,
        "Total Unusual Items": NaN,
        "Total Unusual Items Excluding Goodwill": NaN,
        "Net Income From Continuing Operation Net Minority Interest": NaN,
        "Reconciled Depreciation": NaN,
        "Net Interest Income": NaN,
        "Interest Expense": NaN,
        "Interest Income": NaN,
        "Normalized Income": NaN,
        "Net Income From Continuing And Discontinued Operation": NaN,
        "Diluted Average Shares": NaN,
        "Basic Average Shares": NaN,
        "Diluted EPS": NaN,
        "Basic EPS": NaN,
        "Diluted NI Availto Com Stockholders": NaN,
        "Average Dilution Earnings": NaN,
        "Net Income Common Stockholders": NaN,
        "Otherunder Preferred Stock Dividend": NaN,
        "Preferred Stock Dividends": 10189000.0,
        "Net Income": NaN,
        "Net Income Including Noncontrolling Interests": NaN,
        "Net Income Continuous Operations": NaN,
        "Tax Provision": NaN,
        "Pretax Income": NaN,
        "Special Income Charges": NaN,
        "Other Special Charges": NaN,
        "Impairment Of Capital Assets": 0.0,
        "Restructuring And Mergern Acquisition": NaN,
        "Selling General And Administration": NaN,
        "Selling And Marketing Expense": NaN,
        "General And Administrative Expense": NaN,
        "Other Gand A": NaN,
        "Total Revenue": NaN,
        "Operating Revenue": NaN,
        "Other Non Interest Expense": NaN
    },
    "2024-03-31": {
        "Tax Effect Of Unusual Items": NaN,
        "Tax Rate For Calcs": NaN,
        "Total Unusual Items": NaN,
        "Total Unusual Items Excluding Goodwill": NaN,
        "Net Income From Continuing Operation Net Minority Interest": NaN,
        "Reconciled Depreciation": NaN,
        "Net Interest Income": NaN,
        "Interest Expense": NaN,
        "Interest Income": NaN,
        "Normalized Income": NaN,
        "Net Income From Continuing And Discontinued Operation": NaN,
        "Diluted Average Shares": NaN,
        "Basic Average Shares": NaN,
        "Diluted EPS": NaN,
        "Basic EPS": NaN,
        "Diluted NI Availto Com Stockholders": NaN,
        "Average Dilution Earnings": NaN,
        "Net Income Common Stockholders": NaN,
        "Otherunder Preferred Stock Dividend": NaN,
        "Preferred Stock Dividends": 10079000.0,
        "Net Income": NaN,
        "Net Income Including Noncontrolling Interests": NaN,
        "Net Income Continuous Operations": NaN,
        "Tax Provision": NaN,
        "Pretax Income": NaN,
        "Special Income Charges": NaN,
        "Other Special Charges": 174000.0,
        "Impairment Of Capital Assets": 0.0,
        "Restructuring And Mergern Acquisition": NaN,
        "Selling General And Administration": NaN,
        "Selling And Marketing Expense": NaN,
        "General And Administrative Expense": NaN,
        "Other Gand A": NaN,
        "Total Revenue": NaN,
        "Operating Revenue": NaN,
        "Other Non Interest Expense": NaN
    },
    "2024-06-30": {
        "Tax Effect Of Unusual Items": NaN,
        "Tax Rate For Calcs": NaN,
        "Total Unusual Items": NaN,
        "Total Unusual Items Excluding Goodwill": NaN,
        "Net Income From Continuing Operation Net Minority Interest": NaN,
        "Reconciled Depreciation": NaN,
        "Net Interest Income": NaN,
        "Interest Expense": NaN,
        "Interest Income": NaN,
        "Normalized Income": NaN,
        "Net Income From Continuing And Discontinued Operation": NaN,
        "Diluted Average Shares": NaN,
        "Basic Average Shares": NaN,
        "Diluted EPS": NaN,
        "Basic EPS": NaN,
        "Diluted NI Availto Com Stockholders": NaN,
        "Average Dilution Earnings": NaN,
        "Net Income Common Stockholders": NaN,
        "Otherunder Preferred Stock Dividend": 3026000.0,
        "Preferred Stock Dividends": 6424000.0,
        "Net Income": NaN,
        "Net Income Including Noncontrolling Interests": NaN,
        "Net Income Continuous Operations": NaN,
        "Tax Provision": NaN,
        "Pretax Income": NaN,
        "Special Income Charges": NaN,
        "Other Special Charges": 194000.0,
        "Impairment Of Capital Assets": 0.0,
        "Restructuring And Mergern Acquisition": NaN,
        "Selling General And Administration": NaN,
        "Selling And Marketing Expense": NaN,
        "General And Administrative Expense": NaN,
        "Other Gand A": NaN,
        "Total Revenue": NaN,
        "Operating Revenue": NaN,
        "Other Non Interest Expense": NaN
    },
    "2024-09-30": {
        "Tax Effect Of Unusual Items": 76611.541774,
        "Tax Rate For Calcs": 0.048704,
        "Total Unusual Items": 1573000.0,
        "Total Unusual Items Excluding Goodwill": 1573000.0,
        "Net Income From Continuing Operation Net Minority Interest": 60745000.0,
        "Reconciled Depreciation": 51791000.0,
        "Net Interest Income": 431010000.0,
        "Interest Expense": 292364000.0,
        "Interest Income": 723374000.0,
        "Normalized Income": 59248611.541774,
        "Net Income From Continuing And Discontinued Operation": 60745000.0,
        "Diluted Average Shares": 1104450416.0,
        "Basic Average Shares": 1071159746.0,
        "Diluted EPS": 0.05,
        "Basic EPS": 0.06,
        "Diluted NI Availto Com Stockholders": 58059000.0,
        "Average Dilution Earnings": -2686000.0,
        "Net Income Common Stockholders": 60745000.0,
        "Otherunder Preferred Stock Dividend": NaN,
        "Preferred Stock Dividends": NaN,
        "Net Income": 60745000.0,
        "Net Income Including Noncontrolling Interests": 60745000.0,
        "Net Income Continuous Operations": 60745000.0,
        "Tax Provision": 3110000.0,
        "Pretax Income": 63855000.0,
        "Special Income Charges": 1573000.0,
        "Other Special Charges": NaN,
        "Impairment Of Capital Assets": 0.0,
        "Restructuring And Mergern Acquisition": 1750000.0,
        "Selling General And Administration": 363825000.0,
        "Selling And Marketing Expense": 214904000.0,
        "General And Administrative Expense": 148921000.0,
        "Other Gand A": 148921000.0,
        "Total Revenue": 693798000.0,
        "Operating Revenue": 693798000.0,
        "Other Non Interest Expense": 261678000.0
    },
    "2024-12-31": {
        "Tax Effect Of Unusual Items": -229950.0,
        "Tax Rate For Calcs": 0.21,
        "Total Unusual Items": -1095000.0,
        "Total Unusual Items Excluding Goodwill": -1095000.0,
        "Net Income From Continuing Operation Net Minority Interest": 332473000.0,
        "Reconciled Depreciation": 53545000.0,
        "Net Interest Income": 470169000.0,
        "Interest Expense": 273768000.0,
        "Interest Income": 743937000.0,
        "Normalized Income": 333338050.0,
        "Net Income From Continuing And Discontinued Operation": 332473000.0,
        "Diluted Average Shares": 1151047000.0,
        "Basic Average Shares": 1087863000.0,
        "Diluted EPS": 0.29,
        "Basic EPS": 0.31,
        "Diluted NI Availto Com Stockholders": 345848000.0,
        "Average Dilution Earnings": 13375000.0,
        "Net Income Common Stockholders": 332473000.0,
        "Otherunder Preferred Stock Dividend": 0.0,
        "Preferred Stock Dividends": 0.0,
        "Net Income": 332473000.0,
        "Net Income Including Noncontrolling Interests": 332473000.0,
        "Net Income Continuous Operations": 332473000.0,
        "Tax Provision": -272549000.0,
        "Pretax Income": 59924000.0,
        "Special Income Charges": -1095000.0,
        "Other Special Charges": NaN,
        "Impairment Of Capital Assets": 0.0,
        "Restructuring And Mergern Acquisition": 1095000.0,
        "Selling General And Administration": 390183000.0,
        "Selling And Marketing Expense": 229261000.0,
        "General And Administrative Expense": 160922000.0,
        "Other Gand A": 160922000.0,
        "Total Revenue": 734125000.0,
        "Operating Revenue": 734125000.0,
        "Other Non Interest Expense": 276046000.0
    },
    "2025-03-31": {
        "Tax Effect Of Unusual Items": -122415.858214,
        "Tax Rate For Calcs": 0.108621,
        "Total Unusual Items": -1127000.0,
        "Total Unusual Items Excluding Goodwill": -1127000.0,
        "Net Income From Continuing Operation Net Minority Interest": 71116000.0,
        "Reconciled Depreciation": 55283000.0,
        "Net Interest Income": 498726000.0,
        "Interest Expense": 265086000.0,
        "Interest Income": 763812000.0,
        "Normalized Income": 72120584.141786,
        "Net Income From Continuing And Discontinued Operation": 71116000.0,
        "Diluted Average Shares": 1185466000.0,
        "Basic Average Shares": 1097994000.0,
        "Diluted EPS": 0.06,
        "Basic EPS": 0.06,
        "Diluted NI Availto Com Stockholders": 71455000.0,
        "Average Dilution Earnings": 339000.0,
        "Net Income Common Stockholders": 71116000.0,
        "Otherunder Preferred Stock Dividend": NaN,
        "Preferred Stock Dividends": NaN,
        "Net Income": 71116000.0,
        "Net Income Including Noncontrolling Interests": 71116000.0,
        "Net Income Continuous Operations": 71116000.0,
        "Tax Provision": 8666000.0,
        "Pretax Income": 79782000.0,
        "Special Income Charges": -1127000.0,
        "Other Special Charges": NaN,
        "Impairment Of Capital Assets": NaN,
        "Restructuring And Mergern Acquisition": 1127000.0,
        "Selling General And Administration": 394573000.0,
        "Selling And Marketing Expense": 238176000.0,
        "General And Administrative Expense": 156397000.0,
        "Other Gand A": 156397000.0,
        "Total Revenue": 771759000.0,
        "Operating Revenue": 771759000.0,
        "Other Non Interest Expense": 290599000.0
    },
    "2025-06-30": {
        "Tax Effect Of Unusual Items": -279705.843554,
        "Tax Rate For Calcs": 0.133067,
        "Total Unusual Items": -2102000.0,
        "Total Unusual Items Excluding Goodwill": -2102000.0,
        "Net Income From Continuing Operation Net Minority Interest": 97263000.0,
        "Reconciled Depreciation": 56743000.0,
        "Net Interest Income": 517837000.0,
        "Interest Expense": 274568000.0,
        "Interest Income": 792405000.0,
        "Normalized Income": 99085294.156446,
        "Net Income From Continuing And Discontinued Operation": 97263000.0,
        "Diluted Average Shares": 1182877000.0,
        "Basic Average Shares": 1107006000.0,
        "Diluted EPS": 0.08,
        "Basic EPS": 0.09,
        "Diluted NI Availto Com Stockholders": 97614000.0,
        "Average Dilution Earnings": 351000.0,
        "Net Income Common Stockholders": 97263000.0,
        "Otherunder Preferred Stock Dividend": NaN,
        "Preferred Stock Dividends": NaN,
        "Net Income": 97263000.0,
        "Net Income Including Noncontrolling Interests": 97263000.0,
        "Net Income Continuous Operations": 97263000.0,
        "Tax Provision": 14929000.0,
        "Pretax Income": 112192000.0,
        "Special Income Charges": -2102000.0,
        "Other Special Charges": NaN,
        "Impairment Of Capital Assets": NaN,
        "Restructuring And Mergern Acquisition": 2102000.0,
        "Selling General And Administration": 430134000.0,
        "Selling And Marketing Expense": 264744000.0,
        "General And Administrative Expense": 165390000.0,
        "Other Gand A": 165390000.0,
        "Total Revenue": 854944000.0,
        "Operating Revenue": 854944000.0,
        "Other Non Interest Expense": 300481000.0
    },
    "2025-09-30": {
        "Tax Effect Of Unusual Items": -184658.501121,
        "Tax Rate For Calcs": 0.061656,
        "Total Unusual Items": -2995000.0,
        "Total Unusual Items Excluding Goodwill": -2995000.0,
        "Net Income From Continuing Operation Net Minority Interest": 139392000.0,
        "Reconciled Depreciation": 59245000.0,
        "Net Interest Income": 585114000.0,
        "Interest Expense": 306447000.0,
        "Interest Income": 891561000.0,
        "Normalized Income": 142202341.498879,
        "Net Income From Continuing And Discontinued Operation": 139392000.0,
        "Diluted Average Shares": 1291011000.0,
        "Basic Average Shares": 1171205000.0,
        "Diluted EPS": 0.11,
        "Basic EPS": 0.12,
        "Diluted NI Availto Com Stockholders": 139738000.0,
        "Average Dilution Earnings": 346000.0,
        "Net Income Common Stockholders": 139392000.0,
        "Otherunder Preferred Stock Dividend": NaN,
        "Preferred Stock Dividends": NaN,
        "Net Income": 139392000.0,
        "Net Income Including Noncontrolling Interests": 139392000.0,
        "Net Income Continuous Operations": 139392000.0,
        "Tax Provision": 9159000.0,
        "Pretax Income": 148551000.0,
        "Special Income Charges": -2995000.0,
        "Other Special Charges": NaN,
        "Impairment Of Capital Assets": NaN,
        "Restructuring And Mergern Acquisition": 2995000.0,
        "Selling General And Administration": 475283000.0,
        "Selling And Marketing Expense": 286878000.0,
        "General And Administrative Expense": 188405000.0,
        "Other Gand A": 188405000.0,
        "Total Revenue": 961600000.0,
        "Operating Revenue": 961600000.0,
        "Other Non Interest Expense": 325572000.0
    }
}