{
    "2023-03-31": {
        "Tax Effect Of Unusual Items": -268500.0,
        "Tax Rate For Calcs": 0.25,
        "Normalized EBITDA": -17378000.0,
        "Total Unusual Items": -1074000.0,
        "Total Unusual Items Excluding Goodwill": -1074000.0,
        "Net Income From Continuing Operation Net Minority Interest": -17933000.0,
        "Reconciled Cost Of Revenue": 40443000.0,
        "EBITDA": -18452000.0,
        "EBIT": -18452000.0,
        "Net Interest Income": 11084000.0,
        "Interest Expense": NaN,
        "Interest Income": 11084000.0,
        "Normalized Income": -17127500.0,
        "Net Income From Continuing And Discontinued Operation": -17933000.0,
        "Total Expenses": 180245000.0,
        "Total Operating Income As Reported": -18452000.0,
        "Diluted Average Shares": 34091000.0,
        "Basic Average Shares": 34091000.0,
        "Diluted EPS": -0.53,
        "Basic EPS": -0.53,
        "Diluted NI Availto Com Stockholders": -17933000.0,
        "Net Income Common Stockholders": -17933000.0,
        "Net Income": -17933000.0,
        "Minority Interests": 1000.0,
        "Net Income Including Noncontrolling Interests": -17934000.0,
        "Net Income Discontinuous Operations": NaN,
        "Net Income Continuous Operations": -17934000.0,
        "Tax Provision": 13289000.0,
        "Pretax Income": -4645000.0,
        "Other Income Expense": 2723000.0,
        "Other Non Operating Income Expenses": 3797000.0,
        "Gain On Sale Of Security": -1074000.0,
        "Net Non Operating Interest Income Expense": 11084000.0,
        "Interest Expense Non Operating": NaN,
        "Interest Income Non Operating": 11084000.0,
        "Operating Income": -18452000.0,
        "Operating Expense": 139802000.0,
        "Research And Development": 73048000.0,
        "Selling General And Administration": 66754000.0,
        "Selling And Marketing Expense": 52443000.0,
        "General And Administrative Expense": 14311000.0,
        "Other Gand A": 14311000.0,
        "Gross Profit": 121350000.0,
        "Cost Of Revenue": 40443000.0,
        "Total Revenue": 161793000.0,
        "Operating Revenue": 151987000.0
    },
    "2022-12-31": {
        "Tax Effect Of Unusual Items": NaN,
        "Tax Rate For Calcs": NaN,
        "Normalized EBITDA": NaN,
        "Total Unusual Items": NaN,
        "Total Unusual Items Excluding Goodwill": NaN,
        "Net Income From Continuing Operation Net Minority Interest": NaN,
        "Reconciled Cost Of Revenue": NaN,
        "EBITDA": NaN,
        "EBIT": NaN,
        "Net Interest Income": NaN,
        "Interest Expense": 0.0,
        "Interest Income": NaN,
        "Normalized Income": NaN,
        "Net Income From Continuing And Discontinued Operation": NaN,
        "Total Expenses": NaN,
        "Total Operating Income As Reported": NaN,
        "Diluted Average Shares": NaN,
        "Basic Average Shares": NaN,
        "Diluted EPS": NaN,
        "Basic EPS": NaN,
        "Diluted NI Availto Com Stockholders": NaN,
        "Net Income Common Stockholders": NaN,
        "Net Income": NaN,
        "Minority Interests": NaN,
        "Net Income Including Noncontrolling Interests": NaN,
        "Net Income Discontinuous Operations": 0.0,
        "Net Income Continuous Operations": NaN,
        "Tax Provision": NaN,
        "Pretax Income": NaN,
        "Other Income Expense": NaN,
        "Other Non Operating Income Expenses": NaN,
        "Gain On Sale Of Security": NaN,
        "Net Non Operating Interest Income Expense": NaN,
        "Interest Expense Non Operating": 0.0,
        "Interest Income Non Operating": NaN,
        "Operating Income": NaN,
        "Operating Expense": NaN,
        "Research And Development": NaN,
        "Selling General And Administration": NaN,
        "Selling And Marketing Expense": NaN,
        "General And Administrative Expense": NaN,
        "Other Gand A": NaN,
        "Gross Profit": NaN,
        "Cost Of Revenue": NaN,
        "Total Revenue": NaN,
        "Operating Revenue": NaN
    },
    "2022-09-30": {
        "Tax Effect Of Unusual Items": NaN,
        "Tax Rate For Calcs": NaN,
        "Normalized EBITDA": NaN,
        "Total Unusual Items": NaN,
        "Total Unusual Items Excluding Goodwill": NaN,
        "Net Income From Continuing Operation Net Minority Interest": NaN,
        "Reconciled Cost Of Revenue": NaN,
        "EBITDA": NaN,
        "EBIT": NaN,
        "Net Interest Income": NaN,
        "Interest Expense": 0.0,
        "Interest Income": NaN,
        "Normalized Income": NaN,
        "Net Income From Continuing And Discontinued Operation": NaN,
        "Total Expenses": NaN,
        "Total Operating Income As Reported": NaN,
        "Diluted Average Shares": NaN,
        "Basic Average Shares": NaN,
        "Diluted EPS": NaN,
        "Basic EPS": NaN,
        "Diluted NI Availto Com Stockholders": NaN,
        "Net Income Common Stockholders": NaN,
        "Net Income": NaN,
        "Minority Interests": NaN,
        "Net Income Including Noncontrolling Interests": NaN,
        "Net Income Discontinuous Operations": 0.0,
        "Net Income Continuous Operations": NaN,
        "Tax Provision": NaN,
        "Pretax Income": NaN,
        "Other Income Expense": NaN,
        "Other Non Operating Income Expenses": NaN,
        "Gain On Sale Of Security": NaN,
        "Net Non Operating Interest Income Expense": NaN,
        "Interest Expense Non Operating": 0.0,
        "Interest Income Non Operating": NaN,
        "Operating Income": NaN,
        "Operating Expense": NaN,
        "Research And Development": NaN,
        "Selling General And Administration": NaN,
        "Selling And Marketing Expense": NaN,
        "General And Administrative Expense": NaN,
        "Other Gand A": NaN,
        "Gross Profit": NaN,
        "Cost Of Revenue": NaN,
        "Total Revenue": NaN,
        "Operating Revenue": NaN
    },
    "2022-06-30": {
        "Tax Effect Of Unusual Items": 1977200.0,
        "Tax Rate For Calcs": 0.4,
        "Normalized EBITDA": 21049000.0,
        "Total Unusual Items": 4943000.0,
        "Total Unusual Items Excluding Goodwill": 4943000.0,
        "Net Income From Continuing Operation Net Minority Interest": 8668000.0,
        "Reconciled Cost Of Revenue": 53000000.0,
        "EBITDA": 25992000.0,
        "EBIT": 25992000.0,
        "Net Interest Income": 3720000.0,
        "Interest Expense": 0.0,
        "Interest Income": 3720000.0,
        "Normalized Income": 5702200.0,
        "Net Income From Continuing And Discontinued Operation": 8668000.0,
        "Total Expenses": 184686000.0,
        "Total Operating Income As Reported": 10094000.0,
        "Diluted Average Shares": 34535000.0,
        "Basic Average Shares": 34535000.0,
        "Diluted EPS": 0.25,
        "Basic EPS": 0.25,
        "Diluted NI Availto Com Stockholders": 8668000.0,
        "Net Income Common Stockholders": 8668000.0,
        "Net Income": 8668000.0,
        "Minority Interests": -1000.0,
        "Net Income Including Noncontrolling Interests": 8669000.0,
        "Net Income Discontinuous Operations": 0.0,
        "Net Income Continuous Operations": 8669000.0,
        "Tax Provision": 17323000.0,
        "Pretax Income": 25992000.0,
        "Other Income Expense": 12178000.0,
        "Other Non Operating Income Expenses": 7235000.0,
        "Gain On Sale Of Security": 4943000.0,
        "Net Non Operating Interest Income Expense": 3720000.0,
        "Interest Expense Non Operating": 0.0,
        "Interest Income Non Operating": 3720000.0,
        "Operating Income": 10094000.0,
        "Operating Expense": 131686000.0,
        "Research And Development": 65098000.0,
        "Selling General And Administration": 66588000.0,
        "Selling And Marketing Expense": 53359000.0,
        "General And Administrative Expense": 13229000.0,
        "Other Gand A": 13229000.0,
        "Gross Profit": 141780000.0,
        "Cost Of Revenue": 53000000.0,
        "Total Revenue": 194780000.0,
        "Operating Revenue": 182217000.0
    },
    "2022-03-31": {
        "Diluted EPS": 0.07,
        "Total Revenue": 193,
        "Gross Profit": 144,
        "Operating Income": 13,
        "EBIT": 13,
        "Net Income": 3
    },
    "2021-12-31": {
        "Diluted EPS": 0.6,
        "Total Revenue": 193,
        "Gross Profit": 141,
        "Operating Income": -3,
        "EBIT": -3,
        "Net Income": 4
    },
    "2021-09-30": {
        "Diluted EPS": 21.06,
        "Total Revenue": 216,
        "Gross Profit": 159,
        "Operating Income": 25,
        "EBIT": 25,
        "Net Income": 834
    },
    "2021-06-30": {
        "Diluted EPS": 1.03,
        "Total Revenue": 204,
        "Gross Profit": 155,
        "Operating Income": 25,
        "EBIT": 25,
        "Net Income": 41
    },
    "2021-03-31": {
        "Diluted EPS": 0.8,
        "Total Revenue": 222,
        "Gross Profit": 175,
        "Operating Income": 51,
        "EBIT": 51,
        "Net Income": 49
    },
    "2020-12-31": {
        "Diluted EPS": 1.1,
        "Total Revenue": 253,
        "Gross Profit": 200,
        "Operating Income": 67,
        "EBIT": 67,
        "Net Income": 43
    },
    "2020-09-30": {
        "Diluted EPS": -0.75,
        "Total Revenue": 158,
        "Gross Profit": 104,
        "Operating Income": -11,
        "EBIT": -11,
        "Net Income": -30
    },
    "2020-06-30": {
        "Diluted EPS": -2.04,
        "Total Revenue": 160,
        "Gross Profit": 107,
        "Operating Income": 1,
        "EBIT": 1,
        "Net Income": -80
    },
    "2020-03-31": {
        "Diluted EPS": -0.52,
        "Total Revenue": 179,
        "Gross Profit": 121,
        "Operating Income": 16,
        "EBIT": 16,
        "Net Income": -20
    },
    "2019-12-31": {
        "Diluted EPS": -0.44,
        "Total Revenue": 189,
        "Gross Profit": 120,
        "Operating Income": 2,
        "EBIT": 2,
        "Net Income": -17
    },
    "2019-09-30": {
        "Diluted EPS": -0.59,
        "Total Revenue": 167,
        "Gross Profit": 105,
        "Operating Income": -17,
        "EBIT": -17,
        "Net Income": -23
    },
    "2019-06-30": {
        "Diluted EPS": -1.35,
        "Total Revenue": 462,
        "Gross Profit": 210,
        "Operating Income": -11,
        "EBIT": -11,
        "Net Income": -53
    },
    "2019-03-31": {
        "Diluted EPS": -1.44,
        "Total Revenue": 411,
        "Gross Profit": 170,
        "Operating Income": -42,
        "EBIT": -42,
        "Net Income": -56
    },
    "2018-12-31": {
        "Diluted EPS": 0.38,
        "Total Revenue": 428,
        "Gross Profit": 219,
        "Operating Income": -16,
        "EBIT": -16,
        "Net Income": 15
    },
    "2018-09-30": {
        "Diluted EPS": -0.89,
        "Total Revenue": 444,
        "Gross Profit": 205,
        "Operating Income": -36,
        "EBIT": -36,
        "Net Income": -34
    },
    "2018-06-30": {
        "Diluted EPS": -1.23,
        "Total Revenue": 486,
        "Gross Profit": 212,
        "Operating Income": -32,
        "EBIT": -32,
        "Net Income": -48
    },
    "2018-03-31": {
        "Diluted EPS": -2.39,
        "Total Revenue": 455,
        "Gross Profit": 194,
        "Operating Income": -31,
        "EBIT": 9,
        "Net Income": -93
    },
    "2017-12-31": {
        "Diluted EPS": -7.58,
        "Total Revenue": 510,
        "Gross Profit": 234,
        "Operating Income": -41,
        "EBIT": 39,
        "Net Income": -294
    },
    "2017-09-30": {
        "Diluted EPS": -2.67,
        "Total Revenue": 516,
        "Gross Profit": 254,
        "Operating Income": -81,
        "EBIT": 55,
        "Net Income": -104
    },
    "2017-06-30": {
        "Diluted EPS": -2.28,
        "Total Revenue": 461,
        "Gross Profit": 183,
        "Operating Income": -40,
        "EBIT": 72,
        "Net Income": -88
    },
    "2017-03-31": {
        "Diluted EPS": -1.77,
        "Total Revenue": 374,
        "Gross Profit": 155,
        "Operating Income": -47,
        "EBIT": 8,
        "Net Income": -68
    },
    "2016-12-31": {
        "Diluted EPS": -1.72,
        "Total Revenue": 412,
        "Gross Profit": 180,
        "Operating Income": -52,
        "EBIT": 10,
        "Net Income": -66
    },
    "2016-09-30": {
        "Diluted EPS": -1.94,
        "Total Revenue": 411,
        "Gross Profit": 188,
        "Operating Income": -52,
        "EBIT": 12,
        "Net Income": -75
    },
    "2016-06-30": {
        "Diluted EPS": -1.64,
        "Total Revenue": 420,
        "Gross Profit": 208,
        "Operating Income": -29,
        "EBIT": 24,
        "Net Income": -63
    },
    "2016-03-31": {
        "Diluted EPS": -0.53,
        "Total Revenue": 408,
        "Gross Profit": 215,
        "Operating Income": 15,
        "EBIT": 65,
        "Net Income": -20
    },
    "2015-12-31": {
        "Diluted EPS": -0.8,
        "Total Revenue": 466,
        "Gross Profit": 265,
        "Operating Income": 19,
        "EBIT": 72,
        "Net Income": -30
    },
    "2015-09-30": {
        "Diluted EPS": 1.0,
        "Total Revenue": 522,
        "Gross Profit": 308,
        "Operating Income": 43,
        "EBIT": 140,
        "Net Income": 39
    },
    "2015-06-30": {
        "Diluted EPS": -0.71,
        "Total Revenue": 494,
        "Gross Profit": 272,
        "Operating Income": 18,
        "EBIT": 83,
        "Net Income": -27
    },
    "2015-03-31": {
        "Diluted EPS": -0.81,
        "Total Revenue": 455,
        "Gross Profit": 233,
        "Operating Income": 3,
        "EBIT": 83,
        "Net Income": -31
    },
    "2014-12-31": {
        "Diluted EPS": -0.48,
        "Total Revenue": 477,
        "Gross Profit": 282,
        "Operating Income": -34,
        "EBIT": 69,
        "Net Income": -20
    },
    "2014-09-30": {
        "Diluted EPS": -0.74,
        "Total Revenue": 430,
        "Gross Profit": 249,
        "Operating Income": -41,
        "EBIT": 15,
        "Net Income": -27
    },
    "2014-06-30": {
        "Diluted EPS": -1.16,
        "Total Revenue": 400,
        "Gross Profit": 230,
        "Operating Income": -62,
        "EBIT": -6,
        "Net Income": -41
    },
    "2014-03-31": {
        "Diluted EPS": -2.05,
        "Total Revenue": 365,
        "Gross Profit": 227,
        "Operating Income": -69,
        "EBIT": -21,
        "Net Income": -79
    },
    "2013-12-31": {
        "Diluted EPS": 0.06,
        "Total Revenue": 385,
        "Gross Profit": 248,
        "Operating Income": -4,
        "EBIT": 37,
        "Net Income": 3
    },
    "2013-09-30": {
        "Diluted EPS": -1.69,
        "Total Revenue": 368,
        "Gross Profit": 243,
        "Operating Income": 52,
        "EBIT": 87,
        "Net Income": -64
    },
    "2013-06-30": {
        "Diluted EPS": 0.56,
        "Total Revenue": 339,
        "Gross Profit": 225,
        "Operating Income": 64,
        "EBIT": 94,
        "Net Income": 22
    },
    "2013-03-31": {
        "Diluted EPS": 0.6,
        "Total Revenue": 308,
        "Gross Profit": 204,
        "Operating Income": 71,
        "EBIT": 99,
        "Net Income": 24
    },
    "2012-12-31": {
        "Diluted EPS": 0.22,
        "Total Revenue": 299,
        "Gross Profit": 206,
        "Operating Income": 64,
        "EBIT": 91,
        "Net Income": 11
    },
    "2012-09-30": {
        "Diluted EPS": 0.63,
        "Total Revenue": 285,
        "Gross Profit": 189,
        "Operating Income": 64,
        "EBIT": 92,
        "Net Income": 26
    },
    "2012-06-30": {
        "Diluted EPS": 0.28,
        "Total Revenue": 256,
        "Gross Profit": 156,
        "Operating Income": 43,
        "EBIT": 72,
        "Net Income": 13
    },
    "2012-03-31": {
        "Diluted EPS": 0.53,
        "Total Revenue": 227,
        "Gross Profit": 147,
        "Operating Income": 52,
        "EBIT": 79,
        "Net Income": 23
    },
    "2011-12-31": {
        "Diluted EPS": 0.65,
        "Total Revenue": 246,
        "Gross Profit": 175,
        "Operating Income": 49,
        "EBIT": 101,
        "Net Income": 27
    },
    "2011-09-30": {
        "Diluted EPS": 1.17,
        "Total Revenue": 233,
        "Gross Profit": 165,
        "Operating Income": 74,
        "EBIT": 92,
        "Net Income": 47
    },
    "2011-06-30": {
        "Diluted EPS": 1.1,
        "Total Revenue": 199,
        "Gross Profit": 144,
        "Operating Income": 69,
        "EBIT": 84,
        "Net Income": 44
    },
    "2011-03-31": {
        "Diluted EPS": 1.01,
        "Total Revenue": 174,
        "Gross Profit": 127,
        "Operating Income": 63,
        "EBIT": 76,
        "Net Income": 45
    },
    "2010-12-31": {
        "Diluted EPS": 1.06,
        "Total Revenue": 173,
        "Gross Profit": 124,
        "Operating Income": 66,
        "EBIT": 74,
        "Net Income": 44
    },
    "2010-09-30": {
        "Diluted EPS": 1.01,
        "Total Revenue": 164,
        "Gross Profit": 121,
        "Operating Income": 65,
        "EBIT": 72,
        "Net Income": 41
    },
    "2010-06-30": {
        "Diluted EPS": 0.82,
        "Total Revenue": 146,
        "Gross Profit": 107,
        "Operating Income": 51,
        "EBIT": 57,
        "Net Income": 33
    },
    "2010-03-31": {
        "Diluted EPS": 0.73,
        "Total Revenue": 129,
        "Gross Profit": 97,
        "Operating Income": 48,
        "EBIT": 53,
        "Net Income": 30
    },
    "2009-12-31": {
        "Diluted EPS": 0.75,
        "Total Revenue": 136,
        "Gross Profit": 102,
        "Operating Income": 53,
        "EBIT": 58,
        "Net Income": 32
    },
    "2009-09-30": {
        "Diluted EPS": 0.88,
        "Total Revenue": 137,
        "Gross Profit": 103,
        "Operating Income": 53,
        "EBIT": 57,
        "Net Income": 37
    },
    "2009-06-30": {
        "Diluted EPS": 0.79,
        "Total Revenue": 127,
        "Gross Profit": 98,
        "Operating Income": 49,
        "EBIT": 53,
        "Net Income": 34
    },
    "2009-03-31": {
        "Diluted EPS": 1.15,
        "Total Revenue": 116,
        "Gross Profit": 88,
        "Operating Income": 50,
        "EBIT": 54,
        "Net Income": 45
    },
    "2023-06-30": {
        "Tax Effect Of Unusual Items": 766750.0,
        "Tax Rate For Calcs": 0.25,
        "Normalized EBITDA": -26015000.0,
        "Total Unusual Items": 3067000.0,
        "Total Unusual Items Excluding Goodwill": 3067000.0,
        "Net Income From Continuing Operation Net Minority Interest": -21195000.0,
        "Reconciled Cost Of Revenue": 37021000.0,
        "EBITDA": -22948000.0,
        "EBIT": -22948000.0,
        "Net Interest Income": 11041000.0,
        "Interest Income": 11041000.0,
        "Normalized Income": -23495250.0,
        "Net Income From Continuing And Discontinued Operation": -21195000.0,
        "Total Expenses": 175038000.0,
        "Total Operating Income As Reported": -22948000.0,
        "Diluted Average Shares": 34091000.0,
        "Basic Average Shares": 34091000.0,
        "Diluted EPS": -0.62,
        "Basic EPS": -0.62,
        "Diluted NI Availto Com Stockholders": -21195000.0,
        "Net Income Common Stockholders": -21195000.0,
        "Net Income": -21195000.0,
        "Minority Interests": 261000.0,
        "Net Income Including Noncontrolling Interests": -21456000.0,
        "Net Income Discontinuous Operations": NaN,
        "Net Income Continuous Operations": -21456000.0,
        "Tax Provision": 17747000.0,
        "Pretax Income": -3709000.0,
        "Other Income Expense": 8198000.0,
        "Other Non Operating Income Expenses": 5131000.0,
        "Gain On Sale Of Security": 3067000.0,
        "Net Non Operating Interest Income Expense": 11041000.0,
        "Interest Income Non Operating": 11041000.0,
        "Operating Income": -22948000.0,
        "Operating Expense": 138017000.0,
        "Research And Development": 69492000.0,
        "Selling General And Administration": 68525000.0,
        "Selling And Marketing Expense": 57153000.0,
        "General And Administrative Expense": 11372000.0,
        "Other Gand A": 11372000.0,
        "Gross Profit": 115069000.0,
        "Cost Of Revenue": 37021000.0,
        "Total Revenue": 152090000.0,
        "Operating Revenue": 142309000.0
    },
    "2023-09-30": {
        "Tax Effect Of Unusual Items": NaN,
        "Tax Rate For Calcs": NaN,
        "Normalized EBITDA": NaN,
        "Total Unusual Items": NaN,
        "Total Unusual Items Excluding Goodwill": NaN,
        "Net Income From Continuing Operation Net Minority Interest": NaN,
        "Reconciled Cost Of Revenue": NaN,
        "EBITDA": NaN,
        "EBIT": NaN,
        "Net Interest Income": NaN,
        "Interest Income": NaN,
        "Normalized Income": NaN,
        "Net Income From Continuing And Discontinued Operation": NaN,
        "Total Expenses": NaN,
        "Total Operating Income As Reported": NaN,
        "Diluted Average Shares": NaN,
        "Basic Average Shares": NaN,
        "Diluted EPS": NaN,
        "Basic EPS": NaN,
        "Diluted NI Availto Com Stockholders": NaN,
        "Net Income Common Stockholders": NaN,
        "Net Income": NaN,
        "Minority Interests": NaN,
        "Net Income Including Noncontrolling Interests": NaN,
        "Net Income Discontinuous Operations": 35426000.0,
        "Net Income Continuous Operations": NaN,
        "Tax Provision": NaN,
        "Pretax Income": NaN,
        "Other Income Expense": NaN,
        "Other Non Operating Income Expenses": NaN,
        "Gain On Sale Of Security": NaN,
        "Net Non Operating Interest Income Expense": NaN,
        "Interest Income Non Operating": NaN,
        "Operating Income": NaN,
        "Operating Expense": NaN,
        "Research And Development": NaN,
        "Selling General And Administration": NaN,
        "Selling And Marketing Expense": NaN,
        "General And Administrative Expense": NaN,
        "Other Gand A": NaN,
        "Gross Profit": NaN,
        "Cost Of Revenue": NaN,
        "Total Revenue": NaN,
        "Operating Revenue": NaN
    },
    "2023-12-31": {
        "Tax Effect Of Unusual Items": 1327500.0,
        "Tax Rate For Calcs": 0.25,
        "Normalized EBITDA": 51071000.0,
        "Total Unusual Items": 5310000.0,
        "Total Unusual Items Excluding Goodwill": 5310000.0,
        "Net Income From Continuing Operation Net Minority Interest": -12618000.0,
        "Reconciled Cost Of Revenue": 33822000.0,
        "EBITDA": 56381000.0,
        "EBIT": 56381000.0,
        "Net Interest Income": 11578000.0,
        "Interest Income": 11578000.0,
        "Normalized Income": -16600500.0,
        "Net Income From Continuing And Discontinued Operation": -12618000.0,
        "Total Expenses": 146666000.0,
        "Total Operating Income As Reported": -25279000.0,
        "Diluted Average Shares": 34061000.0,
        "Basic Average Shares": 34061000.0,
        "Diluted EPS": -0.37,
        "Basic EPS": -0.37,
        "Diluted NI Availto Com Stockholders": -12618000.0,
        "Net Income Common Stockholders": -12618000.0,
        "Net Income": -12618000.0,
        "Minority Interests": 1000.0,
        "Net Income Including Noncontrolling Interests": -12619000.0,
        "Net Income Discontinuous Operations": NaN,
        "Net Income Continuous Operations": -12619000.0,
        "Tax Provision": 14044000.0,
        "Pretax Income": 1425000.0,
        "Other Income Expense": -4846000.0,
        "Other Non Operating Income Expenses": -10156000.0,
        "Gain On Sale Of Security": 5593000.0,
        "Net Non Operating Interest Income Expense": 11578000.0,
        "Interest Income Non Operating": 11578000.0,
        "Operating Income": -5307000.0,
        "Operating Expense": 112844000.0,
        "Research And Development": 69553000.0,
        "Selling General And Administration": 63263000.0,
        "Selling And Marketing Expense": 50813000.0,
        "General And Administrative Expense": 12450000.0,
        "Other Gand A": 12450000.0,
        "Gross Profit": 107537000.0,
        "Cost Of Revenue": 33822000.0,
        "Total Revenue": 141359000.0,
        "Operating Revenue": 134954000.0
    },
    "2024-03-31": {
        "Tax Effect Of Unusual Items": -4750.0,
        "Tax Rate For Calcs": 0.25,
        "Normalized EBITDA": -26859000.0,
        "Total Unusual Items": -19000.0,
        "Total Unusual Items Excluding Goodwill": -19000.0,
        "Net Income From Continuing Operation Net Minority Interest": -24974000.0,
        "Reconciled Cost Of Revenue": 32719000.0,
        "EBITDA": -26878000.0,
        "EBIT": -26878000.0,
        "Net Interest Income": 11358000.0,
        "Interest Income": 11358000.0,
        "Normalized Income": -24959750.0,
        "Net Income From Continuing And Discontinued Operation": -24974000.0,
        "Total Expenses": 166268000.0,
        "Total Operating Income As Reported": -26878000.0,
        "Diluted Average Shares": 33033000.0,
        "Basic Average Shares": 33033000.0,
        "Diluted EPS": -0.76,
        "Basic EPS": -0.76,
        "Diluted NI Availto Com Stockholders": -24974000.0,
        "Net Income Common Stockholders": -24974000.0,
        "Net Income": -24974000.0,
        "Minority Interests": 0.0,
        "Net Income Including Noncontrolling Interests": -24974000.0,
        "Net Income Discontinuous Operations": NaN,
        "Net Income Continuous Operations": -24974000.0,
        "Tax Provision": 13924000.0,
        "Pretax Income": -11050000.0,
        "Other Income Expense": 4470000.0,
        "Other Non Operating Income Expenses": 4489000.0,
        "Gain On Sale Of Security": -19000.0,
        "Net Non Operating Interest Income Expense": 11358000.0,
        "Interest Income Non Operating": 11358000.0,
        "Operating Income": -26878000.0,
        "Operating Expense": 133549000.0,
        "Research And Development": 66209000.0,
        "Selling General And Administration": 67340000.0,
        "Selling And Marketing Expense": 54806000.0,
        "General And Administrative Expense": 12534000.0,
        "Other Gand A": 12534000.0,
        "Gross Profit": 106671000.0,
        "Cost Of Revenue": 32719000.0,
        "Total Revenue": 139390000.0,
        "Operating Revenue": 133882000.0
    },
    "2024-06-30": {
        "Tax Effect Of Unusual Items": NaN,
        "Tax Rate For Calcs": NaN,
        "Normalized EBITDA": NaN,
        "Total Unusual Items": NaN,
        "Total Unusual Items Excluding Goodwill": NaN,
        "Net Income From Continuing Operation Net Minority Interest": NaN,
        "Reconciled Cost Of Revenue": NaN,
        "EBITDA": NaN,
        "EBIT": NaN,
        "Net Interest Income": NaN,
        "Interest Income": NaN,
        "Normalized Income": NaN,
        "Net Income From Continuing And Discontinued Operation": NaN,
        "Total Expenses": NaN,
        "Total Operating Income As Reported": NaN,
        "Diluted Average Shares": NaN,
        "Basic Average Shares": NaN,
        "Diluted EPS": NaN,
        "Basic EPS": NaN,
        "Diluted NI Availto Com Stockholders": NaN,
        "Net Income Common Stockholders": NaN,
        "Net Income": NaN,
        "Minority Interests": 0.0,
        "Net Income Including Noncontrolling Interests": NaN,
        "Net Income Discontinuous Operations": NaN,
        "Net Income Continuous Operations": NaN,
        "Tax Provision": NaN,
        "Pretax Income": NaN,
        "Other Income Expense": NaN,
        "Other Non Operating Income Expenses": NaN,
        "Gain On Sale Of Security": NaN,
        "Net Non Operating Interest Income Expense": NaN,
        "Interest Income Non Operating": NaN,
        "Operating Income": NaN,
        "Operating Expense": NaN,
        "Research And Development": NaN,
        "Selling General And Administration": NaN,
        "Selling And Marketing Expense": NaN,
        "General And Administrative Expense": NaN,
        "Other Gand A": NaN,
        "Gross Profit": NaN,
        "Cost Of Revenue": NaN,
        "Total Revenue": NaN,
        "Operating Revenue": NaN
    },
    "2024-09-30": {
        "Tax Effect Of Unusual Items": -247000.0,
        "Tax Rate For Calcs": 0.25,
        "Normalized EBITDA": -12052000.0,
        "Total Unusual Items": -988000.0,
        "Total Unusual Items Excluding Goodwill": -988000.0,
        "Net Income From Continuing Operation Net Minority Interest": -16347000.0,
        "Reconciled Cost Of Revenue": 39615000.0,
        "EBITDA": -13040000.0,
        "EBIT": -13040000.0,
        "Net Interest Income": 9074000.0,
        "Interest Income": 9074000.0,
        "Normalized Income": -15606000.0,
        "Net Income From Continuing And Discontinued Operation": -16347000.0,
        "Total Expenses": 165032000.0,
        "Total Operating Income As Reported": -13040000.0,
        "Diluted Average Shares": 31729000.0,
        "Basic Average Shares": 31729000.0,
        "Diluted EPS": -0.52,
        "Basic EPS": -0.52,
        "Diluted NI Availto Com Stockholders": -16347000.0,
        "Net Income Common Stockholders": -16347000.0,
        "Net Income": -16347000.0,
        "Minority Interests": 0.0,
        "Net Income Including Noncontrolling Interests": -16347000.0,
        "Net Income Discontinuous Operations": 0.0,
        "Net Income Continuous Operations": -16347000.0,
        "Tax Provision": 15028000.0,
        "Pretax Income": -1319000.0,
        "Other Income Expense": 2647000.0,
        "Other Non Operating Income Expenses": 3635000.0,
        "Gain On Sale Of Security": -988000.0,
        "Net Non Operating Interest Income Expense": 9074000.0,
        "Interest Income Non Operating": 9074000.0,
        "Operating Income": -13040000.0,
        "Operating Expense": 125417000.0,
        "Research And Development": 62231000.0,
        "Selling General And Administration": 63186000.0,
        "Selling And Marketing Expense": 48494000.0,
        "General And Administrative Expense": 14692000.0,
        "Other Gand A": 14692000.0,
        "Gross Profit": 112377000.0,
        "Cost Of Revenue": 39615000.0,
        "Total Revenue": 151992000.0,
        "Operating Revenue": 146398000.0
    },
    "2024-12-31": {
        "Tax Effect Of Unusual Items": 1739250.0,
        "Tax Rate For Calcs": 0.25,
        "Normalized EBITDA": -24392000.0,
        "Total Unusual Items": 6957000.0,
        "Total Unusual Items Excluding Goodwill": 6957000.0,
        "Net Income From Continuing Operation Net Minority Interest": -21291000.0,
        "Reconciled Cost Of Revenue": 37033000.0,
        "EBITDA": -17435000.0,
        "EBIT": -17435000.0,
        "Net Interest Income": 8632000.0,
        "Interest Income": 8632000.0,
        "Normalized Income": -26508750.0,
        "Net Income From Continuing And Discontinued Operation": -21291000.0,
        "Total Expenses": 152119000.0,
        "Total Operating Income As Reported": -25193000.0,
        "Diluted Average Shares": 30799000.0,
        "Basic Average Shares": 30799000.0,
        "Diluted EPS": -0.69,
        "Basic EPS": -0.69,
        "Diluted NI Availto Com Stockholders": -21291000.0,
        "Net Income Common Stockholders": -21291000.0,
        "Net Income": -21291000.0,
        "Minority Interests": -31000.0,
        "Net Income Including Noncontrolling Interests": -21260000.0,
        "Net Income Discontinuous Operations": NaN,
        "Net Income Continuous Operations": -21260000.0,
        "Tax Provision": 14387000.0,
        "Pretax Income": -6873000.0,
        "Other Income Expense": 1930000.0,
        "Other Non Operating Income Expenses": -5027000.0,
        "Gain On Sale Of Security": 6957000.0,
        "Net Non Operating Interest Income Expense": 8632000.0,
        "Interest Income Non Operating": 8632000.0,
        "Operating Income": -17435000.0,
        "Operating Expense": 115086000.0,
        "Research And Development": 61584000.0,
        "Selling General And Administration": 61260000.0,
        "Selling And Marketing Expense": 48588000.0,
        "General And Administrative Expense": 12672000.0,
        "Other Gand A": 12672000.0,
        "Gross Profit": 97651000.0,
        "Cost Of Revenue": 37033000.0,
        "Total Revenue": 134684000.0,
        "Operating Revenue": 128724000.0
    },
    "2025-03-31": {
        "Tax Effect Of Unusual Items": -29750.0,
        "Tax Rate For Calcs": 0.25,
        "Normalized EBITDA": -18909000.0,
        "Total Unusual Items": -119000.0,
        "Total Unusual Items Excluding Goodwill": -119000.0,
        "Net Income From Continuing Operation Net Minority Interest": 182160000.0,
        "Reconciled Cost Of Revenue": 33146000.0,
        "EBITDA": -19028000.0,
        "EBIT": -19028000.0,
        "Net Interest Income": 7708000.0,
        "Interest Income": 7708000.0,
        "Normalized Income": 182249250.0,
        "Net Income From Continuing And Discontinued Operation": 182160000.0,
        "Total Expenses": 154673000.0,
        "Total Operating Income As Reported": -19028000.0,
        "Diluted Average Shares": 30008000.0,
        "Basic Average Shares": 30008000.0,
        "Diluted EPS": 6.07,
        "Basic EPS": 6.07,
        "Diluted NI Availto Com Stockholders": 182160000.0,
        "Net Income Common Stockholders": 182160000.0,
        "Net Income": 182160000.0,
        "Minority Interests": 9000.0,
        "Net Income Including Noncontrolling Interests": 182151000.0,
        "Net Income Discontinuous Operations": NaN,
        "Net Income Continuous Operations": 182151000.0,
        "Tax Provision": -189391000.0,
        "Pretax Income": -7240000.0,
        "Other Income Expense": 4080000.0,
        "Other Non Operating Income Expenses": 4199000.0,
        "Gain On Sale Of Security": -119000.0,
        "Net Non Operating Interest Income Expense": 7708000.0,
        "Interest Income Non Operating": 7708000.0,
        "Operating Income": -19028000.0,
        "Operating Expense": 121527000.0,
        "Research And Development": 62972000.0,
        "Selling General And Administration": 58555000.0,
        "Selling And Marketing Expense": 45586000.0,
        "General And Administrative Expense": 12969000.0,
        "Other Gand A": 12969000.0,
        "Gross Profit": 102499000.0,
        "Cost Of Revenue": 33146000.0,
        "Total Revenue": 135645000.0,
        "Operating Revenue": 131072000.0
    },
    "2025-06-30": {
        "Tax Effect Of Unusual Items": 46250.0,
        "Tax Rate For Calcs": 0.25,
        "Normalized EBITDA": -22500000.0,
        "Total Unusual Items": 185000.0,
        "Total Unusual Items Excluding Goodwill": 185000.0,
        "Net Income From Continuing Operation Net Minority Interest": -20016000.0,
        "Reconciled Cost Of Revenue": 28291000.0,
        "EBITDA": -22315000.0,
        "EBIT": -22315000.0,
        "Net Interest Income": 7570000.0,
        "Interest Income": 7570000.0,
        "Normalized Income": -20154750.0,
        "Net Income From Continuing And Discontinued Operation": -20016000.0,
        "Total Expenses": 148582000.0,
        "Total Operating Income As Reported": -22315000.0,
        "Diluted Average Shares": 28826000.0,
        "Basic Average Shares": 28826000.0,
        "Diluted EPS": -0.69,
        "Basic EPS": -0.69,
        "Diluted NI Availto Com Stockholders": -20016000.0,
        "Net Income Common Stockholders": -20016000.0,
        "Net Income": -20016000.0,
        "Minority Interests": 0.0,
        "Net Income Including Noncontrolling Interests": -20016000.0,
        "Net Income Discontinuous Operations": NaN,
        "Net Income Continuous Operations": -20016000.0,
        "Tax Provision": 8937000.0,
        "Pretax Income": -11079000.0,
        "Other Income Expense": 3666000.0,
        "Other Non Operating Income Expenses": 3481000.0,
        "Gain On Sale Of Security": 185000.0,
        "Net Non Operating Interest Income Expense": 7570000.0,
        "Interest Income Non Operating": 7570000.0,
        "Operating Income": -22315000.0,
        "Operating Expense": 120291000.0,
        "Research And Development": 58824000.0,
        "Selling General And Administration": 61467000.0,
        "Selling And Marketing Expense": 48545000.0,
        "General And Administrative Expense": 12922000.0,
        "Other Gand A": 12922000.0,
        "Gross Profit": 97976000.0,
        "Cost Of Revenue": 28291000.0,
        "Total Revenue": 126267000.0,
        "Operating Revenue": 121618000.0
    },
    "2025-09-30": {
        "Tax Effect Of Unusual Items": -140750.0,
        "Tax Rate For Calcs": 0.25,
        "Normalized EBITDA": 14143000.0,
        "Total Unusual Items": -563000.0,
        "Total Unusual Items Excluding Goodwill": -563000.0,
        "Net Income From Continuing Operation Net Minority Interest": 8666000.0,
        "Reconciled Cost Of Revenue": 34866000.0,
        "EBITDA": 13580000.0,
        "EBIT": 13580000.0,
        "Net Interest Income": 7140000.0,
        "Interest Income": 7140000.0,
        "Normalized Income": 9088250.0,
        "Net Income From Continuing And Discontinued Operation": 8666000.0,
        "Total Expenses": 166581000.0,
        "Total Operating Income As Reported": 13580000.0,
        "Diluted Average Shares": 27491000.0,
        "Basic Average Shares": 27491000.0,
        "Diluted EPS": 0.32,
        "Basic EPS": 0.32,
        "Diluted NI Availto Com Stockholders": 8666000.0,
        "Net Income Common Stockholders": 8666000.0,
        "Net Income": 8666000.0,
        "Minority Interests": NaN,
        "Net Income Including Noncontrolling Interests": 8666000.0,
        "Net Income Discontinuous Operations": NaN,
        "Net Income Continuous Operations": 8666000.0,
        "Tax Provision": 16636000.0,
        "Pretax Income": 25302000.0,
        "Other Income Expense": 4582000.0,
        "Other Non Operating Income Expenses": 5145000.0,
        "Gain On Sale Of Security": -563000.0,
        "Net Non Operating Interest Income Expense": 7140000.0,
        "Interest Income Non Operating": 7140000.0,
        "Operating Income": 13580000.0,
        "Operating Expense": 131715000.0,
        "Research And Development": 61820000.0,
        "Selling General And Administration": 69895000.0,
        "Selling And Marketing Expense": 49699000.0,
        "General And Administrative Expense": 20196000.0,
        "Other Gand A": 20196000.0,
        "Gross Profit": 145295000.0,
        "Cost Of Revenue": 34866000.0,
        "Total Revenue": 180161000.0,
        "Operating Revenue": 175632000.0
    }
}