{
    "2023-03-31": {
        "Tax Effect Of Unusual Items": NaN,
        "Tax Rate For Calcs": NaN,
        "Normalized EBITDA": NaN,
        "Total Unusual Items": NaN,
        "Total Unusual Items Excluding Goodwill": NaN,
        "Net Income From Continuing Operation Net Minority Interest": NaN,
        "Reconciled Depreciation": 2050000.0,
        "Reconciled Cost Of Revenue": NaN,
        "EBITDA": NaN,
        "EBIT": NaN,
        "Net Interest Income": NaN,
        "Interest Expense": NaN,
        "Interest Income": NaN,
        "Normalized Income": NaN,
        "Net Income From Continuing And Discontinued Operation": NaN,
        "Total Expenses": NaN,
        "Total Operating Income As Reported": NaN,
        "Diluted Average Shares": NaN,
        "Basic Average Shares": NaN,
        "Diluted EPS": NaN,
        "Basic EPS": NaN,
        "Diluted NI Availto Com Stockholders": NaN,
        "Net Income Common Stockholders": NaN,
        "Net Income": NaN,
        "Minority Interests": NaN,
        "Net Income Including Noncontrolling Interests": NaN,
        "Net Income Continuous Operations": NaN,
        "Tax Provision": NaN,
        "Pretax Income": NaN,
        "Other Income Expense": NaN,
        "Special Income Charges": NaN,
        "Impairment Of Capital Assets": NaN,
        "Gain On Sale Of Security": NaN,
        "Net Non Operating Interest Income Expense": NaN,
        "Total Other Finance Cost": 133000.0,
        "Interest Expense Non Operating": NaN,
        "Interest Income Non Operating": NaN,
        "Operating Income": NaN,
        "Operating Expense": NaN,
        "Other Operating Expenses": NaN,
        "Selling General And Administration": NaN,
        "Selling And Marketing Expense": NaN,
        "General And Administrative Expense": NaN,
        "Other Gand A": NaN,
        "Gross Profit": NaN,
        "Cost Of Revenue": NaN,
        "Total Revenue": NaN,
        "Operating Revenue": NaN
    },
    "2022-12-31": {
        "Tax Effect Of Unusual Items": NaN,
        "Tax Rate For Calcs": NaN,
        "Normalized EBITDA": NaN,
        "Total Unusual Items": NaN,
        "Total Unusual Items Excluding Goodwill": NaN,
        "Net Income From Continuing Operation Net Minority Interest": NaN,
        "Reconciled Depreciation": NaN,
        "Reconciled Cost Of Revenue": NaN,
        "EBITDA": NaN,
        "EBIT": NaN,
        "Net Interest Income": NaN,
        "Interest Expense": 500901.0,
        "Interest Income": -307610.0,
        "Normalized Income": NaN,
        "Net Income From Continuing And Discontinued Operation": NaN,
        "Total Expenses": NaN,
        "Total Operating Income As Reported": NaN,
        "Diluted Average Shares": NaN,
        "Basic Average Shares": NaN,
        "Diluted EPS": NaN,
        "Basic EPS": NaN,
        "Diluted NI Availto Com Stockholders": NaN,
        "Net Income Common Stockholders": NaN,
        "Net Income": NaN,
        "Minority Interests": NaN,
        "Net Income Including Noncontrolling Interests": NaN,
        "Net Income Continuous Operations": NaN,
        "Tax Provision": NaN,
        "Pretax Income": NaN,
        "Other Income Expense": NaN,
        "Gain On Sale Of Security": NaN,
        "Net Non Operating Interest Income Expense": NaN,
        "Total Other Finance Cost": NaN,
        "Interest Expense Non Operating": 500901.0,
        "Interest Income Non Operating": -307610.0,
        "Operating Income": NaN,
        "Operating Expense": NaN,
        "Other Operating Expenses": NaN,
        "Selling General And Administration": NaN,
        "Selling And Marketing Expense": NaN,
        "General And Administrative Expense": NaN,
        "Other Gand A": NaN,
        "Gross Profit": NaN,
        "Cost Of Revenue": NaN,
        "Total Revenue": NaN,
        "Operating Revenue": NaN
    },
    "2022-09-30": {
        "Tax Effect Of Unusual Items": -62510.0,
        "Tax Rate For Calcs": 0.19,
        "Normalized EBITDA": 1343000.0,
        "Total Unusual Items": -329000.0,
        "Total Unusual Items Excluding Goodwill": -329000.0,
        "Net Income From Continuing Operation Net Minority Interest": -1071000.0,
        "Reconciled Cost Of Revenue": 19388000.0,
        "EBITDA": 1014000.0,
        "EBIT": 1014000.0,
        "Net Interest Income": -1009000.0,
        "Interest Expense": 1144000.0,
        "Interest Income": 135000.0,
        "Normalized Income": -804510.0,
        "Net Income From Continuing And Discontinued Operation": -1071000.0,
        "Total Expenses": 22890000.0,
        "Total Operating Income As Reported": 1014000.0,
        "Diluted Average Shares": NaN,
        "Basic Average Shares": NaN,
        "Diluted EPS": NaN,
        "Basic EPS": NaN,
        "Diluted NI Availto Com Stockholders": -1071000.0,
        "Net Income Common Stockholders": -1071000.0,
        "Net Income": -1071000.0,
        "Minority Interests": -576000.0,
        "Net Income Including Noncontrolling Interests": -495000.0,
        "Net Income Continuous Operations": -495000.0,
        "Tax Provision": 171000.0,
        "Pretax Income": -324000.0,
        "Other Income Expense": -329000.0,
        "Earnings From Equity Interest": 62000.0,
        "Gain On Sale Of Security": -329000.0,
        "Net Non Operating Interest Income Expense": -1009000.0,
        "Total Other Finance Cost": 1009000.0,
        "Interest Expense Non Operating": 1144000.0,
        "Interest Income Non Operating": 135000.0,
        "Operating Income": 1014000.0,
        "Operating Expense": 3502000.0,
        "Other Operating Expenses": -95000.0,
        "Selling General And Administration": 3597000.0,
        "Selling And Marketing Expense": 0.0,
        "General And Administrative Expense": 3597000.0,
        "Other Gand A": 3597000.0,
        "Gross Profit": 4516000.0,
        "Cost Of Revenue": 19388000.0,
        "Total Revenue": 23904000.0,
        "Operating Revenue": 23904000.0
    },
    "2022-06-30": {
        "Tax Effect Of Unusual Items": 348800.0,
        "Tax Rate For Calcs": 0.4,
        "Normalized EBITDA": 327000.0,
        "Total Unusual Items": 872000.0,
        "Total Unusual Items Excluding Goodwill": 872000.0,
        "Net Income From Continuing Operation Net Minority Interest": -204000.0,
        "Reconciled Cost Of Revenue": 4517000.0,
        "EBITDA": 1199000.0,
        "EBIT": 1199000.0,
        "Net Interest Income": -341000.0,
        "Interest Expense": 814000.0,
        "Interest Income": 473000.0,
        "Normalized Income": -727200.0,
        "Net Income From Continuing And Discontinued Operation": -204000.0,
        "Total Expenses": 8428000.0,
        "Total Operating Income As Reported": -222000.0,
        "Diluted Average Shares": 66956781.0,
        "Basic Average Shares": 66956781.0,
        "Diluted EPS": -0.003047,
        "Basic EPS": -0.003047,
        "Diluted NI Availto Com Stockholders": -204000.0,
        "Net Income Common Stockholders": -204000.0,
        "Net Income": -204000.0,
        "Minority Interests": -240000.0,
        "Net Income Including Noncontrolling Interests": 36000.0,
        "Net Income Continuous Operations": 36000.0,
        "Tax Provision": 349000.0,
        "Pretax Income": 385000.0,
        "Other Income Expense": 948000.0,
        "Special Income Charges": 0.0,
        "Write Off": NaN,
        "Impairment Of Capital Assets": 0.0,
        "Earnings From Equity Interest": 76000.0,
        "Gain On Sale Of Security": 872000.0,
        "Net Non Operating Interest Income Expense": -341000.0,
        "Total Other Finance Cost": NaN,
        "Interest Expense Non Operating": 814000.0,
        "Interest Income Non Operating": 473000.0,
        "Operating Income": -222000.0,
        "Operating Expense": 3911000.0,
        "Other Operating Expenses": 36000.0,
        "Selling General And Administration": 3875000.0,
        "Selling And Marketing Expense": 0.0,
        "General And Administrative Expense": 3875000.0,
        "Other Gand A": 3875000.0,
        "Gross Profit": 3689000.0,
        "Cost Of Revenue": 4517000.0,
        "Total Revenue": 8206000.0,
        "Operating Revenue": 8206000.0
    },
    "2022-03-31": {
        "Diluted EPS": -0.03,
        "Total Revenue": 4,
        "Gross Profit": 1,
        "Operating Income": -2,
        "EBIT": -2,
        "Net Income": -2
    },
    "2021-12-31": {
        "Diluted EPS": -0.02,
        "Total Revenue": 23,
        "Gross Profit": 7,
        "Operating Income": -1,
        "EBIT": -1,
        "Net Income": -2
    },
    "2021-09-30": {
        "Diluted EPS": 0.01,
        "Total Revenue": 16,
        "Gross Profit": 6,
        "Operating Income": 3,
        "EBIT": 3,
        "Net Income": 1
    },
    "2021-06-30": {
        "Diluted EPS": 0.1,
        "Total Revenue": 19,
        "Gross Profit": 11,
        "Operating Income": 7,
        "EBIT": 7,
        "Net Income": 7
    },
    "2021-03-31": {
        "Diluted EPS": 0.01,
        "Total Revenue": 23,
        "Gross Profit": 7,
        "Operating Income": 4,
        "EBIT": 4,
        "Net Income": 1
    },
    "2020-12-31": {
        "Diluted EPS": 0.05,
        "Total Revenue": 16,
        "Gross Profit": 2,
        "Operating Income": 0,
        "EBIT": 0,
        "Net Income": 2
    },
    "2020-09-30": {
        "Diluted EPS": 0.04,
        "Total Revenue": 10,
        "Gross Profit": 6,
        "Operating Income": 3,
        "EBIT": 3,
        "Net Income": 2
    },
    "2020-06-30": {
        "Diluted EPS": 0.06,
        "Total Revenue": 26,
        "Gross Profit": 7,
        "Operating Income": 5,
        "EBIT": 5,
        "Net Income": 3
    },
    "2020-03-31": {
        "Diluted EPS": -0.09,
        "Total Revenue": 21,
        "Gross Profit": 1,
        "Operating Income": -1,
        "EBIT": -1,
        "Net Income": -4
    },
    "2019-12-31": {
        "Diluted EPS": -0.26,
        "Total Revenue": 27,
        "Gross Profit": 7,
        "Operating Income": -13,
        "EBIT": -13,
        "Net Income": -11
    },
    "2019-09-30": {
        "Diluted EPS": 0.06,
        "Total Revenue": 66,
        "Gross Profit": 16,
        "Operating Income": 7,
        "EBIT": 7,
        "Net Income": 2
    },
    "2019-06-30": {
        "Diluted EPS": 0.13,
        "Total Revenue": 14,
        "Gross Profit": 10,
        "Operating Income": 7,
        "EBIT": 7,
        "Net Income": 5
    },
    "2019-03-31": {
        "Diluted EPS": -0.15,
        "Total Revenue": 13,
        "Gross Profit": 0,
        "Operating Income": -2,
        "EBIT": -2,
        "Net Income": -5
    },
    "2018-12-31": {
        "Diluted EPS": -0.09,
        "Total Revenue": 6,
        "Gross Profit": 3,
        "Operating Income": -2,
        "EBIT": -2,
        "Net Income": -4
    },
    "2018-09-30": {
        "Diluted EPS": 0.04,
        "Total Revenue": 19,
        "Gross Profit": 9,
        "Operating Income": 6,
        "EBIT": 6,
        "Net Income": 1
    },
    "2018-06-30": {
        "Diluted EPS": 0.0,
        "Total Revenue": 28,
        "Gross Profit": 8,
        "Operating Income": 6,
        "EBIT": 6,
        "Net Income": -1
    },
    "2018-03-31": {
        "Diluted EPS": 0.1,
        "Total Revenue": 45,
        "Gross Profit": 8,
        "Operating Income": 6,
        "EBIT": 6,
        "Net Income": 5
    },
    "2017-12-31": {
        "Diluted EPS": 3.77,
        "Total Revenue": -85,
        "Gross Profit": 4,
        "Operating Income": 25,
        "EBIT": 25,
        "Net Income": 85
    },
    "2017-09-30": {
        "Diluted EPS": 0.0,
        "Total Revenue": 36,
        "Gross Profit": 6,
        "Operating Income": 4,
        "EBIT": 4,
        "Net Income": 4
    },
    "2017-06-30": {
        "Diluted EPS": -1.57,
        "Total Revenue": 152,
        "Gross Profit": 4,
        "Operating Income": -20,
        "EBIT": -3,
        "Net Income": -31
    },
    "2017-03-31": {
        "Diluted EPS": -0.8,
        "Total Revenue": 0,
        "Gross Profit": 0,
        "Operating Income": -1,
        "EBIT": 19,
        "Net Income": -23
    },
    "2016-12-31": {
        "Diluted EPS": -2.25,
        "Total Revenue": -460,
        "Gross Profit": -81,
        "Operating Income": -17,
        "EBIT": -73,
        "Net Income": -45
    },
    "2016-09-30": {
        "Diluted EPS": 0.0,
        "Total Revenue": 29,
        "Gross Profit": 2,
        "Operating Income": 0,
        "EBIT": 20,
        "Net Income": -1
    },
    "2016-06-30": {
        "Diluted EPS": 0.27,
        "Total Revenue": 250,
        "Gross Profit": 41,
        "Operating Income": 6,
        "EBIT": 24,
        "Net Income": 6
    },
    "2016-03-31": {
        "Diluted EPS": 0.28,
        "Total Revenue": 261,
        "Gross Profit": 45,
        "Operating Income": 12,
        "EBIT": 33,
        "Net Income": 6
    },
    "2015-12-31": {
        "Diluted EPS": 0.4,
        "Total Revenue": 296,
        "Gross Profit": 47,
        "Operating Income": 17,
        "EBIT": 38,
        "Net Income": 7
    },
    "2015-09-30": {
        "Diluted EPS": 0.4,
        "Total Revenue": 368,
        "Gross Profit": 59,
        "Operating Income": 11,
        "EBIT": 34,
        "Net Income": 9
    },
    "2015-06-30": {
        "Diluted EPS": -0.1,
        "Total Revenue": 268,
        "Gross Profit": 44,
        "Operating Income": 10,
        "EBIT": 35,
        "Net Income": -2
    },
    "2015-03-31": {
        "Diluted EPS": -0.9,
        "Total Revenue": 349,
        "Gross Profit": 37,
        "Operating Income": -10,
        "EBIT": 13,
        "Net Income": -18
    },
    "2014-12-31": {
        "Diluted EPS": -0.45,
        "Total Revenue": 387,
        "Gross Profit": 49,
        "Operating Income": -5,
        "EBIT": 18,
        "Net Income": -8
    },
    "2014-09-30": {
        "Diluted EPS": -0.6,
        "Total Revenue": 372,
        "Gross Profit": 57,
        "Operating Income": 9,
        "EBIT": 31,
        "Net Income": -12
    },
    "2014-06-30": {
        "Diluted EPS": 0.05,
        "Total Revenue": 387,
        "Gross Profit": 57,
        "Operating Income": 11,
        "EBIT": 28,
        "Net Income": 1
    },
    "2014-03-31": {
        "Diluted EPS": -0.7,
        "Total Revenue": 415,
        "Gross Profit": 44,
        "Operating Income": -9,
        "EBIT": 20,
        "Net Income": -15
    },
    "2013-12-31": {
        "Diluted EPS": 0.4,
        "Total Revenue": 439,
        "Gross Profit": 46,
        "Operating Income": 5,
        "EBIT": 39,
        "Net Income": 1
    },
    "2013-09-30": {
        "Diluted EPS": -11.15,
        "Total Revenue": 419,
        "Gross Profit": 37,
        "Operating Income": -180,
        "EBIT": -153,
        "Net Income": -200
    },
    "2013-06-30": {
        "Diluted EPS": -1.2,
        "Total Revenue": 377,
        "Gross Profit": 30,
        "Operating Income": -17,
        "EBIT": 11,
        "Net Income": -21
    },
    "2013-03-31": {
        "Diluted EPS": -2.25,
        "Total Revenue": 284,
        "Gross Profit": -4,
        "Operating Income": -33,
        "EBIT": -8,
        "Net Income": -39
    },
    "2012-12-31": {
        "Diluted EPS": -5.1,
        "Total Revenue": 306,
        "Gross Profit": -60,
        "Operating Income": -92,
        "EBIT": -68,
        "Net Income": -89
    },
    "2012-09-30": {
        "Diluted EPS": -4.55,
        "Total Revenue": 218,
        "Gross Profit": -39,
        "Operating Income": -83,
        "EBIT": -59,
        "Net Income": -79
    },
    "2012-06-30": {
        "Diluted EPS": -2.0,
        "Total Revenue": 233,
        "Gross Profit": 1,
        "Operating Income": -35,
        "EBIT": -12,
        "Net Income": -35
    },
    "2012-03-31": {
        "Diluted EPS": -2.35,
        "Total Revenue": 211,
        "Gross Profit": -8,
        "Operating Income": -38,
        "EBIT": -15,
        "Net Income": -40
    },
    "2011-12-31": {
        "Diluted EPS": -0.8,
        "Total Revenue": 188,
        "Gross Profit": -43,
        "Operating Income": -52,
        "EBIT": -29,
        "Net Income": -37
    },
    "2011-09-30": {
        "Diluted EPS": -0.45,
        "Total Revenue": 189,
        "Gross Profit": -8,
        "Operating Income": -35,
        "EBIT": -15,
        "Net Income": -8
    },
    "2011-06-30": {
        "Diluted EPS": 0.05,
        "Total Revenue": 249,
        "Gross Profit": 46,
        "Operating Income": 23,
        "EBIT": 43,
        "Net Income": 2
    },
    "2011-03-31": {
        "Diluted EPS": 1.2,
        "Total Revenue": 359,
        "Gross Profit": 101,
        "Operating Income": 76,
        "EBIT": 95,
        "Net Income": 43
    },
    "2010-12-31": {
        "Diluted EPS": 6.55,
        "Total Revenue": 386,
        "Gross Profit": 119,
        "Operating Income": 86,
        "EBIT": 102,
        "Net Income": 61
    },
    "2010-09-30": {
        "Diluted EPS": 1.75,
        "Total Revenue": 359,
        "Gross Profit": 117,
        "Operating Income": 86,
        "EBIT": 102,
        "Net Income": 60
    },
    "2010-06-30": {
        "Diluted EPS": 1.05,
        "Total Revenue": 254,
        "Gross Profit": 77,
        "Operating Income": 52,
        "EBIT": 66,
        "Net Income": 36
    },
    "2010-03-31": {
        "Diluted EPS": 0.35,
        "Total Revenue": 207,
        "Gross Profit": 35,
        "Operating Income": 21,
        "EBIT": 33,
        "Net Income": 12
    },
    "2009-12-31": {
        "Diluted EPS": -0.5,
        "Total Revenue": 180,
        "Gross Profit": -1,
        "Operating Income": -20,
        "EBIT": -7,
        "Net Income": -17
    },
    "2009-09-30": {
        "Diluted EPS": -0.35,
        "Total Revenue": 141,
        "Gross Profit": 5,
        "Operating Income": -8,
        "EBIT": 0,
        "Net Income": -10
    },
    "2009-06-30": {
        "Diluted EPS": -0.15,
        "Total Revenue": 83,
        "Gross Profit": 4,
        "Operating Income": -4,
        "EBIT": -4,
        "Net Income": -4
    },
    "2009-03-31": {
        "Diluted EPS": -1.1,
        "Total Revenue": 107,
        "Gross Profit": -51,
        "Operating Income": -58,
        "EBIT": -58,
        "Net Income": -30
    },
    "2023-06-30": {
        "Tax Effect Of Unusual Items": NaN,
        "Tax Rate For Calcs": NaN,
        "Normalized EBITDA": NaN,
        "Total Unusual Items": NaN,
        "Total Unusual Items Excluding Goodwill": NaN,
        "Net Income From Continuing Operation Net Minority Interest": NaN,
        "Reconciled Depreciation": NaN,
        "Reconciled Cost Of Revenue": NaN,
        "EBITDA": NaN,
        "EBIT": NaN,
        "Net Interest Income": NaN,
        "Interest Expense": NaN,
        "Interest Income": NaN,
        "Normalized Income": NaN,
        "Net Income From Continuing And Discontinued Operation": NaN,
        "Total Expenses": NaN,
        "Total Operating Income As Reported": NaN,
        "Diluted Average Shares": NaN,
        "Basic Average Shares": NaN,
        "Diluted EPS": NaN,
        "Basic EPS": NaN,
        "Diluted NI Availto Com Stockholders": NaN,
        "Net Income Common Stockholders": NaN,
        "Net Income": NaN,
        "Minority Interests": NaN,
        "Net Income Including Noncontrolling Interests": NaN,
        "Net Income Continuous Operations": NaN,
        "Tax Provision": NaN,
        "Pretax Income": NaN,
        "Other Income Expense": NaN,
        "Special Income Charges": NaN,
        "Impairment Of Capital Assets": NaN,
        "Gain On Sale Of Security": NaN,
        "Net Non Operating Interest Income Expense": NaN,
        "Total Other Finance Cost": -375000.0,
        "Interest Expense Non Operating": NaN,
        "Interest Income Non Operating": NaN,
        "Operating Income": NaN,
        "Operating Expense": NaN,
        "Other Operating Expenses": NaN,
        "Selling General And Administration": NaN,
        "Selling And Marketing Expense": NaN,
        "General And Administrative Expense": NaN,
        "Other Gand A": NaN,
        "Gross Profit": NaN,
        "Cost Of Revenue": NaN,
        "Total Revenue": NaN,
        "Operating Revenue": NaN
    },
    "2023-09-30": {
        "Tax Effect Of Unusual Items": NaN,
        "Tax Rate For Calcs": NaN,
        "Normalized EBITDA": NaN,
        "Total Unusual Items": NaN,
        "Total Unusual Items Excluding Goodwill": NaN,
        "Net Income From Continuing Operation Net Minority Interest": NaN,
        "Reconciled Depreciation": NaN,
        "Reconciled Cost Of Revenue": NaN,
        "EBITDA": NaN,
        "EBIT": NaN,
        "Net Interest Income": NaN,
        "Interest Expense": NaN,
        "Interest Income": NaN,
        "Normalized Income": NaN,
        "Net Income From Continuing And Discontinued Operation": NaN,
        "Total Expenses": NaN,
        "Total Operating Income As Reported": NaN,
        "Diluted Average Shares": NaN,
        "Basic Average Shares": NaN,
        "Diluted EPS": NaN,
        "Basic EPS": NaN,
        "Diluted NI Availto Com Stockholders": NaN,
        "Net Income Common Stockholders": NaN,
        "Net Income": NaN,
        "Minority Interests": NaN,
        "Net Income Including Noncontrolling Interests": NaN,
        "Net Income Continuous Operations": NaN,
        "Tax Provision": NaN,
        "Pretax Income": NaN,
        "Other Income Expense": NaN,
        "Special Income Charges": -1325000.0,
        "Impairment Of Capital Assets": 1325000.0,
        "Gain On Sale Of Security": NaN,
        "Net Non Operating Interest Income Expense": NaN,
        "Total Other Finance Cost": 79000.0,
        "Interest Expense Non Operating": NaN,
        "Interest Income Non Operating": NaN,
        "Operating Income": NaN,
        "Operating Expense": NaN,
        "Other Operating Expenses": NaN,
        "Selling General And Administration": NaN,
        "Selling And Marketing Expense": NaN,
        "General And Administrative Expense": NaN,
        "Other Gand A": NaN,
        "Gross Profit": NaN,
        "Cost Of Revenue": NaN,
        "Total Revenue": NaN,
        "Operating Revenue": NaN
    },
    "2023-12-31": {
        "Tax Effect Of Unusual Items": NaN,
        "Tax Rate For Calcs": NaN,
        "Normalized EBITDA": NaN,
        "Total Unusual Items": NaN,
        "Total Unusual Items Excluding Goodwill": NaN,
        "Net Income From Continuing Operation Net Minority Interest": NaN,
        "Reconciled Depreciation": NaN,
        "Reconciled Cost Of Revenue": NaN,
        "EBITDA": NaN,
        "EBIT": NaN,
        "Net Interest Income": NaN,
        "Interest Expense": NaN,
        "Interest Income": NaN,
        "Normalized Income": NaN,
        "Net Income From Continuing And Discontinued Operation": NaN,
        "Total Expenses": NaN,
        "Total Operating Income As Reported": NaN,
        "Diluted Average Shares": NaN,
        "Basic Average Shares": NaN,
        "Diluted EPS": NaN,
        "Basic EPS": NaN,
        "Diluted NI Availto Com Stockholders": NaN,
        "Net Income Common Stockholders": NaN,
        "Net Income": NaN,
        "Minority Interests": NaN,
        "Net Income Including Noncontrolling Interests": NaN,
        "Net Income Continuous Operations": NaN,
        "Tax Provision": NaN,
        "Pretax Income": NaN,
        "Other Income Expense": NaN,
        "Special Income Charges": -366000.0,
        "Impairment Of Capital Assets": 366000.0,
        "Gain On Sale Of Security": NaN,
        "Net Non Operating Interest Income Expense": NaN,
        "Interest Expense Non Operating": NaN,
        "Interest Income Non Operating": NaN,
        "Operating Income": NaN,
        "Operating Expense": NaN,
        "Other Operating Expenses": NaN,
        "Selling General And Administration": NaN,
        "Selling And Marketing Expense": NaN,
        "General And Administrative Expense": NaN,
        "Other Gand A": NaN,
        "Gross Profit": NaN,
        "Cost Of Revenue": NaN,
        "Total Revenue": NaN,
        "Operating Revenue": NaN
    },
    "2024-03-31": {
        "Tax Effect Of Unusual Items": -780720.0,
        "Tax Rate For Calcs": 0.24,
        "Normalized EBITDA": 1058000.0,
        "Total Unusual Items": -3253000.0,
        "Total Unusual Items Excluding Goodwill": -3253000.0,
        "Net Income From Continuing Operation Net Minority Interest": -5925000.0,
        "Reconciled Depreciation": 1751000.0,
        "Reconciled Cost Of Revenue": 10278000.0,
        "EBITDA": -2195000.0,
        "EBIT": -3946000.0,
        "Net Interest Income": 135000.0,
        "Interest Expense": 385000.0,
        "Interest Income": 520000.0,
        "Normalized Income": -3452720.0,
        "Net Income From Continuing And Discontinued Operation": -5925000.0,
        "Total Expenses": 15813000.0,
        "Total Operating Income As Reported": -1213000.0,
        "Diluted Average Shares": 53539577.0,
        "Basic Average Shares": 53539577.0,
        "Diluted EPS": -0.08,
        "Basic EPS": -0.08,
        "Diluted NI Availto Com Stockholders": -5925000.0,
        "Net Income Common Stockholders": -5925000.0,
        "Net Income": -5925000.0,
        "Minority Interests": -437000.0,
        "Net Income Including Noncontrolling Interests": -5488000.0,
        "Net Income Continuous Operations": -5488000.0,
        "Tax Provision": 1157000.0,
        "Pretax Income": -4331000.0,
        "Other Income Expense": -3253000.0,
        "Special Income Charges": NaN,
        "Impairment Of Capital Assets": NaN,
        "Gain On Sale Of Security": -3253000.0,
        "Net Non Operating Interest Income Expense": 135000.0,
        "Interest Expense Non Operating": 385000.0,
        "Interest Income Non Operating": 520000.0,
        "Operating Income": -1213000.0,
        "Operating Expense": 5535000.0,
        "Other Operating Expenses": 852000.0,
        "Selling General And Administration": 4683000.0,
        "Selling And Marketing Expense": 61000.0,
        "General And Administrative Expense": 4622000.0,
        "Other Gand A": 4622000.0,
        "Gross Profit": 4322000.0,
        "Cost Of Revenue": 10278000.0,
        "Total Revenue": 14600000.0,
        "Operating Revenue": 14583000.0
    },
    "2024-06-30": {
        "Tax Effect Of Unusual Items": -201120.0,
        "Tax Rate For Calcs": 0.24,
        "Normalized EBITDA": 4913000.0,
        "Total Unusual Items": -838000.0,
        "Total Unusual Items Excluding Goodwill": -838000.0,
        "Net Income From Continuing Operation Net Minority Interest": 392000.0,
        "Reconciled Depreciation": 1469000.0,
        "Reconciled Cost Of Revenue": 20675000.0,
        "EBITDA": 4075000.0,
        "EBIT": 2606000.0,
        "Net Interest Income": -33000.0,
        "Interest Expense": 518000.0,
        "Interest Income": 485000.0,
        "Normalized Income": 1028880.0,
        "Net Income From Continuing And Discontinued Operation": 392000.0,
        "Total Expenses": 27098000.0,
        "Total Operating Income As Reported": 2959000.0,
        "Diluted Average Shares": 5137418.0,
        "Basic Average Shares": 5128352.0,
        "Diluted EPS": 0.1,
        "Basic EPS": 0.1,
        "Diluted NI Availto Com Stockholders": 392000.0,
        "Net Income Common Stockholders": 392000.0,
        "Net Income": 392000.0,
        "Minority Interests": -354000.0,
        "Net Income Including Noncontrolling Interests": 746000.0,
        "Net Income Continuous Operations": 746000.0,
        "Tax Provision": 1342000.0,
        "Pretax Income": 2088000.0,
        "Other Income Expense": -838000.0,
        "Special Income Charges": NaN,
        "Impairment Of Capital Assets": NaN,
        "Gain On Sale Of Security": -838000.0,
        "Net Non Operating Interest Income Expense": -33000.0,
        "Interest Expense Non Operating": 518000.0,
        "Interest Income Non Operating": 485000.0,
        "Operating Income": 2959000.0,
        "Operating Expense": 6423000.0,
        "Other Operating Expenses": 1012000.0,
        "Selling General And Administration": 5411000.0,
        "Selling And Marketing Expense": 57000.0,
        "General And Administrative Expense": 5354000.0,
        "Other Gand A": 5354000.0,
        "Gross Profit": 9382000.0,
        "Cost Of Revenue": 20675000.0,
        "Total Revenue": 30057000.0,
        "Operating Revenue": 30038000.0
    },
    "2024-09-30": {
        "Tax Effect Of Unusual Items": 470322.0,
        "Tax Rate For Calcs": 0.102,
        "Normalized EBITDA": 4166000.0,
        "Total Unusual Items": 4611000.0,
        "Total Unusual Items Excluding Goodwill": 4611000.0,
        "Net Income From Continuing Operation Net Minority Interest": 4843000.0,
        "Reconciled Depreciation": 1782000.0,
        "Reconciled Cost Of Revenue": 7229000.0,
        "EBITDA": 8777000.0,
        "EBIT": 6995000.0,
        "Net Interest Income": -431000.0,
        "Interest Expense": 674000.0,
        "Interest Income": 243000.0,
        "Normalized Income": 702322.0,
        "Net Income From Continuing And Discontinued Operation": 4843000.0,
        "Total Expenses": 10719000.0,
        "Total Operating Income As Reported": 2141000.0,
        "Diluted Average Shares": 51352136.0,
        "Basic Average Shares": 51254956.0,
        "Diluted EPS": 0.09,
        "Basic EPS": 0.09,
        "Diluted NI Availto Com Stockholders": 4843000.0,
        "Net Income Common Stockholders": 4843000.0,
        "Net Income": 4843000.0,
        "Minority Interests": -831000.0,
        "Net Income Including Noncontrolling Interests": 5674000.0,
        "Net Income Continuous Operations": 5674000.0,
        "Tax Provision": 647000.0,
        "Pretax Income": 6321000.0,
        "Other Income Expense": 4611000.0,
        "Special Income Charges": 0.0,
        "Impairment Of Capital Assets": 0.0,
        "Gain On Sale Of Security": 4611000.0,
        "Net Non Operating Interest Income Expense": -431000.0,
        "Interest Expense Non Operating": 674000.0,
        "Interest Income Non Operating": 243000.0,
        "Operating Income": 2141000.0,
        "Operating Expense": 3490000.0,
        "Other Operating Expenses": -477000.0,
        "Selling General And Administration": 3967000.0,
        "Selling And Marketing Expense": 8000.0,
        "General And Administrative Expense": 3959000.0,
        "Other Gand A": 3959000.0,
        "Gross Profit": 5631000.0,
        "Cost Of Revenue": 7229000.0,
        "Total Revenue": 12860000.0,
        "Operating Revenue": 12576000.0
    },
    "2024-12-31": {
        "Tax Effect Of Unusual Items": -744096.882775,
        "Tax Rate For Calcs": 0.082248,
        "Normalized EBITDA": -2294000.0,
        "Total Unusual Items": -9047000.0,
        "Total Unusual Items Excluding Goodwill": -9047000.0,
        "Net Income From Continuing Operation Net Minority Interest": -11787000.0,
        "Reconciled Depreciation": 1913000.0,
        "Reconciled Cost Of Revenue": 29763000.0,
        "EBITDA": -11341000.0,
        "EBIT": -13254000.0,
        "Net Interest Income": -231000.0,
        "Interest Expense": 412000.0,
        "Interest Income": 181000.0,
        "Normalized Income": -3484096.882775,
        "Net Income From Continuing And Discontinued Operation": -11787000.0,
        "Total Expenses": 38938000.0,
        "Total Operating Income As Reported": -4388000.0,
        "Diluted Average Shares": 51317227.0,
        "Basic Average Shares": 51317227.0,
        "Diluted EPS": -0.23,
        "Basic EPS": -0.23,
        "Diluted NI Availto Com Stockholders": -11787000.0,
        "Net Income Common Stockholders": -11787000.0,
        "Net Income": -11787000.0,
        "Minority Interests": 755000.0,
        "Net Income Including Noncontrolling Interests": -12542000.0,
        "Net Income Continuous Operations": -12542000.0,
        "Tax Provision": -1124000.0,
        "Pretax Income": -13666000.0,
        "Other Income Expense": -9047000.0,
        "Special Income Charges": 0.0,
        "Impairment Of Capital Assets": 0.0,
        "Gain On Sale Of Security": -9047000.0,
        "Net Non Operating Interest Income Expense": -231000.0,
        "Interest Expense Non Operating": 412000.0,
        "Interest Income Non Operating": 181000.0,
        "Operating Income": -4388000.0,
        "Operating Expense": 9175000.0,
        "Other Operating Expenses": -80000.0,
        "Selling General And Administration": 9255000.0,
        "Selling And Marketing Expense": 59000.0,
        "General And Administrative Expense": 9196000.0,
        "Other Gand A": 9196000.0,
        "Gross Profit": 4787000.0,
        "Cost Of Revenue": 29763000.0,
        "Total Revenue": 34550000.0,
        "Operating Revenue": 33871000.0
    },
    "2025-03-31": {
        "Tax Effect Of Unusual Items": 1921380.0,
        "Tax Rate For Calcs": 0.31,
        "Normalized EBITDA": -1574000.0,
        "Total Unusual Items": 6198000.0,
        "Total Unusual Items Excluding Goodwill": 6198000.0,
        "Net Income From Continuing Operation Net Minority Interest": 1540000.0,
        "Reconciled Depreciation": 2108000.0,
        "Reconciled Cost Of Revenue": 4945000.0,
        "EBITDA": 4624000.0,
        "EBIT": 2516000.0,
        "Net Interest Income": 37000.0,
        "Interest Expense": 379000.0,
        "Interest Income": 416000.0,
        "Normalized Income": -2736620.0,
        "Net Income From Continuing And Discontinued Operation": 1540000.0,
        "Total Expenses": 12252000.0,
        "Total Operating Income As Reported": -4098000.0,
        "Diluted Average Shares": 51392601.0,
        "Basic Average Shares": 51321622.0,
        "Diluted EPS": 0.03,
        "Basic EPS": 0.03,
        "Diluted NI Availto Com Stockholders": 1540000.0,
        "Net Income Common Stockholders": 1540000.0,
        "Net Income": 1540000.0,
        "Minority Interests": 61000.0,
        "Net Income Including Noncontrolling Interests": 1479000.0,
        "Net Income Continuous Operations": 1479000.0,
        "Tax Provision": 658000.0,
        "Pretax Income": 2137000.0,
        "Other Income Expense": 6198000.0,
        "Special Income Charges": NaN,
        "Impairment Of Capital Assets": NaN,
        "Gain On Sale Of Security": 6198000.0,
        "Net Non Operating Interest Income Expense": 37000.0,
        "Interest Expense Non Operating": 379000.0,
        "Interest Income Non Operating": 416000.0,
        "Operating Income": -4098000.0,
        "Operating Expense": 7307000.0,
        "Other Operating Expenses": 2791000.0,
        "Selling General And Administration": 4516000.0,
        "Selling And Marketing Expense": 37000.0,
        "General And Administrative Expense": 4479000.0,
        "Other Gand A": 4479000.0,
        "Gross Profit": 3209000.0,
        "Cost Of Revenue": 4945000.0,
        "Total Revenue": 8154000.0,
        "Operating Revenue": 8122000.0
    },
    "2025-06-30": {
        "Tax Effect Of Unusual Items": -4545360.0,
        "Tax Rate For Calcs": 0.24,
        "Normalized EBITDA": -3678000.0,
        "Total Unusual Items": -18939000.0,
        "Total Unusual Items Excluding Goodwill": -18939000.0,
        "Net Income From Continuing Operation Net Minority Interest": 1453000.0,
        "Reconciled Depreciation": 2360000.0,
        "Reconciled Cost Of Revenue": 6214000.0,
        "EBITDA": -22617000.0,
        "EBIT": -24977000.0,
        "Net Interest Income": -293000.0,
        "Interest Expense": 745000.0,
        "Interest Income": 452000.0,
        "Normalized Income": 15846640.0,
        "Net Income From Continuing And Discontinued Operation": 1453000.0,
        "Total Expenses": 19371000.0,
        "Total Operating Income As Reported": -33820000.0,
        "Diluted Average Shares": 5134115.0,
        "Basic Average Shares": 5132162.0,
        "Diluted EPS": 0.3,
        "Basic EPS": 0.3,
        "Diluted NI Availto Com Stockholders": 1453000.0,
        "Net Income Common Stockholders": 1453000.0,
        "Net Income": 1453000.0,
        "Minority Interests": 28315000.0,
        "Net Income Including Noncontrolling Interests": -26862000.0,
        "Net Income Continuous Operations": -26862000.0,
        "Tax Provision": 1140000.0,
        "Pretax Income": -25722000.0,
        "Other Income Expense": -18939000.0,
        "Special Income Charges": -27330000.0,
        "Impairment Of Capital Assets": 27330000.0,
        "Gain On Sale Of Security": 8391000.0,
        "Net Non Operating Interest Income Expense": -293000.0,
        "Interest Expense Non Operating": 745000.0,
        "Interest Income Non Operating": 452000.0,
        "Operating Income": -6490000.0,
        "Operating Expense": 13157000.0,
        "Other Operating Expenses": 3446000.0,
        "Selling General And Administration": 9711000.0,
        "Selling And Marketing Expense": 37000.0,
        "General And Administrative Expense": 9674000.0,
        "Other Gand A": 9674000.0,
        "Gross Profit": 6667000.0,
        "Cost Of Revenue": 6214000.0,
        "Total Revenue": 12881000.0,
        "Operating Revenue": 12848000.0
    }
}