{
    "2023-03-31": {
        "Tax Effect Of Unusual Items": NaN,
        "Tax Rate For Calcs": NaN,
        "Normalized EBITDA": NaN,
        "Total Unusual Items": NaN,
        "Total Unusual Items Excluding Goodwill": NaN,
        "Net Income From Continuing Operation Net Minority Interest": NaN,
        "Reconciled Depreciation": NaN,
        "Reconciled Cost Of Revenue": NaN,
        "EBITDA": NaN,
        "EBIT": NaN,
        "Net Interest Income": 0.0,
        "Interest Expense": 0.0,
        "Normalized Income": NaN,
        "Net Income From Continuing And Discontinued Operation": NaN,
        "Total Expenses": NaN,
        "Total Operating Income As Reported": NaN,
        "Diluted Average Shares": 4109590.0,
        "Basic Average Shares": 4090704.0,
        "Diluted EPS": 0.1,
        "Basic EPS": 0.1,
        "Diluted NI Availto Com Stockholders": NaN,
        "Net Income Common Stockholders": NaN,
        "Net Income": NaN,
        "Net Income Including Noncontrolling Interests": NaN,
        "Net Income Continuous Operations": NaN,
        "Tax Provision": NaN,
        "Pretax Income": NaN,
        "Other Income Expense": NaN,
        "Other Non Operating Income Expenses": NaN,
        "Special Income Charges": NaN,
        "Gain On Sale Of Ppe": NaN,
        "Write Off": NaN,
        "Net Non Operating Interest Income Expense": 0.0,
        "Interest Expense Non Operating": 0.0,
        "Operating Income": NaN,
        "Operating Expense": NaN,
        "Research And Development": NaN,
        "Selling General And Administration": NaN,
        "Selling And Marketing Expense": NaN,
        "General And Administrative Expense": NaN,
        "Other Gand A": NaN,
        "Gross Profit": NaN,
        "Cost Of Revenue": NaN,
        "Total Revenue": NaN,
        "Operating Revenue": NaN
    },
    "2022-12-31": {
        "Tax Effect Of Unusual Items": NaN,
        "Tax Rate For Calcs": NaN,
        "Normalized EBITDA": NaN,
        "Total Unusual Items": NaN,
        "Total Unusual Items Excluding Goodwill": NaN,
        "Net Income From Continuing Operation Net Minority Interest": NaN,
        "Reconciled Depreciation": NaN,
        "Reconciled Cost Of Revenue": NaN,
        "EBITDA": NaN,
        "EBIT": NaN,
        "Net Interest Income": -1000.0,
        "Interest Expense": 1000.0,
        "Normalized Income": NaN,
        "Net Income From Continuing And Discontinued Operation": NaN,
        "Total Expenses": NaN,
        "Total Operating Income As Reported": NaN,
        "Diluted Average Shares": NaN,
        "Basic Average Shares": NaN,
        "Diluted EPS": NaN,
        "Basic EPS": NaN,
        "Diluted NI Availto Com Stockholders": NaN,
        "Net Income Common Stockholders": NaN,
        "Net Income": NaN,
        "Net Income Including Noncontrolling Interests": NaN,
        "Net Income Continuous Operations": NaN,
        "Tax Provision": NaN,
        "Pretax Income": NaN,
        "Other Income Expense": NaN,
        "Other Non Operating Income Expenses": NaN,
        "Special Income Charges": NaN,
        "Gain On Sale Of Ppe": NaN,
        "Net Non Operating Interest Income Expense": -1000.0,
        "Interest Expense Non Operating": 1000.0,
        "Operating Income": NaN,
        "Operating Expense": NaN,
        "Research And Development": NaN,
        "Selling General And Administration": NaN,
        "Selling And Marketing Expense": NaN,
        "General And Administrative Expense": NaN,
        "Other Gand A": NaN,
        "Gross Profit": NaN,
        "Cost Of Revenue": NaN,
        "Total Revenue": NaN,
        "Operating Revenue": NaN
    },
    "2022-09-30": {
        "Tax Effect Of Unusual Items": NaN,
        "Tax Rate For Calcs": NaN,
        "Normalized EBITDA": NaN,
        "Total Unusual Items": 600000.0,
        "Total Unusual Items Excluding Goodwill": 600000.0,
        "Net Income From Continuing Operation Net Minority Interest": NaN,
        "Reconciled Depreciation": NaN,
        "Reconciled Cost Of Revenue": NaN,
        "EBITDA": NaN,
        "EBIT": NaN,
        "Net Interest Income": NaN,
        "Interest Expense": NaN,
        "Normalized Income": NaN,
        "Net Income From Continuing And Discontinued Operation": NaN,
        "Total Expenses": NaN,
        "Total Operating Income As Reported": NaN,
        "Diluted Average Shares": 36085226.0,
        "Basic Average Shares": 36085226.0,
        "Diluted EPS": -0.04,
        "Basic EPS": -0.04,
        "Diluted NI Availto Com Stockholders": NaN,
        "Net Income Common Stockholders": NaN,
        "Net Income": NaN,
        "Net Income Including Noncontrolling Interests": NaN,
        "Net Income Continuous Operations": NaN,
        "Tax Provision": NaN,
        "Pretax Income": NaN,
        "Other Income Expense": NaN,
        "Other Non Operating Income Expenses": NaN,
        "Special Income Charges": 600000.0,
        "Gain On Sale Of Ppe": -130000.0,
        "Other Special Charges": -730000.0,
        "Net Non Operating Interest Income Expense": NaN,
        "Interest Expense Non Operating": NaN,
        "Operating Income": NaN,
        "Operating Expense": NaN,
        "Research And Development": NaN,
        "Selling General And Administration": NaN,
        "Selling And Marketing Expense": NaN,
        "General And Administrative Expense": NaN,
        "Other Gand A": NaN,
        "Gross Profit": NaN,
        "Cost Of Revenue": NaN,
        "Total Revenue": NaN,
        "Operating Revenue": NaN
    },
    "2022-06-30": {
        "Tax Effect Of Unusual Items": 0.0,
        "Tax Rate For Calcs": 0.4,
        "Normalized EBITDA": -3929000.0,
        "Total Unusual Items": NaN,
        "Total Unusual Items Excluding Goodwill": NaN,
        "Net Income From Continuing Operation Net Minority Interest": -4225000.0,
        "Reconciled Depreciation": 200000.0,
        "Reconciled Cost Of Revenue": 9108000.0,
        "EBITDA": -3929000.0,
        "EBIT": -4129000.0,
        "Net Interest Income": -35000.0,
        "Interest Expense": 35000.0,
        "Normalized Income": -4225000.0,
        "Net Income From Continuing And Discontinued Operation": -4225000.0,
        "Total Expenses": 16175000.0,
        "Total Operating Income As Reported": -4220000.0,
        "Diluted Average Shares": 19283496.0,
        "Basic Average Shares": 19283496.0,
        "Diluted EPS": -0.22,
        "Basic EPS": -0.22,
        "Diluted NI Availto Com Stockholders": -4225000.0,
        "Net Income Common Stockholders": -4225000.0,
        "Net Income": -4225000.0,
        "Net Income Including Noncontrolling Interests": -4225000.0,
        "Net Income Continuous Operations": -4225000.0,
        "Tax Provision": 61000.0,
        "Pretax Income": -4164000.0,
        "Other Income Expense": 91000.0,
        "Other Non Operating Income Expenses": 91000.0,
        "Special Income Charges": NaN,
        "Gain On Sale Of Ppe": NaN,
        "Other Special Charges": NaN,
        "Net Non Operating Interest Income Expense": -35000.0,
        "Interest Expense Non Operating": 35000.0,
        "Operating Income": -4220000.0,
        "Operating Expense": 7067000.0,
        "Research And Development": 2721000.0,
        "Selling General And Administration": 4346000.0,
        "Selling And Marketing Expense": 2073000.0,
        "General And Administrative Expense": 2273000.0,
        "Other Gand A": 2273000.0,
        "Gross Profit": 2847000.0,
        "Cost Of Revenue": 9108000.0,
        "Total Revenue": 11955000.0,
        "Operating Revenue": 11955000.0
    },
    "2022-03-31": {
        "Diluted EPS": -0.38,
        "Total Revenue": 13,
        "Gross Profit": 2,
        "Operating Income": -7,
        "EBIT": -7,
        "Net Income": -7
    },
    "2021-12-31": {
        "Diluted EPS": -0.36,
        "Total Revenue": 16,
        "Gross Profit": 0,
        "Operating Income": -12,
        "EBIT": -11,
        "Net Income": -12
    },
    "2021-09-30": {
        "Diluted EPS": -1.31,
        "Total Revenue": 14,
        "Gross Profit": 2,
        "Operating Income": -11,
        "EBIT": -10,
        "Net Income": -11
    },
    "2021-06-30": {
        "Diluted EPS": -1.01,
        "Total Revenue": 12,
        "Gross Profit": 3,
        "Operating Income": -6,
        "EBIT": -6,
        "Net Income": -7
    },
    "2021-03-31": {
        "Diluted EPS": -1.4,
        "Total Revenue": 12,
        "Gross Profit": 2,
        "Operating Income": -9,
        "EBIT": -8,
        "Net Income": -9
    },
    "2020-12-31": {
        "Diluted EPS": 1.5,
        "Total Revenue": 16,
        "Gross Profit": 4,
        "Operating Income": -7,
        "EBIT": -7,
        "Net Income": -6
    },
    "2020-09-30": {
        "Diluted EPS": -0.98,
        "Total Revenue": 14,
        "Gross Profit": 4,
        "Operating Income": -6,
        "EBIT": -5,
        "Net Income": -6
    },
    "2020-06-30": {
        "Diluted EPS": -2.2,
        "Total Revenue": 21,
        "Gross Profit": 5,
        "Operating Income": -7,
        "EBIT": -6,
        "Net Income": -7
    },
    "2020-03-31": {
        "Diluted EPS": -4.8,
        "Total Revenue": 13,
        "Gross Profit": 2,
        "Operating Income": -9,
        "EBIT": -8,
        "Net Income": -10
    },
    "2019-12-31": {
        "Diluted EPS": -4.3,
        "Total Revenue": 17,
        "Gross Profit": 4,
        "Operating Income": -7,
        "EBIT": -7,
        "Net Income": -8
    },
    "2019-09-30": {
        "Diluted EPS": -3.3,
        "Total Revenue": 29,
        "Gross Profit": 7,
        "Operating Income": -6,
        "EBIT": -5,
        "Net Income": -7
    },
    "2019-06-30": {
        "Diluted EPS": -3.1,
        "Total Revenue": 44,
        "Gross Profit": 14,
        "Operating Income": -5,
        "EBIT": -4,
        "Net Income": -6
    },
    "2019-03-31": {
        "Diluted EPS": -3.2,
        "Total Revenue": 26,
        "Gross Profit": 9,
        "Operating Income": -4,
        "EBIT": -3,
        "Net Income": -5
    },
    "2018-12-31": {
        "Diluted EPS": 91.2,
        "Total Revenue": 47,
        "Gross Profit": 18,
        "Operating Income": 6,
        "EBIT": 6,
        "Net Income": 4
    },
    "2018-09-30": {
        "Diluted EPS": -9.1,
        "Total Revenue": 39,
        "Gross Profit": 14,
        "Operating Income": 3,
        "EBIT": 4,
        "Net Income": -1
    },
    "2018-06-30": {
        "Diluted EPS": -30.1,
        "Total Revenue": 31,
        "Gross Profit": 11,
        "Operating Income": 1,
        "EBIT": 1,
        "Net Income": -3
    },
    "2018-03-31": {
        "Diluted EPS": -77.7,
        "Total Revenue": 18,
        "Gross Profit": 5,
        "Operating Income": -4,
        "EBIT": -4,
        "Net Income": -8
    },
    "2023-06-30": {
        "Tax Effect Of Unusual Items": NaN,
        "Tax Rate For Calcs": NaN,
        "Normalized EBITDA": NaN,
        "Total Unusual Items": 0.0,
        "Total Unusual Items Excluding Goodwill": 0.0,
        "Net Income From Continuing Operation Net Minority Interest": NaN,
        "Reconciled Depreciation": NaN,
        "Reconciled Cost Of Revenue": NaN,
        "EBITDA": NaN,
        "EBIT": NaN,
        "Net Interest Income": -5000.0,
        "Interest Expense": 5000.0,
        "Normalized Income": NaN,
        "Net Income From Continuing And Discontinued Operation": NaN,
        "Total Expenses": NaN,
        "Total Operating Income As Reported": NaN,
        "Diluted Average Shares": 4458577.0,
        "Basic Average Shares": 4222699.0,
        "Diluted EPS": 0.11,
        "Basic EPS": 0.12,
        "Diluted NI Availto Com Stockholders": NaN,
        "Net Income Common Stockholders": NaN,
        "Net Income": NaN,
        "Net Income Including Noncontrolling Interests": NaN,
        "Net Income Continuous Operations": NaN,
        "Tax Provision": NaN,
        "Pretax Income": NaN,
        "Other Income Expense": NaN,
        "Other Non Operating Income Expenses": NaN,
        "Special Income Charges": 0.0,
        "Gain On Sale Of Ppe": NaN,
        "Write Off": 0.0,
        "Net Non Operating Interest Income Expense": -5000.0,
        "Interest Expense Non Operating": 5000.0,
        "Operating Income": NaN,
        "Operating Expense": NaN,
        "Research And Development": NaN,
        "Selling General And Administration": NaN,
        "Selling And Marketing Expense": NaN,
        "General And Administrative Expense": NaN,
        "Other Gand A": NaN,
        "Gross Profit": NaN,
        "Cost Of Revenue": NaN,
        "Total Revenue": NaN,
        "Operating Revenue": NaN
    },
    "2023-09-30": {
        "Tax Effect Of Unusual Items": NaN,
        "Tax Rate For Calcs": NaN,
        "Normalized EBITDA": NaN,
        "Total Unusual Items": 0.0,
        "Total Unusual Items Excluding Goodwill": 0.0,
        "Net Income From Continuing Operation Net Minority Interest": NaN,
        "Reconciled Depreciation": NaN,
        "Reconciled Cost Of Revenue": NaN,
        "EBITDA": NaN,
        "EBIT": NaN,
        "Net Interest Income": NaN,
        "Interest Expense": NaN,
        "Normalized Income": NaN,
        "Net Income From Continuing And Discontinued Operation": NaN,
        "Total Expenses": NaN,
        "Total Operating Income As Reported": NaN,
        "Diluted Average Shares": 4299268.0,
        "Basic Average Shares": 4185172.0,
        "Diluted EPS": 0.1,
        "Basic EPS": 0.1,
        "Diluted NI Availto Com Stockholders": NaN,
        "Net Income Common Stockholders": NaN,
        "Net Income": NaN,
        "Net Income Including Noncontrolling Interests": NaN,
        "Net Income Continuous Operations": NaN,
        "Tax Provision": NaN,
        "Pretax Income": NaN,
        "Other Income Expense": NaN,
        "Other Non Operating Income Expenses": NaN,
        "Special Income Charges": 0.0,
        "Gain On Sale Of Ppe": 0.0,
        "Write Off": 0.0,
        "Net Non Operating Interest Income Expense": NaN,
        "Interest Expense Non Operating": NaN,
        "Operating Income": NaN,
        "Operating Expense": NaN,
        "Research And Development": NaN,
        "Selling General And Administration": NaN,
        "Selling And Marketing Expense": NaN,
        "General And Administrative Expense": NaN,
        "Other Gand A": NaN,
        "Gross Profit": NaN,
        "Cost Of Revenue": NaN,
        "Total Revenue": NaN,
        "Operating Revenue": NaN
    },
    "2023-12-31": {
        "Tax Effect Of Unusual Items": 0.0,
        "Tax Rate For Calcs": 0.21,
        "Normalized EBITDA": -300000.0,
        "Total Unusual Items": NaN,
        "Total Unusual Items Excluding Goodwill": NaN,
        "Net Income From Continuing Operation Net Minority Interest": -1353000.0,
        "Reconciled Depreciation": 956000.0,
        "Reconciled Cost Of Revenue": 8310000.0,
        "EBITDA": -300000.0,
        "EBIT": -1256000.0,
        "Net Interest Income": -4000.0,
        "Interest Expense": 4000.0,
        "Normalized Income": -1353000.0,
        "Net Income From Continuing And Discontinued Operation": -1353000.0,
        "Total Expenses": 14685000.0,
        "Total Operating Income As Reported": -1255000.0,
        "Diluted Average Shares": NaN,
        "Basic Average Shares": NaN,
        "Diluted EPS": NaN,
        "Basic EPS": NaN,
        "Diluted NI Availto Com Stockholders": -1353000.0,
        "Net Income Common Stockholders": -1353000.0,
        "Net Income": -1353000.0,
        "Net Income Including Noncontrolling Interests": -1353000.0,
        "Net Income Continuous Operations": -1353000.0,
        "Tax Provision": 93000.0,
        "Pretax Income": -1260000.0,
        "Other Income Expense": -1000.0,
        "Other Non Operating Income Expenses": -1000.0,
        "Special Income Charges": NaN,
        "Gain On Sale Of Ppe": NaN,
        "Write Off": NaN,
        "Net Non Operating Interest Income Expense": -4000.0,
        "Interest Expense Non Operating": 4000.0,
        "Operating Income": -1255000.0,
        "Operating Expense": 6375000.0,
        "Research And Development": 926000.0,
        "Selling General And Administration": 5449000.0,
        "Selling And Marketing Expense": 3051000.0,
        "General And Administrative Expense": 2398000.0,
        "Other Gand A": 2398000.0,
        "Gross Profit": 5120000.0,
        "Cost Of Revenue": 8310000.0,
        "Total Revenue": 13430000.0,
        "Operating Revenue": 12709000.0
    },
    "2024-03-31": {
        "Tax Effect Of Unusual Items": NaN,
        "Tax Rate For Calcs": NaN,
        "Normalized EBITDA": NaN,
        "Total Unusual Items": NaN,
        "Total Unusual Items Excluding Goodwill": NaN,
        "Net Income From Continuing Operation Net Minority Interest": NaN,
        "Reconciled Depreciation": NaN,
        "Reconciled Cost Of Revenue": NaN,
        "EBITDA": NaN,
        "EBIT": NaN,
        "Net Interest Income": NaN,
        "Interest Expense": NaN,
        "Normalized Income": NaN,
        "Net Income From Continuing And Discontinued Operation": NaN,
        "Total Expenses": NaN,
        "Total Operating Income As Reported": NaN,
        "Diluted Average Shares": 4438131.0,
        "Basic Average Shares": 4438131.0,
        "Diluted EPS": -0.65,
        "Basic EPS": -0.65,
        "Diluted NI Availto Com Stockholders": NaN,
        "Net Income Common Stockholders": NaN,
        "Net Income": NaN,
        "Net Income Including Noncontrolling Interests": NaN,
        "Net Income Continuous Operations": NaN,
        "Tax Provision": NaN,
        "Pretax Income": NaN,
        "Other Income Expense": NaN,
        "Other Non Operating Income Expenses": NaN,
        "Special Income Charges": NaN,
        "Write Off": NaN,
        "Net Non Operating Interest Income Expense": NaN,
        "Interest Expense Non Operating": NaN,
        "Operating Income": NaN,
        "Operating Expense": NaN,
        "Research And Development": NaN,
        "Selling General And Administration": NaN,
        "Selling And Marketing Expense": NaN,
        "General And Administrative Expense": NaN,
        "Other Gand A": NaN,
        "Gross Profit": NaN,
        "Cost Of Revenue": NaN,
        "Total Revenue": NaN,
        "Operating Revenue": NaN
    },
    "2024-06-30": {
        "Tax Effect Of Unusual Items": -675570.0,
        "Tax Rate For Calcs": 0.21,
        "Normalized EBITDA": -2500000.0,
        "Total Unusual Items": -3217000.0,
        "Total Unusual Items Excluding Goodwill": -3217000.0,
        "Net Income From Continuing Operation Net Minority Interest": -6616000.0,
        "Reconciled Depreciation": 845000.0,
        "Reconciled Cost Of Revenue": 8547000.0,
        "EBITDA": -5717000.0,
        "EBIT": -6562000.0,
        "Net Interest Income": -17000.0,
        "Interest Expense": 17000.0,
        "Normalized Income": -4074570.0,
        "Net Income From Continuing And Discontinued Operation": -6616000.0,
        "Total Expenses": 14769000.0,
        "Total Operating Income As Reported": -6470000.0,
        "Diluted Average Shares": 4685352.0,
        "Basic Average Shares": 4685352.0,
        "Diluted EPS": -1.41,
        "Basic EPS": -1.41,
        "Diluted NI Availto Com Stockholders": -6616000.0,
        "Net Income Common Stockholders": -6616000.0,
        "Net Income": -6616000.0,
        "Net Income Including Noncontrolling Interests": -6616000.0,
        "Net Income Continuous Operations": -6616000.0,
        "Tax Provision": 37000.0,
        "Pretax Income": -6579000.0,
        "Other Income Expense": -3309000.0,
        "Other Non Operating Income Expenses": -92000.0,
        "Special Income Charges": -3217000.0,
        "Write Off": 3217000.0,
        "Net Non Operating Interest Income Expense": -17000.0,
        "Interest Expense Non Operating": 17000.0,
        "Operating Income": -3253000.0,
        "Operating Expense": 6222000.0,
        "Research And Development": 557000.0,
        "Selling General And Administration": 5665000.0,
        "Selling And Marketing Expense": 3219000.0,
        "General And Administrative Expense": 2446000.0,
        "Other Gand A": 2446000.0,
        "Gross Profit": 2969000.0,
        "Cost Of Revenue": 8547000.0,
        "Total Revenue": 11516000.0,
        "Operating Revenue": 11083000.0
    },
    "2024-09-30": {
        "Tax Effect Of Unusual Items": 0.0,
        "Tax Rate For Calcs": 0.21,
        "Normalized EBITDA": -1477000.0,
        "Total Unusual Items": 0.0,
        "Total Unusual Items Excluding Goodwill": 0.0,
        "Net Income From Continuing Operation Net Minority Interest": -2512000.0,
        "Reconciled Depreciation": 918000.0,
        "Reconciled Cost Of Revenue": 10790000.0,
        "EBITDA": -1477000.0,
        "EBIT": -2395000.0,
        "Net Interest Income": 0.0,
        "Interest Expense": 0.0,
        "Normalized Income": -2512000.0,
        "Net Income From Continuing And Discontinued Operation": -2512000.0,
        "Total Expenses": 17398000.0,
        "Total Operating Income As Reported": -2376000.0,
        "Diluted Average Shares": 4848999.0,
        "Basic Average Shares": 4848999.0,
        "Diluted EPS": -0.52,
        "Basic EPS": -0.52,
        "Diluted NI Availto Com Stockholders": -2512000.0,
        "Net Income Common Stockholders": -2512000.0,
        "Net Income": -2512000.0,
        "Net Income Including Noncontrolling Interests": -2512000.0,
        "Net Income Continuous Operations": -2512000.0,
        "Tax Provision": 117000.0,
        "Pretax Income": -2395000.0,
        "Other Income Expense": -19000.0,
        "Other Non Operating Income Expenses": -19000.0,
        "Special Income Charges": 0.0,
        "Write Off": 0.0,
        "Net Non Operating Interest Income Expense": 0.0,
        "Interest Expense Non Operating": 0.0,
        "Operating Income": -2376000.0,
        "Operating Expense": 6608000.0,
        "Research And Development": 715000.0,
        "Selling General And Administration": 5893000.0,
        "Selling And Marketing Expense": 3045000.0,
        "General And Administrative Expense": 2848000.0,
        "Other Gand A": 2848000.0,
        "Gross Profit": 4232000.0,
        "Cost Of Revenue": 10790000.0,
        "Total Revenue": 15022000.0,
        "Operating Revenue": 15022000.0
    },
    "2024-12-31": {
        "Tax Effect Of Unusual Items": -1861.494439,
        "Tax Rate For Calcs": 0.002446,
        "Normalized EBITDA": -19980000.0,
        "Total Unusual Items": -761000.0,
        "Total Unusual Items Excluding Goodwill": -761000.0,
        "Net Income From Continuing Operation Net Minority Interest": -21614000.0,
        "Reconciled Depreciation": 914000.0,
        "Reconciled Cost Of Revenue": 15167000.0,
        "EBITDA": -20741000.0,
        "EBIT": -21655000.0,
        "Net Interest Income": -12000.0,
        "Interest Expense": 12000.0,
        "Normalized Income": -20854861.494439,
        "Net Income From Continuing And Discontinued Operation": -21614000.0,
        "Total Expenses": 36327000.0,
        "Total Operating Income As Reported": -22104000.0,
        "Diluted Average Shares": NaN,
        "Basic Average Shares": NaN,
        "Diluted EPS": NaN,
        "Basic EPS": NaN,
        "Diluted NI Availto Com Stockholders": -21614000.0,
        "Net Income Common Stockholders": -21614000.0,
        "Net Income": -21614000.0,
        "Net Income Including Noncontrolling Interests": -21614000.0,
        "Net Income Continuous Operations": -21614000.0,
        "Tax Provision": -53000.0,
        "Pretax Income": -21667000.0,
        "Other Income Expense": -312000.0,
        "Other Non Operating Income Expenses": 449000.0,
        "Special Income Charges": -761000.0,
        "Write Off": 247000.0,
        "Net Non Operating Interest Income Expense": -12000.0,
        "Interest Expense Non Operating": 12000.0,
        "Operating Income": -21343000.0,
        "Operating Expense": 21160000.0,
        "Research And Development": 12507000.0,
        "Selling General And Administration": 8653000.0,
        "Selling And Marketing Expense": 4206000.0,
        "General And Administrative Expense": 4447000.0,
        "Other Gand A": 4447000.0,
        "Gross Profit": -183000.0,
        "Cost Of Revenue": 15167000.0,
        "Total Revenue": 14984000.0,
        "Operating Revenue": 14255000.0
    },
    "2025-03-31": {
        "Tax Effect Of Unusual Items": 0.0,
        "Tax Rate For Calcs": 0.224,
        "Normalized EBITDA": 1736000.0,
        "Total Unusual Items": NaN,
        "Total Unusual Items Excluding Goodwill": NaN,
        "Net Income From Continuing Operation Net Minority Interest": 458000.0,
        "Reconciled Depreciation": 1055000.0,
        "Reconciled Cost Of Revenue": 8365000.0,
        "EBITDA": 1736000.0,
        "EBIT": 681000.0,
        "Net Interest Income": -91000.0,
        "Interest Expense": 91000.0,
        "Normalized Income": 458000.0,
        "Net Income From Continuing And Discontinued Operation": 458000.0,
        "Total Expenses": 16076000.0,
        "Total Operating Income As Reported": 645000.0,
        "Diluted Average Shares": 5868429.0,
        "Basic Average Shares": 5839764.0,
        "Diluted EPS": 0.08,
        "Basic EPS": 0.08,
        "Diluted NI Availto Com Stockholders": 458000.0,
        "Net Income Common Stockholders": 458000.0,
        "Net Income": 458000.0,
        "Net Income Including Noncontrolling Interests": 458000.0,
        "Net Income Continuous Operations": 458000.0,
        "Tax Provision": 132000.0,
        "Pretax Income": 590000.0,
        "Other Income Expense": 36000.0,
        "Other Non Operating Income Expenses": 36000.0,
        "Special Income Charges": NaN,
        "Write Off": NaN,
        "Net Non Operating Interest Income Expense": -91000.0,
        "Interest Expense Non Operating": 91000.0,
        "Operating Income": 645000.0,
        "Operating Expense": 7711000.0,
        "Research And Development": 1633000.0,
        "Selling General And Administration": 6078000.0,
        "Selling And Marketing Expense": 3239000.0,
        "General And Administrative Expense": 2839000.0,
        "Other Gand A": 2839000.0,
        "Gross Profit": 8356000.0,
        "Cost Of Revenue": 8365000.0,
        "Total Revenue": 16721000.0,
        "Operating Revenue": 16531000.0
    },
    "2025-06-30": {
        "Tax Effect Of Unusual Items": 0.0,
        "Tax Rate For Calcs": 0.21,
        "Normalized EBITDA": -6150000.0,
        "Total Unusual Items": 0.0,
        "Total Unusual Items Excluding Goodwill": 0.0,
        "Net Income From Continuing Operation Net Minority Interest": -7475000.0,
        "Reconciled Depreciation": 797000.0,
        "Reconciled Cost Of Revenue": 10345000.0,
        "EBITDA": -6150000.0,
        "EBIT": -6947000.0,
        "Net Interest Income": -389000.0,
        "Interest Expense": 389000.0,
        "Normalized Income": -7475000.0,
        "Net Income From Continuing And Discontinued Operation": -7475000.0,
        "Total Expenses": 17922000.0,
        "Total Operating Income As Reported": -6732000.0,
        "Diluted Average Shares": 9510601.0,
        "Basic Average Shares": 9510601.0,
        "Diluted EPS": -0.79,
        "Basic EPS": -0.79,
        "Diluted NI Availto Com Stockholders": -7475000.0,
        "Net Income Common Stockholders": -7475000.0,
        "Net Income": -7475000.0,
        "Net Income Including Noncontrolling Interests": -7475000.0,
        "Net Income Continuous Operations": -7475000.0,
        "Tax Provision": 139000.0,
        "Pretax Income": -7336000.0,
        "Other Income Expense": -215000.0,
        "Other Non Operating Income Expenses": -215000.0,
        "Special Income Charges": 0.0,
        "Write Off": 0.0,
        "Net Non Operating Interest Income Expense": -389000.0,
        "Interest Expense Non Operating": 389000.0,
        "Operating Income": -6732000.0,
        "Operating Expense": 7577000.0,
        "Research And Development": 909000.0,
        "Selling General And Administration": 6668000.0,
        "Selling And Marketing Expense": 3445000.0,
        "General And Administrative Expense": 3223000.0,
        "Other Gand A": 3223000.0,
        "Gross Profit": 845000.0,
        "Cost Of Revenue": 10345000.0,
        "Total Revenue": 11190000.0,
        "Operating Revenue": 10920000.0
    }
}