{
    "2023-03-31": {
        "Tax Effect Of Unusual Items": NaN,
        "Tax Rate For Calcs": NaN,
        "Normalized EBITDA": NaN,
        "Total Unusual Items": -2164000.0,
        "Total Unusual Items Excluding Goodwill": -2164000.0,
        "Net Income From Continuing Operation Net Minority Interest": NaN,
        "Reconciled Depreciation": NaN,
        "Reconciled Cost Of Revenue": NaN,
        "EBITDA": NaN,
        "EBIT": NaN,
        "Net Interest Income": NaN,
        "Interest Expense": NaN,
        "Interest Income": NaN,
        "Normalized Income": NaN,
        "Net Income From Continuing And Discontinued Operation": NaN,
        "Total Expenses": NaN,
        "Total Operating Income As Reported": NaN,
        "Diluted Average Shares": NaN,
        "Basic Average Shares": NaN,
        "Diluted EPS": NaN,
        "Basic EPS": NaN,
        "Diluted NI Availto Com Stockholders": NaN,
        "Net Income Common Stockholders": NaN,
        "Net Income": NaN,
        "Net Income Including Noncontrolling Interests": NaN,
        "Net Income Continuous Operations": NaN,
        "Tax Provision": NaN,
        "Pretax Income": NaN,
        "Other Income Expense": NaN,
        "Other Non Operating Income Expenses": NaN,
        "Special Income Charges": -2164000.0,
        "Restructuring And Mergern Acquisition": 2164000.0,
        "Net Non Operating Interest Income Expense": NaN,
        "Interest Expense Non Operating": NaN,
        "Interest Income Non Operating": NaN,
        "Operating Income": NaN,
        "Operating Expense": NaN,
        "Research And Development": NaN,
        "Selling General And Administration": NaN,
        "Selling And Marketing Expense": NaN,
        "General And Administrative Expense": NaN,
        "Other Gand A": NaN,
        "Gross Profit": NaN,
        "Cost Of Revenue": NaN,
        "Total Revenue": NaN,
        "Operating Revenue": NaN
    },
    "2022-12-31": {
        "Tax Effect Of Unusual Items": NaN,
        "Tax Rate For Calcs": NaN,
        "Normalized EBITDA": NaN,
        "Total Unusual Items": 0.0,
        "Total Unusual Items Excluding Goodwill": 0.0,
        "Net Income From Continuing Operation Net Minority Interest": NaN,
        "Reconciled Depreciation": NaN,
        "Reconciled Cost Of Revenue": NaN,
        "EBITDA": NaN,
        "EBIT": NaN,
        "Net Interest Income": NaN,
        "Interest Expense": NaN,
        "Interest Income": NaN,
        "Normalized Income": NaN,
        "Net Income From Continuing And Discontinued Operation": NaN,
        "Total Expenses": NaN,
        "Total Operating Income As Reported": NaN,
        "Diluted Average Shares": NaN,
        "Basic Average Shares": NaN,
        "Diluted EPS": NaN,
        "Basic EPS": NaN,
        "Diluted NI Availto Com Stockholders": NaN,
        "Net Income Common Stockholders": NaN,
        "Net Income": NaN,
        "Net Income Including Noncontrolling Interests": NaN,
        "Net Income Continuous Operations": NaN,
        "Tax Provision": NaN,
        "Pretax Income": NaN,
        "Other Income Expense": NaN,
        "Other Non Operating Income Expenses": NaN,
        "Special Income Charges": 0.0,
        "Restructuring And Mergern Acquisition": 0.0,
        "Net Non Operating Interest Income Expense": NaN,
        "Interest Expense Non Operating": NaN,
        "Interest Income Non Operating": NaN,
        "Operating Income": NaN,
        "Operating Expense": NaN,
        "Research And Development": NaN,
        "Selling General And Administration": NaN,
        "Selling And Marketing Expense": NaN,
        "General And Administrative Expense": NaN,
        "Other Gand A": NaN,
        "Gross Profit": NaN,
        "Cost Of Revenue": NaN,
        "Total Revenue": NaN,
        "Operating Revenue": NaN
    },
    "2022-09-30": {
        "Tax Effect Of Unusual Items": 0.0,
        "Tax Rate For Calcs": 0.051225,
        "Normalized EBITDA": -56553000.0,
        "Net Income From Continuing Operation Net Minority Interest": -64067000.0,
        "Reconciled Depreciation": 10805000.0,
        "Reconciled Cost Of Revenue": 192191000.0,
        "EBITDA": -56553000.0,
        "EBIT": -67358000.0,
        "Net Interest Income": 902000.0,
        "Interest Expense": 168000.0,
        "Interest Income": 1070000.0,
        "Normalized Income": -64067000.0,
        "Net Income From Continuing And Discontinued Operation": -64067000.0,
        "Total Expenses": 376354000.0,
        "Total Operating Income As Reported": -60064000.0,
        "Diluted Average Shares": 127104659.0,
        "Basic Average Shares": 127104659.0,
        "Diluted EPS": -0.5,
        "Basic EPS": -0.5,
        "Diluted NI Availto Com Stockholders": -64067000.0,
        "Net Income Common Stockholders": -64067000.0,
        "Net Income": -64067000.0,
        "Net Income Including Noncontrolling Interests": -64067000.0,
        "Net Income Continuous Operations": -64067000.0,
        "Tax Provision": -3459000.0,
        "Pretax Income": -67526000.0,
        "Other Income Expense": -8364000.0,
        "Other Non Operating Income Expenses": -8364000.0,
        "Net Non Operating Interest Income Expense": 902000.0,
        "Interest Expense Non Operating": 168000.0,
        "Interest Income Non Operating": 1070000.0,
        "Operating Income": -60064000.0,
        "Operating Expense": 184163000.0,
        "Depreciation Amortization Depletion Income Statement": NaN,
        "Depreciation And Amortization In Income Statement": NaN,
        "Amortization": NaN,
        "Amortization Of Intangibles Income Statement": NaN,
        "Research And Development": 67274000.0,
        "Selling General And Administration": 116889000.0,
        "Selling And Marketing Expense": 72649000.0,
        "General And Administrative Expense": 44240000.0,
        "Other Gand A": 44240000.0,
        "Salaries And Wages": NaN,
        "Gross Profit": 124099000.0,
        "Cost Of Revenue": 192191000.0,
        "Total Revenue": 316290000.0,
        "Operating Revenue": 316290000.0
    },
    "2022-06-30": {
        "Tax Effect Of Unusual Items": 0.0,
        "Tax Rate For Calcs": 0.4,
        "Normalized EBITDA": -2469000.0,
        "Net Income From Continuing Operation Net Minority Interest": -597000.0,
        "Reconciled Depreciation": 8907000.0,
        "Reconciled Cost Of Revenue": 195935000.0,
        "EBITDA": -2469000.0,
        "EBIT": -2469000.0,
        "Net Interest Income": 233000.0,
        "Interest Expense": 196000.0,
        "Interest Income": 429000.0,
        "Normalized Income": -597000.0,
        "Net Income From Continuing And Discontinued Operation": -597000.0,
        "Total Expenses": 364823000.0,
        "Total Operating Income As Reported": 6960000.0,
        "Diluted Average Shares": 127884400.0,
        "Basic Average Shares": 127884400.0,
        "Diluted EPS": -0.004668,
        "Basic EPS": -0.004668,
        "Diluted NI Availto Com Stockholders": -597000.0,
        "Net Income Common Stockholders": -597000.0,
        "Net Income": -597000.0,
        "Net Income Including Noncontrolling Interests": -597000.0,
        "Net Income Continuous Operations": -597000.0,
        "Tax Provision": -2068000.0,
        "Pretax Income": -2665000.0,
        "Other Income Expense": -9858000.0,
        "Other Non Operating Income Expenses": -9858000.0,
        "Net Non Operating Interest Income Expense": 233000.0,
        "Interest Expense Non Operating": 196000.0,
        "Interest Income Non Operating": 429000.0,
        "Operating Income": 6960000.0,
        "Operating Expense": 168888000.0,
        "Depreciation Amortization Depletion Income Statement": NaN,
        "Depreciation And Amortization In Income Statement": NaN,
        "Amortization": NaN,
        "Amortization Of Intangibles Income Statement": NaN,
        "Research And Development": 62522000.0,
        "Selling General And Administration": 106366000.0,
        "Selling And Marketing Expense": 60167000.0,
        "General And Administrative Expense": 46199000.0,
        "Other Gand A": 35726000.0,
        "Salaries And Wages": 10473000.0,
        "Gross Profit": 175848000.0,
        "Cost Of Revenue": 195935000.0,
        "Total Revenue": 371783000.0,
        "Operating Revenue": 371783000.0
    },
    "2022-03-31": {
        "Diluted EPS": 0.06,
        "Total Revenue": 400,
        "Gross Profit": 179,
        "Operating Income": 10,
        "EBIT": 20,
        "Net Income": 9
    },
    "2021-12-31": {
        "Diluted EPS": 0.87,
        "Total Revenue": 664,
        "Gross Profit": 317,
        "Operating Income": 133,
        "EBIT": 142,
        "Net Income": 123
    },
    "2021-09-30": {
        "Diluted EPS": -0.12,
        "Total Revenue": 360,
        "Gross Profit": 167,
        "Operating Income": -12,
        "EBIT": -3,
        "Net Income": -9
    },
    "2021-06-30": {
        "Diluted EPS": 0.12,
        "Total Revenue": 379,
        "Gross Profit": 178,
        "Operating Income": 17,
        "EBIT": 26,
        "Net Income": 18
    },
    "2021-03-31": {
        "Diluted EPS": 0.12,
        "Total Revenue": 333,
        "Gross Profit": 166,
        "Operating Income": 12,
        "EBIT": 21,
        "Net Income": 17
    },
    "2020-12-31": {
        "Diluted EPS": 1.01,
        "Total Revenue": 646,
        "Gross Profit": 299,
        "Operating Income": 137,
        "EBIT": 145,
        "Net Income": 132
    },
    "2020-09-30": {
        "Diluted EPS": 0.22,
        "Total Revenue": 340,
        "Gross Profit": 162,
        "Operating Income": 15,
        "EBIT": 24,
        "Net Income": 18
    },
    "2020-06-30": {
        "Diluted EPS": -0.52,
        "Total Revenue": 249,
        "Gross Profit": 110,
        "Operating Income": -57,
        "EBIT": -48,
        "Net Income": -57
    },
    "2020-03-31": {
        "Diluted EPS": -0.48,
        "Total Revenue": 175,
        "Gross Profit": 73,
        "Operating Income": -53,
        "EBIT": -43,
        "Net Income": -52
    },
    "2019-12-31": {
        "Diluted EPS": 0.6,
        "Total Revenue": 562,
        "Gross Profit": 228,
        "Operating Income": 67,
        "EBIT": 77,
        "Net Income": 71
    },
    "2019-09-30": {
        "Diluted EPS": -0.25,
        "Total Revenue": 294,
        "Gross Profit": 124,
        "Operating Income": -25,
        "EBIT": -16,
        "Net Income": -30
    },
    "2019-06-30": {
        "Diluted EPS": -0.13,
        "Total Revenue": 260,
        "Gross Profit": 117,
        "Operating Income": -15,
        "EBIT": -7,
        "Net Income": -14
    },
    "2019-03-31": {
        "Diluted EPS": -0.22,
        "Total Revenue": 210,
        "Gross Profit": 90,
        "Operating Income": -23,
        "EBIT": -14,
        "Net Income": -23
    },
    "2018-12-31": {
        "Diluted EPS": 0.55,
        "Total Revenue": 496,
        "Gross Profit": 195,
        "Operating Income": 69,
        "EBIT": 78,
        "Net Income": 62
    },
    "2018-09-30": {
        "Diluted EPS": 0.4,
        "Total Revenue": 273,
        "Gross Profit": 116,
        "Operating Income": 0,
        "EBIT": 11,
        "Net Income": 19
    },
    "2018-06-30": {
        "Diluted EPS": -0.45,
        "Total Revenue": 208,
        "Gross Profit": 95,
        "Operating Income": -22,
        "EBIT": -12,
        "Net Income": -27
    },
    "2018-03-31": {
        "Diluted EPS": -0.55,
        "Total Revenue": 187,
        "Gross Profit": 81,
        "Operating Income": -34,
        "EBIT": -24,
        "Net Income": -33
    },
    "2017-12-31": {
        "Diluted EPS": 0.36,
        "Total Revenue": 469,
        "Gross Profit": 196,
        "Operating Income": 46,
        "EBIT": 56,
        "Net Income": 25
    },
    "2017-09-30": {
        "Diluted EPS": 0.0,
        "Total Revenue": NaN,
        "Gross Profit": NaN,
        "Operating Income": NaN,
        "EBIT": NaN,
        "Net Income": NaN
    },
    "2017-06-30": {
        "Diluted EPS": -0.26,
        "Total Revenue": 223,
        "Gross Profit": 107,
        "Operating Income": -16,
        "EBIT": -16,
        "Net Income": -15
    },
    "2016-09-30": {
        "Diluted EPS": 0.0,
        "Total Revenue": NaN,
        "Gross Profit": NaN,
        "Operating Income": NaN,
        "EBIT": NaN,
        "Net Income": NaN
    },
    "2015-09-30": {
        "Diluted EPS": 0.0,
        "Total Revenue": NaN,
        "Gross Profit": NaN,
        "Operating Income": NaN,
        "EBIT": NaN,
        "Net Income": NaN
    },
    "2023-06-30": {
        "Tax Effect Of Unusual Items": NaN,
        "Tax Rate For Calcs": NaN,
        "Normalized EBITDA": NaN,
        "Total Unusual Items": -6642000.0,
        "Total Unusual Items Excluding Goodwill": -6642000.0,
        "Net Income From Continuing Operation Net Minority Interest": NaN,
        "Reconciled Depreciation": NaN,
        "Reconciled Cost Of Revenue": NaN,
        "EBITDA": NaN,
        "EBIT": NaN,
        "Net Interest Income": NaN,
        "Interest Expense": NaN,
        "Interest Income": NaN,
        "Normalized Income": NaN,
        "Net Income From Continuing And Discontinued Operation": NaN,
        "Total Expenses": NaN,
        "Total Operating Income As Reported": NaN,
        "Diluted Average Shares": 128311109.0,
        "Basic Average Shares": 128311109.0,
        "Diluted EPS": -0.18,
        "Basic EPS": -0.18,
        "Diluted NI Availto Com Stockholders": NaN,
        "Net Income Common Stockholders": NaN,
        "Net Income": NaN,
        "Net Income Including Noncontrolling Interests": NaN,
        "Net Income Continuous Operations": NaN,
        "Tax Provision": NaN,
        "Pretax Income": NaN,
        "Other Income Expense": NaN,
        "Other Non Operating Income Expenses": NaN,
        "Special Income Charges": -6642000.0,
        "Restructuring And Mergern Acquisition": 6642000.0,
        "Net Non Operating Interest Income Expense": NaN,
        "Interest Expense Non Operating": NaN,
        "Interest Income Non Operating": NaN,
        "Operating Income": NaN,
        "Operating Expense": NaN,
        "Research And Development": NaN,
        "Selling General And Administration": NaN,
        "Selling And Marketing Expense": NaN,
        "General And Administrative Expense": NaN,
        "Other Gand A": NaN,
        "Gross Profit": NaN,
        "Cost Of Revenue": NaN,
        "Total Revenue": NaN,
        "Operating Revenue": NaN
    },
    "2023-09-30": {
        "Tax Effect Of Unusual Items": NaN,
        "Tax Rate For Calcs": NaN,
        "Normalized EBITDA": NaN,
        "Total Unusual Items": NaN,
        "Total Unusual Items Excluding Goodwill": NaN,
        "Net Income From Continuing Operation Net Minority Interest": NaN,
        "Reconciled Depreciation": NaN,
        "Reconciled Cost Of Revenue": NaN,
        "EBITDA": NaN,
        "EBIT": NaN,
        "Net Interest Income": NaN,
        "Interest Expense": NaN,
        "Interest Income": NaN,
        "Normalized Income": NaN,
        "Net Income From Continuing And Discontinued Operation": NaN,
        "Total Expenses": NaN,
        "Total Operating Income As Reported": NaN,
        "Diluted Average Shares": 127335311.0,
        "Basic Average Shares": 127335311.0,
        "Diluted EPS": -0.25,
        "Basic EPS": -0.25,
        "Diluted NI Availto Com Stockholders": NaN,
        "Net Income Common Stockholders": NaN,
        "Net Income": NaN,
        "Net Income Including Noncontrolling Interests": NaN,
        "Net Income Continuous Operations": NaN,
        "Tax Provision": NaN,
        "Pretax Income": NaN,
        "Other Income Expense": NaN,
        "Other Non Operating Income Expenses": NaN,
        "Special Income Charges": NaN,
        "Restructuring And Mergern Acquisition": NaN,
        "Net Non Operating Interest Income Expense": NaN,
        "Interest Expense Non Operating": NaN,
        "Interest Income Non Operating": NaN,
        "Operating Income": NaN,
        "Operating Expense": NaN,
        "Research And Development": NaN,
        "Selling General And Administration": NaN,
        "Selling And Marketing Expense": NaN,
        "General And Administrative Expense": NaN,
        "Other Gand A": NaN,
        "Gross Profit": NaN,
        "Cost Of Revenue": NaN,
        "Total Revenue": NaN,
        "Operating Revenue": NaN
    },
    "2023-12-31": {
        "Tax Effect Of Unusual Items": -31612.563079,
        "Tax Rate For Calcs": 0.129031,
        "Normalized EBITDA": 105167000.0,
        "Total Unusual Items": -245000.0,
        "Total Unusual Items Excluding Goodwill": -245000.0,
        "Net Income From Continuing Operation Net Minority Interest": 80947000.0,
        "Reconciled Depreciation": 11878000.0,
        "Reconciled Cost Of Revenue": 330190000.0,
        "EBITDA": 104922000.0,
        "EBIT": 93044000.0,
        "Net Interest Income": 2970000.0,
        "Interest Expense": 105000.0,
        "Interest Income": 3075000.0,
        "Normalized Income": 81160387.436921,
        "Net Income From Continuing And Discontinued Operation": 80947000.0,
        "Total Expenses": 532929000.0,
        "Total Operating Income As Reported": 79695000.0,
        "Diluted Average Shares": 126742153.0,
        "Basic Average Shares": 125181717.0,
        "Diluted EPS": 0.64,
        "Basic EPS": 0.65,
        "Diluted NI Availto Com Stockholders": 80947000.0,
        "Net Income Common Stockholders": 80947000.0,
        "Net Income": 80947000.0,
        "Net Income Including Noncontrolling Interests": 80947000.0,
        "Net Income Continuous Operations": 80947000.0,
        "Tax Provision": 11992000.0,
        "Pretax Income": 92939000.0,
        "Other Income Expense": 10029000.0,
        "Other Non Operating Income Expenses": 10274000.0,
        "Special Income Charges": -245000.0,
        "Restructuring And Mergern Acquisition": 245000.0,
        "Net Non Operating Interest Income Expense": 2970000.0,
        "Interest Expense Non Operating": 105000.0,
        "Interest Income Non Operating": 3075000.0,
        "Operating Income": 79940000.0,
        "Operating Expense": 202739000.0,
        "Research And Development": 79235000.0,
        "Selling General And Administration": 123504000.0,
        "Selling And Marketing Expense": 83837000.0,
        "General And Administrative Expense": 39667000.0,
        "Other Gand A": 39667000.0,
        "Gross Profit": 282679000.0,
        "Cost Of Revenue": 330190000.0,
        "Total Revenue": 612869000.0,
        "Operating Revenue": 612869000.0
    },
    "2024-03-31": {
        "Tax Effect Of Unusual Items": -63.277125,
        "Tax Rate For Calcs": 0.010546,
        "Normalized EBITDA": -59081000.0,
        "Total Unusual Items": -6000.0,
        "Total Unusual Items Excluding Goodwill": -6000.0,
        "Net Income From Continuing Operation Net Minority Interest": -69709000.0,
        "Reconciled Depreciation": 11243000.0,
        "Reconciled Cost Of Revenue": 140624000.0,
        "EBITDA": -59087000.0,
        "EBIT": -70330000.0,
        "Net Interest Income": 3811000.0,
        "Interest Expense": 122000.0,
        "Interest Income": 3933000.0,
        "Normalized Income": -69703063.277125,
        "Net Income From Continuing And Discontinued Operation": -69709000.0,
        "Total Expenses": 323616000.0,
        "Total Operating Income As Reported": -70960000.0,
        "Diluted Average Shares": 123749605.0,
        "Basic Average Shares": 123749605.0,
        "Diluted EPS": -0.56,
        "Basic EPS": -0.56,
        "Diluted NI Availto Com Stockholders": -69709000.0,
        "Net Income Common Stockholders": -69709000.0,
        "Net Income": -69709000.0,
        "Net Income Including Noncontrolling Interests": -69709000.0,
        "Net Income Continuous Operations": -69709000.0,
        "Tax Provision": -743000.0,
        "Pretax Income": -70452000.0,
        "Other Income Expense": -3309000.0,
        "Other Non Operating Income Expenses": -3303000.0,
        "Special Income Charges": -6000.0,
        "Restructuring And Mergern Acquisition": 6000.0,
        "Net Non Operating Interest Income Expense": 3811000.0,
        "Interest Expense Non Operating": 122000.0,
        "Interest Income Non Operating": 3933000.0,
        "Operating Income": -70954000.0,
        "Operating Expense": 182992000.0,
        "Research And Development": 80322000.0,
        "Selling General And Administration": 102670000.0,
        "Selling And Marketing Expense": 61835000.0,
        "General And Administrative Expense": 40835000.0,
        "Other Gand A": 40835000.0,
        "Gross Profit": 112038000.0,
        "Cost Of Revenue": 140624000.0,
        "Total Revenue": 252662000.0,
        "Operating Revenue": 252662000.0
    },
    "2024-06-30": {
        "Tax Effect Of Unusual Items": -171150.0,
        "Tax Rate For Calcs": 0.21,
        "Normalized EBITDA": 25602000.0,
        "Total Unusual Items": -815000.0,
        "Total Unusual Items Excluding Goodwill": -815000.0,
        "Net Income From Continuing Operation Net Minority Interest": 3709000.0,
        "Reconciled Depreciation": 12033000.0,
        "Reconciled Cost Of Revenue": 205505000.0,
        "EBITDA": 24787000.0,
        "EBIT": 12754000.0,
        "Net Interest Income": 2523000.0,
        "Interest Expense": 106000.0,
        "Interest Income": 2629000.0,
        "Normalized Income": 4352850.0,
        "Net Income From Continuing And Discontinued Operation": 3709000.0,
        "Total Expenses": 383742000.0,
        "Total Operating Income As Reported": 12589000.0,
        "Diluted Average Shares": NaN,
        "Basic Average Shares": NaN,
        "Diluted EPS": NaN,
        "Basic EPS": NaN,
        "Diluted NI Availto Com Stockholders": 3709000.0,
        "Net Income Common Stockholders": 3709000.0,
        "Net Income": 3709000.0,
        "Net Income Including Noncontrolling Interests": 3709000.0,
        "Net Income Continuous Operations": 3709000.0,
        "Tax Provision": 8939000.0,
        "Pretax Income": 12648000.0,
        "Other Income Expense": -3279000.0,
        "Other Non Operating Income Expenses": -2464000.0,
        "Special Income Charges": -815000.0,
        "Restructuring And Mergern Acquisition": 815000.0,
        "Net Non Operating Interest Income Expense": 2523000.0,
        "Interest Expense Non Operating": 106000.0,
        "Interest Income Non Operating": 2629000.0,
        "Operating Income": 13404000.0,
        "Operating Expense": 178237000.0,
        "Research And Development": 74223000.0,
        "Selling General And Administration": 104014000.0,
        "Selling And Marketing Expense": 71458000.0,
        "General And Administrative Expense": 32556000.0,
        "Other Gand A": 32556000.0,
        "Gross Profit": 191641000.0,
        "Cost Of Revenue": 205505000.0,
        "Total Revenue": 397146000.0,
        "Operating Revenue": 397146000.0
    },
    "2024-09-30": {
        "Tax Effect Of Unusual Items": -744608.499502,
        "Tax Rate For Calcs": 0.147593,
        "Normalized EBITDA": -39909000.0,
        "Total Unusual Items": -5045000.0,
        "Total Unusual Items Excluding Goodwill": -5045000.0,
        "Net Income From Continuing Operation Net Minority Interest": -53093000.0,
        "Reconciled Depreciation": 17224000.0,
        "Reconciled Cost Of Revenue": 152363000.0,
        "EBITDA": -44954000.0,
        "EBIT": -62178000.0,
        "Net Interest Income": 2219000.0,
        "Interest Expense": 108000.0,
        "Interest Income": 2327000.0,
        "Normalized Income": -48792608.499502,
        "Net Income From Continuing And Discontinued Operation": -53093000.0,
        "Total Expenses": 319704000.0,
        "Total Operating Income As Reported": -69369000.0,
        "Diluted Average Shares": 121389519.0,
        "Basic Average Shares": 121389519.0,
        "Diluted EPS": -0.44,
        "Basic EPS": -0.44,
        "Diluted NI Availto Com Stockholders": -53093000.0,
        "Net Income Common Stockholders": -53093000.0,
        "Net Income": -53093000.0,
        "Net Income Including Noncontrolling Interests": -53093000.0,
        "Net Income Continuous Operations": -53093000.0,
        "Tax Provision": -9193000.0,
        "Pretax Income": -62286000.0,
        "Other Income Expense": -181000.0,
        "Other Non Operating Income Expenses": 4864000.0,
        "Special Income Charges": -5045000.0,
        "Restructuring And Mergern Acquisition": 5045000.0,
        "Net Non Operating Interest Income Expense": 2219000.0,
        "Interest Expense Non Operating": 108000.0,
        "Interest Income Non Operating": 2327000.0,
        "Operating Income": -64324000.0,
        "Operating Expense": 167341000.0,
        "Research And Development": 70778000.0,
        "Selling General And Administration": 96563000.0,
        "Selling And Marketing Expense": 70708000.0,
        "General And Administrative Expense": 25855000.0,
        "Other Gand A": 25855000.0,
        "Gross Profit": 103017000.0,
        "Cost Of Revenue": 152363000.0,
        "Total Revenue": 255380000.0,
        "Operating Revenue": 255380000.0
    },
    "2024-12-31": {
        "Tax Effect Of Unusual Items": 0.0,
        "Tax Rate For Calcs": 0.21,
        "Normalized EBITDA": 61536000.0,
        "Total Unusual Items": 0.0,
        "Total Unusual Items Excluding Goodwill": 0.0,
        "Net Income From Continuing Operation Net Minority Interest": 50237000.0,
        "Reconciled Depreciation": 17611000.0,
        "Reconciled Cost Of Revenue": 309451000.0,
        "EBITDA": 61536000.0,
        "EBIT": 43925000.0,
        "Net Interest Income": 1751000.0,
        "Interest Expense": 110000.0,
        "Interest Income": 1861000.0,
        "Normalized Income": 50237000.0,
        "Net Income From Continuing And Discontinued Operation": 50237000.0,
        "Total Expenses": 502764000.0,
        "Total Operating Income As Reported": 48093000.0,
        "Diluted Average Shares": 124731619.0,
        "Basic Average Shares": 122071586.0,
        "Diluted EPS": 0.4,
        "Basic EPS": 0.41,
        "Diluted NI Availto Com Stockholders": 50237000.0,
        "Net Income Common Stockholders": 50237000.0,
        "Net Income": 50237000.0,
        "Net Income Including Noncontrolling Interests": 50237000.0,
        "Net Income Continuous Operations": 50237000.0,
        "Tax Provision": -6422000.0,
        "Pretax Income": 43815000.0,
        "Other Income Expense": -6029000.0,
        "Other Non Operating Income Expenses": -6029000.0,
        "Special Income Charges": 0.0,
        "Restructuring And Mergern Acquisition": 0.0,
        "Net Non Operating Interest Income Expense": 1751000.0,
        "Interest Expense Non Operating": 110000.0,
        "Interest Income Non Operating": 1861000.0,
        "Operating Income": 48093000.0,
        "Operating Expense": 193313000.0,
        "Research And Development": 80838000.0,
        "Selling General And Administration": 112475000.0,
        "Selling And Marketing Expense": 86644000.0,
        "General And Administrative Expense": 25831000.0,
        "Other Gand A": 25831000.0,
        "Gross Profit": 241406000.0,
        "Cost Of Revenue": 309451000.0,
        "Total Revenue": 550857000.0,
        "Operating Revenue": 550857000.0
    },
    "2025-03-31": {
        "Tax Effect Of Unusual Items": -1469790.0,
        "Tax Rate For Calcs": 0.21,
        "Normalized EBITDA": -36892000.0,
        "Total Unusual Items": -6999000.0,
        "Total Unusual Items Excluding Goodwill": -6999000.0,
        "Net Income From Continuing Operation Net Minority Interest": -70144000.0,
        "Reconciled Depreciation": 15167000.0,
        "Reconciled Cost Of Revenue": 146147000.0,
        "EBITDA": -43891000.0,
        "EBIT": -59058000.0,
        "Net Interest Income": 1864000.0,
        "Interest Expense": 109000.0,
        "Interest Income": 1973000.0,
        "Normalized Income": -64614790.0,
        "Net Income From Continuing And Discontinued Operation": -70144000.0,
        "Total Expenses": 313981000.0,
        "Total Operating Income As Reported": -61224000.0,
        "Diluted Average Shares": 119919163.0,
        "Basic Average Shares": 119919163.0,
        "Diluted EPS": -0.58,
        "Basic EPS": -0.58,
        "Diluted NI Availto Com Stockholders": -70144000.0,
        "Net Income Common Stockholders": -70144000.0,
        "Net Income": -70144000.0,
        "Net Income Including Noncontrolling Interests": -70144000.0,
        "Net Income Continuous Operations": -70144000.0,
        "Tax Provision": 10977000.0,
        "Pretax Income": -59167000.0,
        "Other Income Expense": -6806000.0,
        "Other Non Operating Income Expenses": 193000.0,
        "Special Income Charges": -6999000.0,
        "Restructuring And Mergern Acquisition": 6999000.0,
        "Net Non Operating Interest Income Expense": 1864000.0,
        "Interest Expense Non Operating": 109000.0,
        "Interest Income Non Operating": 1973000.0,
        "Operating Income": -54225000.0,
        "Operating Expense": 167834000.0,
        "Research And Development": 77423000.0,
        "Selling General And Administration": 90411000.0,
        "Selling And Marketing Expense": 61418000.0,
        "General And Administrative Expense": 28993000.0,
        "Other Gand A": 28993000.0,
        "Gross Profit": 113609000.0,
        "Cost Of Revenue": 146147000.0,
        "Total Revenue": 259756000.0,
        "Operating Revenue": 259756000.0
    },
    "2025-06-30": {
        "Tax Effect Of Unusual Items": -696990.0,
        "Tax Rate For Calcs": 0.21,
        "Normalized EBITDA": 18502000.0,
        "Total Unusual Items": -3319000.0,
        "Total Unusual Items Excluding Goodwill": -3319000.0,
        "Net Income From Continuing Operation Net Minority Interest": -3379000.0,
        "Reconciled Depreciation": 15879000.0,
        "Reconciled Cost Of Revenue": 195040000.0,
        "EBITDA": 15183000.0,
        "EBIT": -696000.0,
        "Net Interest Income": 1455000.0,
        "Interest Expense": 117000.0,
        "Interest Income": 1572000.0,
        "Normalized Income": -756990.0,
        "Net Income From Continuing And Discontinued Operation": -3379000.0,
        "Total Expenses": 344374000.0,
        "Total Operating Income As Reported": -2929000.0,
        "Diluted Average Shares": 120423439.0,
        "Basic Average Shares": 120423439.0,
        "Diluted EPS": -0.03,
        "Basic EPS": -0.03,
        "Diluted NI Availto Com Stockholders": -3379000.0,
        "Net Income Common Stockholders": -3379000.0,
        "Net Income": -3379000.0,
        "Net Income Including Noncontrolling Interests": -3379000.0,
        "Net Income Continuous Operations": -3379000.0,
        "Tax Provision": 2566000.0,
        "Pretax Income": -813000.0,
        "Other Income Expense": -2658000.0,
        "Other Non Operating Income Expenses": 661000.0,
        "Special Income Charges": -3319000.0,
        "Restructuring And Mergern Acquisition": 3319000.0,
        "Net Non Operating Interest Income Expense": 1455000.0,
        "Interest Expense Non Operating": 117000.0,
        "Interest Income Non Operating": 1572000.0,
        "Operating Income": 390000.0,
        "Operating Expense": 149334000.0,
        "Research And Development": 59750000.0,
        "Selling General And Administration": 89584000.0,
        "Selling And Marketing Expense": 61538000.0,
        "General And Administrative Expense": 28046000.0,
        "Other Gand A": 28046000.0,
        "Gross Profit": 149724000.0,
        "Cost Of Revenue": 195040000.0,
        "Total Revenue": 344764000.0,
        "Operating Revenue": 344764000.0
    },
    "2025-09-30": {
        "Tax Effect Of Unusual Items": -1511160.0,
        "Tax Rate For Calcs": 0.21,
        "Normalized EBITDA": -13343000.0,
        "Total Unusual Items": -7196000.0,
        "Total Unusual Items Excluding Goodwill": -7196000.0,
        "Net Income From Continuing Operation Net Minority Interest": -37858000.0,
        "Reconciled Depreciation": 13664000.0,
        "Reconciled Cost Of Revenue": 162109000.0,
        "EBITDA": -20539000.0,
        "EBIT": -34203000.0,
        "Net Interest Income": 1399000.0,
        "Interest Expense": 129000.0,
        "Interest Income": 1528000.0,
        "Normalized Income": -32173160.0,
        "Net Income From Continuing And Discontinued Operation": -37858000.0,
        "Total Expenses": 315113000.0,
        "Total Operating Income As Reported": -34409000.0,
        "Diluted Average Shares": 120598219.0,
        "Basic Average Shares": 120598219.0,
        "Diluted EPS": -0.31,
        "Basic EPS": -0.31,
        "Diluted NI Availto Com Stockholders": -37858000.0,
        "Net Income Common Stockholders": -37858000.0,
        "Net Income": -37858000.0,
        "Net Income Including Noncontrolling Interests": -37858000.0,
        "Net Income Continuous Operations": -37858000.0,
        "Tax Provision": 3526000.0,
        "Pretax Income": -34332000.0,
        "Other Income Expense": -8518000.0,
        "Other Non Operating Income Expenses": -1322000.0,
        "Special Income Charges": -7196000.0,
        "Restructuring And Mergern Acquisition": 7196000.0,
        "Net Non Operating Interest Income Expense": 1399000.0,
        "Interest Expense Non Operating": 129000.0,
        "Interest Income Non Operating": 1528000.0,
        "Operating Income": -27213000.0,
        "Operating Expense": 153004000.0,
        "Research And Development": 61958000.0,
        "Selling General And Administration": 91046000.0,
        "Selling And Marketing Expense": 61814000.0,
        "General And Administrative Expense": 29232000.0,
        "Other Gand A": 29232000.0,
        "Gross Profit": 125791000.0,
        "Cost Of Revenue": 162109000.0,
        "Total Revenue": 287900000.0,
        "Operating Revenue": 287900000.0
    },
    "2025-12-31": {
        "Tax Effect Of Unusual Items": 0.0,
        "Tax Rate For Calcs": 0.081024,
        "Normalized EBITDA": 116206000.0,
        "Total Unusual Items": 0.0,
        "Total Unusual Items Excluding Goodwill": 0.0,
        "Net Income From Continuing Operation Net Minority Interest": 93798000.0,
        "Reconciled Depreciation": 14022000.0,
        "Reconciled Cost Of Revenue": 292202000.0,
        "EBITDA": 116206000.0,
        "EBIT": 102184000.0,
        "Net Interest Income": 1232000.0,
        "Interest Expense": 116000.0,
        "Interest Income": 1348000.0,
        "Normalized Income": 93798000.0,
        "Net Income From Continuing And Discontinued Operation": 93798000.0,
        "Total Expenses": 445246000.0,
        "Total Operating Income As Reported": 100416000.0,
        "Diluted Average Shares": 120489548.0,
        "Basic Average Shares": 120489548.0,
        "Diluted EPS": 0.75,
        "Basic EPS": 0.78,
        "Diluted NI Availto Com Stockholders": 93798000.0,
        "Net Income Common Stockholders": 93798000.0,
        "Net Income": 93798000.0,
        "Net Income Including Noncontrolling Interests": 93798000.0,
        "Net Income Continuous Operations": 93798000.0,
        "Tax Provision": 8270000.0,
        "Pretax Income": 102068000.0,
        "Other Income Expense": 420000.0,
        "Other Non Operating Income Expenses": 420000.0,
        "Special Income Charges": 0.0,
        "Restructuring And Mergern Acquisition": 0.0,
        "Net Non Operating Interest Income Expense": 1232000.0,
        "Interest Expense Non Operating": 116000.0,
        "Interest Income Non Operating": 1348000.0,
        "Operating Income": 100416000.0,
        "Operating Expense": 153044000.0,
        "Research And Development": 59762000.0,
        "Selling General And Administration": 93282000.0,
        "Selling And Marketing Expense": 65273000.0,
        "General And Administrative Expense": 28009000.0,
        "Other Gand A": 28009000.0,
        "Gross Profit": 253460000.0,
        "Cost Of Revenue": 292202000.0,
        "Total Revenue": 545662000.0,
        "Operating Revenue": 545662000.0
    }
}