{
    "2023-03-31": {
        "Tax Effect Of Unusual Items": 0.0,
        "Tax Rate For Calcs": 0.383,
        "Normalized EBITDA": 29887000.0,
        "Total Unusual Items": NaN,
        "Total Unusual Items Excluding Goodwill": NaN,
        "Net Income From Continuing Operation Net Minority Interest": 7846000.0,
        "Reconciled Depreciation": 8469000.0,
        "Reconciled Cost Of Revenue": 179490000.0,
        "EBITDA": 29887000.0,
        "EBIT": 21418000.0,
        "Net Interest Income": -8701000.0,
        "Interest Expense": 8701000.0,
        "Normalized Income": 7846000.0,
        "Net Income From Continuing And Discontinued Operation": 7846000.0,
        "Total Expenses": 231373000.0,
        "Total Operating Income As Reported": 21418000.0,
        "Diluted Average Shares": 101507696.0,
        "Basic Average Shares": 101186223.0,
        "Diluted EPS": 0.08,
        "Basic EPS": 0.08,
        "Diluted NI Availto Com Stockholders": 7846000.0,
        "Net Income Common Stockholders": 7846000.0,
        "Net Income": 7846000.0,
        "Net Income Including Noncontrolling Interests": 7846000.0,
        "Net Income Continuous Operations": 7846000.0,
        "Tax Provision": 4871000.0,
        "Pretax Income": 12717000.0,
        "Other Income Expense": NaN,
        "Special Income Charges": NaN,
        "Impairment Of Capital Assets": NaN,
        "Net Non Operating Interest Income Expense": -8701000.0,
        "Interest Expense Non Operating": 8701000.0,
        "Operating Income": 21418000.0,
        "Operating Expense": 49394000.0,
        "Depreciation Amortization Depletion Income Statement": 5980000.0,
        "Depreciation And Amortization In Income Statement": 5980000.0,
        "Selling General And Administration": 43414000.0,
        "Gross Profit": 70812000.0,
        "Cost Of Revenue": 181979000.0,
        "Total Revenue": 252791000.0,
        "Operating Revenue": 252791000.0
    },
    "2022-12-31": {
        "Tax Effect Of Unusual Items": -12241506.449045,
        "Tax Rate For Calcs": 0.238668,
        "Normalized EBITDA": 32732000.0,
        "Total Unusual Items": -51291000.0,
        "Total Unusual Items Excluding Goodwill": -51291000.0,
        "Net Income From Continuing Operation Net Minority Interest": -28687000.0,
        "Reconciled Depreciation": 9684000.0,
        "Reconciled Cost Of Revenue": 183670000.0,
        "EBITDA": -18559000.0,
        "EBIT": -28243000.0,
        "Net Interest Income": -9437000.0,
        "Interest Expense": 9437000.0,
        "Normalized Income": 10362493.550955,
        "Net Income From Continuing And Discontinued Operation": -28687000.0,
        "Total Expenses": 239050000.0,
        "Total Operating Income As Reported": -28243000.0,
        "Diluted Average Shares": 100961986.0,
        "Basic Average Shares": 100961986.0,
        "Diluted EPS": -0.28,
        "Basic EPS": -0.28,
        "Diluted NI Availto Com Stockholders": -28687000.0,
        "Net Income Common Stockholders": -28687000.0,
        "Net Income": -28687000.0,
        "Net Income Including Noncontrolling Interests": -28687000.0,
        "Net Income Continuous Operations": -28687000.0,
        "Tax Provision": -8993000.0,
        "Pretax Income": -37680000.0,
        "Other Income Expense": -51291000.0,
        "Special Income Charges": -51291000.0,
        "Impairment Of Capital Assets": 0.0,
        "Net Non Operating Interest Income Expense": -9437000.0,
        "Interest Expense Non Operating": 9437000.0,
        "Operating Income": 23048000.0,
        "Operating Expense": 52869000.0,
        "Depreciation Amortization Depletion Income Statement": 7173000.0,
        "Depreciation And Amortization In Income Statement": 7173000.0,
        "Selling General And Administration": 45696000.0,
        "Gross Profit": 75917000.0,
        "Cost Of Revenue": 186181000.0,
        "Total Revenue": 262098000.0,
        "Operating Revenue": 262098000.0
    },
    "2022-09-30": {
        "Tax Effect Of Unusual Items": 0.0,
        "Tax Rate For Calcs": 0.4,
        "Normalized EBITDA": 20447000.0,
        "Total Unusual Items": 0.0,
        "Total Unusual Items Excluding Goodwill": 0.0,
        "Net Income From Continuing Operation Net Minority Interest": 1464000.0,
        "Reconciled Depreciation": 9804000.0,
        "Reconciled Cost Of Revenue": 144495000.0,
        "EBITDA": 20447000.0,
        "EBIT": 10643000.0,
        "Net Interest Income": -6679000.0,
        "Interest Expense": 6679000.0,
        "Normalized Income": 1464000.0,
        "Net Income From Continuing And Discontinued Operation": 1464000.0,
        "Total Expenses": 198264000.0,
        "Total Operating Income As Reported": 10643000.0,
        "Diluted Average Shares": 101613928.0,
        "Basic Average Shares": 100913121.0,
        "Diluted EPS": 0.01,
        "Basic EPS": 0.01,
        "Diluted NI Availto Com Stockholders": 1464000.0,
        "Net Income Common Stockholders": 1464000.0,
        "Net Income": 1464000.0,
        "Net Income Including Noncontrolling Interests": 1464000.0,
        "Net Income Continuous Operations": 1464000.0,
        "Tax Provision": 2500000.0,
        "Pretax Income": 3964000.0,
        "Other Income Expense": NaN,
        "Special Income Charges": 0.0,
        "Gain On Sale Of Ppe": NaN,
        "Impairment Of Capital Assets": 0.0,
        "Net Non Operating Interest Income Expense": -6679000.0,
        "Interest Expense Non Operating": 6679000.0,
        "Operating Income": 10643000.0,
        "Operating Expense": 51174000.0,
        "Depreciation Amortization Depletion Income Statement": 7209000.0,
        "Depreciation And Amortization In Income Statement": 7209000.0,
        "Selling General And Administration": 43965000.0,
        "Gross Profit": 61817000.0,
        "Cost Of Revenue": 147090000.0,
        "Total Revenue": 208907000.0,
        "Operating Revenue": 208907000.0
    },
    "2022-06-30": {
        "Tax Effect Of Unusual Items": -9714012.0,
        "Tax Rate For Calcs": 0.231,
        "Normalized EBITDA": 18199000.0,
        "Total Unusual Items": -42052000.0,
        "Total Unusual Items Excluding Goodwill": -42052000.0,
        "Net Income From Continuing Operation Net Minority Interest": -30285000.0,
        "Reconciled Depreciation": 9825000.0,
        "Reconciled Cost Of Revenue": 139785000.0,
        "EBITDA": -23853000.0,
        "EBIT": -33678000.0,
        "Net Interest Income": -5713000.0,
        "Interest Expense": 5713000.0,
        "Normalized Income": 2052988.0,
        "Net Income From Continuing And Discontinued Operation": -30285000.0,
        "Total Expenses": 189059000.0,
        "Total Operating Income As Reported": -33678000.0,
        "Diluted Average Shares": 100897815.0,
        "Basic Average Shares": 100897815.0,
        "Diluted EPS": -0.3,
        "Basic EPS": -0.3,
        "Diluted NI Availto Com Stockholders": -30285000.0,
        "Net Income Common Stockholders": -30285000.0,
        "Net Income": -30285000.0,
        "Net Income Including Noncontrolling Interests": -30285000.0,
        "Net Income Continuous Operations": -30285000.0,
        "Tax Provision": -9106000.0,
        "Pretax Income": -39391000.0,
        "Other Income Expense": -42052000.0,
        "Special Income Charges": -42052000.0,
        "Gain On Sale Of Ppe": NaN,
        "Impairment Of Capital Assets": 42052000.0,
        "Net Non Operating Interest Income Expense": -5713000.0,
        "Interest Expense Non Operating": 5713000.0,
        "Operating Income": 8374000.0,
        "Operating Expense": 46649000.0,
        "Depreciation Amortization Depletion Income Statement": 7200000.0,
        "Depreciation And Amortization In Income Statement": 7200000.0,
        "Selling General And Administration": 39449000.0,
        "Gross Profit": 55023000.0,
        "Cost Of Revenue": 142410000.0,
        "Total Revenue": 197433000.0,
        "Operating Revenue": 197433000.0
    },
    "2022-03-31": {
        "Diluted EPS": 0.04,
        "Total Revenue": 210,
        "Gross Profit": 54,
        "Operating Income": 13,
        "EBIT": 23,
        "Net Income": 4
    },
    "2021-12-31": {
        "Diluted EPS": -0.04,
        "Total Revenue": 189,
        "Gross Profit": 59,
        "Operating Income": -2,
        "EBIT": 8,
        "Net Income": -4
    },
    "2021-09-30": {
        "Diluted EPS": -0.06,
        "Total Revenue": 179,
        "Gross Profit": 50,
        "Operating Income": 11,
        "EBIT": 21,
        "Net Income": -5
    },
    "2021-06-30": {
        "Diluted EPS": -0.02,
        "Total Revenue": 162,
        "Gross Profit": 50,
        "Operating Income": 6,
        "EBIT": 16,
        "Net Income": -1
    },
    "2021-03-31": {
        "Diluted EPS": 0.15,
        "Total Revenue": 189,
        "Gross Profit": 62,
        "Operating Income": 21,
        "EBIT": 31,
        "Net Income": 12
    },
    "2020-12-31": {
        "Diluted EPS": 0.0,
        "Total Revenue": NaN,
        "Gross Profit": NaN,
        "Operating Income": NaN,
        "EBIT": NaN,
        "Net Income": NaN
    },
    "2019-12-31": {
        "Diluted EPS": 0.0,
        "Total Revenue": NaN,
        "Gross Profit": NaN,
        "Operating Income": NaN,
        "EBIT": NaN,
        "Net Income": NaN
    },
    "2023-06-30": {
        "Tax Effect Of Unusual Items": 0.0,
        "Tax Rate For Calcs": 0.358,
        "Normalized EBITDA": 25634000.0,
        "Total Unusual Items": 0.0,
        "Total Unusual Items Excluding Goodwill": 0.0,
        "Net Income From Continuing Operation Net Minority Interest": 5389000.0,
        "Reconciled Depreciation": 8564000.0,
        "Reconciled Cost Of Revenue": 144368000.0,
        "EBITDA": 25634000.0,
        "EBIT": 17070000.0,
        "Net Interest Income": -8678000.0,
        "Interest Expense": 8678000.0,
        "Normalized Income": 5389000.0,
        "Net Income From Continuing And Discontinued Operation": 5389000.0,
        "Total Expenses": 200565000.0,
        "Total Operating Income As Reported": 17070000.0,
        "Diluted Average Shares": 103271838.0,
        "Basic Average Shares": 101265446.0,
        "Diluted EPS": 0.05,
        "Basic EPS": 0.05,
        "Diluted NI Availto Com Stockholders": 5389000.0,
        "Net Income Common Stockholders": 5389000.0,
        "Net Income": 5389000.0,
        "Net Income Including Noncontrolling Interests": 5389000.0,
        "Net Income Continuous Operations": 5389000.0,
        "Tax Provision": 3003000.0,
        "Pretax Income": 8392000.0,
        "Other Income Expense": NaN,
        "Special Income Charges": 0.0,
        "Impairment Of Capital Assets": 0.0,
        "Net Non Operating Interest Income Expense": -8678000.0,
        "Interest Expense Non Operating": 8678000.0,
        "Operating Income": 17070000.0,
        "Operating Expense": 53637000.0,
        "Depreciation Amortization Depletion Income Statement": 6004000.0,
        "Depreciation And Amortization In Income Statement": 6004000.0,
        "Selling General And Administration": 47633000.0,
        "Gross Profit": 70707000.0,
        "Cost Of Revenue": 146928000.0,
        "Total Revenue": 217635000.0,
        "Operating Revenue": 217635000.0
    },
    "2023-09-30": {
        "Tax Effect Of Unusual Items": 0.0,
        "Tax Rate For Calcs": 0.21,
        "Normalized EBITDA": 20433000.0,
        "Total Unusual Items": 0.0,
        "Total Unusual Items Excluding Goodwill": 0.0,
        "Net Income From Continuing Operation Net Minority Interest": 1426000.0,
        "Reconciled Depreciation": 8450000.0,
        "Reconciled Cost Of Revenue": 179040000.0,
        "EBITDA": 20433000.0,
        "EBIT": 11983000.0,
        "Net Interest Income": -8621000.0,
        "Interest Expense": 8621000.0,
        "Normalized Income": 1426000.0,
        "Net Income From Continuing And Discontinued Operation": 1426000.0,
        "Total Expenses": 245961000.0,
        "Total Operating Income As Reported": 11983000.0,
        "Diluted Average Shares": 103775264.0,
        "Basic Average Shares": 101327970.0,
        "Diluted EPS": 0.01,
        "Basic EPS": 0.01,
        "Diluted NI Availto Com Stockholders": 1426000.0,
        "Net Income Common Stockholders": 1426000.0,
        "Net Income": 1426000.0,
        "Net Income Including Noncontrolling Interests": 1426000.0,
        "Net Income Continuous Operations": 1426000.0,
        "Tax Provision": 1936000.0,
        "Pretax Income": 3362000.0,
        "Other Income Expense": NaN,
        "Special Income Charges": 0.0,
        "Impairment Of Capital Assets": 0.0,
        "Net Non Operating Interest Income Expense": -8621000.0,
        "Interest Expense Non Operating": 8621000.0,
        "Operating Income": 11983000.0,
        "Operating Expense": 64510000.0,
        "Depreciation Amortization Depletion Income Statement": 6039000.0,
        "Depreciation And Amortization In Income Statement": 6039000.0,
        "Selling General And Administration": 58471000.0,
        "Gross Profit": 76493000.0,
        "Cost Of Revenue": 181451000.0,
        "Total Revenue": 257944000.0,
        "Operating Revenue": 257944000.0
    },
    "2023-12-31": {
        "Tax Effect Of Unusual Items": 0.0,
        "Tax Rate For Calcs": 0.295312,
        "Normalized EBITDA": 47062000.0,
        "Total Unusual Items": 0.0,
        "Total Unusual Items Excluding Goodwill": 0.0,
        "Net Income From Continuing Operation Net Minority Interest": 15513000.0,
        "Reconciled Depreciation": 8468000.0,
        "Reconciled Cost Of Revenue": 202163000.0,
        "EBITDA": 47062000.0,
        "EBIT": 38594000.0,
        "Net Interest Income": -8077000.0,
        "Interest Expense": 16580000.0,
        "Normalized Income": 15513000.0,
        "Net Income From Continuing And Discontinued Operation": 15513000.0,
        "Total Expenses": 261960000.0,
        "Total Operating Income As Reported": 30091000.0,
        "Diluted Average Shares": 104018656.0,
        "Basic Average Shares": 101435281.0,
        "Diluted EPS": 0.15,
        "Basic EPS": 0.15,
        "Diluted NI Availto Com Stockholders": 15513000.0,
        "Net Income Common Stockholders": 15513000.0,
        "Net Income": 15513000.0,
        "Net Income Including Noncontrolling Interests": 15513000.0,
        "Net Income Continuous Operations": 15513000.0,
        "Tax Provision": 6501000.0,
        "Pretax Income": 22014000.0,
        "Other Income Expense": NaN,
        "Special Income Charges": 0.0,
        "Impairment Of Capital Assets": 0.0,
        "Net Non Operating Interest Income Expense": -8077000.0,
        "Interest Expense Non Operating": 16580000.0,
        "Operating Income": 30091000.0,
        "Operating Expense": 57383000.0,
        "Depreciation Amortization Depletion Income Statement": 6054000.0,
        "Depreciation And Amortization In Income Statement": 6054000.0,
        "Selling General And Administration": 51329000.0,
        "Gross Profit": 87474000.0,
        "Cost Of Revenue": 204577000.0,
        "Total Revenue": 292051000.0,
        "Operating Revenue": 292051000.0
    }
}