{
    "2023-03-31": {
        "Tax Effect Of Unusual Items": NaN,
        "Tax Rate For Calcs": NaN,
        "Normalized EBITDA": NaN,
        "Total Unusual Items": NaN,
        "Total Unusual Items Excluding Goodwill": NaN,
        "Net Income From Continuing Operation Net Minority Interest": NaN,
        "Reconciled Depreciation": NaN,
        "Reconciled Cost Of Revenue": NaN,
        "EBITDA": NaN,
        "EBIT": NaN,
        "Net Interest Income": NaN,
        "Interest Expense": NaN,
        "Interest Income": NaN,
        "Normalized Income": NaN,
        "Net Income From Continuing And Discontinued Operation": NaN,
        "Total Expenses": NaN,
        "Total Operating Income As Reported": NaN,
        "Diluted Average Shares": NaN,
        "Basic Average Shares": NaN,
        "Diluted EPS": NaN,
        "Basic EPS": NaN,
        "Diluted NI Availto Com Stockholders": NaN,
        "Net Income Common Stockholders": NaN,
        "Net Income": NaN,
        "Minority Interests": NaN,
        "Net Income Including Noncontrolling Interests": NaN,
        "Net Income Discontinuous Operations": NaN,
        "Net Income Continuous Operations": NaN,
        "Tax Provision": NaN,
        "Pretax Income": NaN,
        "Other Income Expense": NaN,
        "Other Non Operating Income Expenses": NaN,
        "Special Income Charges": NaN,
        "Other Special Charges": NaN,
        "Impairment Of Capital Assets": NaN,
        "Restructuring And Mergern Acquisition": NaN,
        "Net Non Operating Interest Income Expense": NaN,
        "Interest Expense Non Operating": NaN,
        "Interest Income Non Operating": NaN,
        "Operating Income": NaN,
        "Operating Expense": NaN,
        "Research And Development": 5200000.0,
        "Selling General And Administration": NaN,
        "Selling And Marketing Expense": 133100000.0,
        "General And Administrative Expense": 86200000.0,
        "Other Gand A": 86200000.0,
        "Gross Profit": NaN,
        "Cost Of Revenue": NaN,
        "Total Revenue": NaN,
        "Operating Revenue": NaN
    },
    "2022-12-31": {
        "Tax Effect Of Unusual Items": NaN,
        "Tax Rate For Calcs": NaN,
        "Normalized EBITDA": NaN,
        "Total Unusual Items": NaN,
        "Total Unusual Items Excluding Goodwill": NaN,
        "Net Income From Continuing Operation Net Minority Interest": NaN,
        "Reconciled Depreciation": NaN,
        "Reconciled Cost Of Revenue": NaN,
        "EBITDA": NaN,
        "EBIT": NaN,
        "Net Interest Income": NaN,
        "Interest Expense": NaN,
        "Interest Income": NaN,
        "Normalized Income": NaN,
        "Net Income From Continuing And Discontinued Operation": NaN,
        "Total Expenses": NaN,
        "Total Operating Income As Reported": NaN,
        "Diluted Average Shares": NaN,
        "Basic Average Shares": NaN,
        "Diluted EPS": NaN,
        "Basic EPS": NaN,
        "Diluted NI Availto Com Stockholders": NaN,
        "Net Income Common Stockholders": NaN,
        "Net Income": NaN,
        "Minority Interests": NaN,
        "Net Income Including Noncontrolling Interests": NaN,
        "Net Income Discontinuous Operations": NaN,
        "Net Income Continuous Operations": NaN,
        "Tax Provision": NaN,
        "Pretax Income": NaN,
        "Other Income Expense": NaN,
        "Other Non Operating Income Expenses": NaN,
        "Special Income Charges": NaN,
        "Other Special Charges": NaN,
        "Impairment Of Capital Assets": NaN,
        "Restructuring And Mergern Acquisition": NaN,
        "Net Non Operating Interest Income Expense": NaN,
        "Interest Expense Non Operating": NaN,
        "Interest Income Non Operating": NaN,
        "Operating Income": NaN,
        "Operating Expense": NaN,
        "Research And Development": 6200000.0,
        "Selling General And Administration": NaN,
        "Selling And Marketing Expense": 131300000.0,
        "General And Administrative Expense": 84600000.0,
        "Other Gand A": 84600000.0,
        "Gross Profit": NaN,
        "Cost Of Revenue": NaN,
        "Total Revenue": NaN,
        "Operating Revenue": NaN
    },
    "2022-09-30": {
        "Tax Effect Of Unusual Items": NaN,
        "Tax Rate For Calcs": NaN,
        "Normalized EBITDA": NaN,
        "Total Unusual Items": NaN,
        "Total Unusual Items Excluding Goodwill": NaN,
        "Net Income From Continuing Operation Net Minority Interest": NaN,
        "Reconciled Depreciation": NaN,
        "Reconciled Cost Of Revenue": NaN,
        "EBITDA": NaN,
        "EBIT": NaN,
        "Net Interest Income": NaN,
        "Interest Expense": NaN,
        "Interest Income": NaN,
        "Normalized Income": NaN,
        "Net Income From Continuing And Discontinued Operation": NaN,
        "Total Expenses": NaN,
        "Total Operating Income As Reported": NaN,
        "Diluted Average Shares": NaN,
        "Basic Average Shares": NaN,
        "Diluted EPS": NaN,
        "Basic EPS": NaN,
        "Diluted NI Availto Com Stockholders": NaN,
        "Net Income Common Stockholders": NaN,
        "Net Income": NaN,
        "Minority Interests": NaN,
        "Net Income Including Noncontrolling Interests": NaN,
        "Net Income Discontinuous Operations": NaN,
        "Net Income Continuous Operations": NaN,
        "Tax Provision": NaN,
        "Pretax Income": NaN,
        "Other Income Expense": NaN,
        "Other Non Operating Income Expenses": NaN,
        "Special Income Charges": NaN,
        "Other Special Charges": NaN,
        "Impairment Of Capital Assets": NaN,
        "Restructuring And Mergern Acquisition": -3500000.0,
        "Net Non Operating Interest Income Expense": NaN,
        "Interest Expense Non Operating": NaN,
        "Interest Income Non Operating": NaN,
        "Operating Income": NaN,
        "Operating Expense": NaN,
        "Research And Development": 4700000.0,
        "Selling General And Administration": NaN,
        "Selling And Marketing Expense": 139700000.0,
        "General And Administrative Expense": 82100000.0,
        "Other Gand A": 82100000.0,
        "Gross Profit": NaN,
        "Cost Of Revenue": NaN,
        "Total Revenue": NaN,
        "Operating Revenue": NaN
    },
    "2022-06-30": {
        "Tax Effect Of Unusual Items": 10000000.0,
        "Tax Rate For Calcs": 0.4,
        "Normalized EBITDA": 6000000.0,
        "Total Unusual Items": 25000000.0,
        "Total Unusual Items Excluding Goodwill": 25000000.0,
        "Net Income From Continuing Operation Net Minority Interest": 2800000.0,
        "Reconciled Depreciation": 25400000.0,
        "Reconciled Cost Of Revenue": 542000000.0,
        "EBITDA": 31000000.0,
        "EBIT": 31000000.0,
        "Net Interest Income": -26000000.0,
        "Interest Expense": 26000000.0,
        "Interest Income": NaN,
        "Normalized Income": -12200000.0,
        "Net Income From Continuing And Discontinued Operation": 32700000.0,
        "Total Expenses": 804300000.0,
        "Total Operating Income As Reported": 38700000.0,
        "Diluted Average Shares": 41000000.0,
        "Basic Average Shares": 40800000.0,
        "Diluted EPS": 0.8,
        "Basic EPS": 0.8,
        "Diluted NI Availto Com Stockholders": 32700000.0,
        "Net Income Common Stockholders": 32700000.0,
        "Net Income": 32700000.0,
        "Minority Interests": -200000.0,
        "Net Income Including Noncontrolling Interests": 32900000.0,
        "Net Income Discontinuous Operations": 29900000.0,
        "Net Income Continuous Operations": 3000000.0,
        "Tax Provision": 2000000.0,
        "Pretax Income": 5000000.0,
        "Other Income Expense": 17300000.0,
        "Other Non Operating Income Expenses": -7700000.0,
        "Special Income Charges": 25000000.0,
        "Write Off": NaN,
        "Impairment Of Capital Assets": NaN,
        "Restructuring And Mergern Acquisition": -25000000.0,
        "Net Non Operating Interest Income Expense": -26000000.0,
        "Interest Expense Non Operating": 26000000.0,
        "Interest Income Non Operating": NaN,
        "Operating Income": 13700000.0,
        "Operating Expense": 262300000.0,
        "Research And Development": 6100000.0,
        "Selling General And Administration": 256200000.0,
        "Selling And Marketing Expense": 161900000.0,
        "General And Administrative Expense": 94300000.0,
        "Other Gand A": 94300000.0,
        "Gross Profit": 276000000.0,
        "Cost Of Revenue": 542000000.0,
        "Total Revenue": 818000000.0,
        "Operating Revenue": 818000000.0
    },
    "2022-03-31": {
        "Diluted EPS": 0.39,
        "Total Revenue": 808,
        "Gross Profit": 256,
        "Operating Income": -8,
        "EBIT": 19,
        "Net Income": 16
    },
    "2021-12-31": {
        "Diluted EPS": 0.2,
        "Total Revenue": 757,
        "Gross Profit": 219,
        "Operating Income": -24,
        "EBIT": 3,
        "Net Income": 8
    },
    "2021-09-30": {
        "Diluted EPS": 1.13,
        "Total Revenue": 758,
        "Gross Profit": 258,
        "Operating Income": -4,
        "EBIT": 27,
        "Net Income": 50
    },
    "2021-06-30": {
        "Diluted EPS": 0.72,
        "Total Revenue": 744,
        "Gross Profit": 263,
        "Operating Income": 30,
        "EBIT": 62,
        "Net Income": 31
    },
    "2021-03-31": {
        "Diluted EPS": 0.86,
        "Total Revenue": 760,
        "Gross Profit": 261,
        "Operating Income": 45,
        "EBIT": 77,
        "Net Income": 37
    },
    "2020-12-31": {
        "Diluted EPS": 1.68,
        "Total Revenue": 736,
        "Gross Profit": 253,
        "Operating Income": 26,
        "EBIT": 54,
        "Net Income": 72
    },
    "2020-09-30": {
        "Diluted EPS": 0.84,
        "Total Revenue": -172,
        "Gross Profit": -69,
        "Operating Income": -108,
        "EBIT": -79,
        "Net Income": 46
    },
    "2020-06-30": {
        "Diluted EPS": 3.36,
        "Total Revenue": 984,
        "Gross Profit": 349,
        "Operating Income": 95,
        "EBIT": 130,
        "Net Income": 145
    },
    "2020-03-31": {
        "Diluted EPS": -1.26,
        "Total Revenue": 938,
        "Gross Profit": 329,
        "Operating Income": 68,
        "EBIT": 106,
        "Net Income": -57
    },
    "2019-12-31": {
        "Diluted EPS": -0.75,
        "Total Revenue": 872,
        "Gross Profit": 269,
        "Operating Income": -46,
        "EBIT": -3,
        "Net Income": -36
    },
    "2019-09-30": {
        "Diluted EPS": -1.67,
        "Total Revenue": -363,
        "Gross Profit": -153,
        "Operating Income": -312,
        "EBIT": -150,
        "Net Income": -96
    },
    "2019-06-30": {
        "Diluted EPS": -0.53,
        "Total Revenue": NaN,
        "Gross Profit": 361,
        "Operating Income": 93,
        "EBIT": 130,
        "Net Income": -26
    },
    "2019-03-31": {
        "Diluted EPS": 14.07,
        "Total Revenue": 907,
        "Gross Profit": 306,
        "Operating Income": 42,
        "EBIT": 80,
        "Net Income": 729
    },
    "2018-12-31": {
        "Diluted EPS": -2.11,
        "Total Revenue": 880,
        "Gross Profit": 306,
        "Operating Income": 25,
        "EBIT": 96,
        "Net Income": -113
    },
    "2018-09-30": {
        "Diluted EPS": -6.29,
        "Total Revenue": 977,
        "Gross Profit": 347,
        "Operating Income": 35,
        "EBIT": 87,
        "Net Income": -116
    },
    "2018-06-30": {
        "Diluted EPS": 12.37,
        "Total Revenue": NaN,
        "Gross Profit": 363,
        "Operating Income": 107,
        "EBIT": 140,
        "Net Income": 406
    },
    "2018-03-31": {
        "Diluted EPS": -0.89,
        "Total Revenue": 883,
        "Gross Profit": 306,
        "Operating Income": 31,
        "EBIT": 69,
        "Net Income": -29
    },
    "2017-12-31": {
        "Diluted EPS": 15.55,
        "Total Revenue": 920,
        "Gross Profit": 318,
        "Operating Income": 51,
        "EBIT": 94,
        "Net Income": 507
    },
    "2017-09-30": {
        "Diluted EPS": -0.8,
        "Total Revenue": NaN,
        "Gross Profit": 464,
        "Operating Income": 50,
        "EBIT": 124,
        "Net Income": -26
    },
    "2017-06-30": {
        "Diluted EPS": 0.06,
        "Total Revenue": 863,
        "Gross Profit": 320,
        "Operating Income": 101,
        "EBIT": 137,
        "Net Income": 2
    },
    "2017-03-31": {
        "Diluted EPS": -2.54,
        "Total Revenue": 757,
        "Gross Profit": 312,
        "Operating Income": 95,
        "EBIT": 132,
        "Net Income": -82
    },
    "2016-12-31": {
        "Diluted EPS": 6.57,
        "Total Revenue": 602,
        "Gross Profit": 240,
        "Operating Income": 41,
        "EBIT": 75,
        "Net Income": 212
    },
    "2016-09-30": {
        "Diluted EPS": -0.32,
        "Total Revenue": -801,
        "Gross Profit": -237,
        "Operating Income": -96,
        "EBIT": -103,
        "Net Income": -7
    },
    "2016-06-30": {
        "Diluted EPS": -4.09,
        "Total Revenue": NaN,
        "Gross Profit": 532,
        "Operating Income": 188,
        "EBIT": 251,
        "Net Income": -133
    },
    "2016-03-31": {
        "Diluted EPS": -0.74,
        "Total Revenue": NaN,
        "Gross Profit": 521,
        "Operating Income": 143,
        "EBIT": 191,
        "Net Income": -25
    },
    "2015-12-31": {
        "Diluted EPS": -1.05,
        "Total Revenue": NaN,
        "Gross Profit": 431,
        "Operating Income": 100,
        "EBIT": 150,
        "Net Income": -34
    },
    "2015-09-30": {
        "Diluted EPS": -4.4,
        "Total Revenue": NaN,
        "Gross Profit": 467,
        "Operating Income": 646,
        "EBIT": 663,
        "Net Income": -143
    },
    "2015-06-30": {
        "Diluted EPS": -2.36,
        "Total Revenue": NaN,
        "Gross Profit": 414,
        "Operating Income": -75,
        "EBIT": -15,
        "Net Income": -76
    },
    "2015-03-31": {
        "Diluted EPS": -7.19,
        "Total Revenue": NaN,
        "Gross Profit": 414,
        "Operating Income": -177,
        "EBIT": -119,
        "Net Income": -228
    },
    "2014-12-31": {
        "Diluted EPS": -3.47,
        "Total Revenue": NaN,
        "Gross Profit": 409,
        "Operating Income": -215,
        "EBIT": -97,
        "Net Income": -110
    },
    "2014-09-30": {
        "Diluted EPS": 0.74,
        "Total Revenue": 184,
        "Gross Profit": -544,
        "Operating Income": 3,
        "EBIT": -19,
        "Net Income": -6
    },
    "2014-06-30": {
        "Diluted EPS": 1.74,
        "Total Revenue": NaN,
        "Gross Profit": 867,
        "Operating Income": 229,
        "EBIT": 296,
        "Net Income": 49
    },
    "2014-03-31": {
        "Diluted EPS": -3.91,
        "Total Revenue": NaN,
        "Gross Profit": 662,
        "Operating Income": 16,
        "EBIT": 86,
        "Net Income": -88
    },
    "2013-12-31": {
        "Diluted EPS": -1.74,
        "Total Revenue": NaN,
        "Gross Profit": 775,
        "Operating Income": 179,
        "EBIT": 244,
        "Net Income": -39
    },
    "2013-09-30": {
        "Diluted EPS": -3.84,
        "Total Revenue": NaN,
        "Gross Profit": 742,
        "Operating Income": 205,
        "EBIT": 281,
        "Net Income": -202
    },
    "2013-06-30": {
        "Diluted EPS": 1.55,
        "Total Revenue": NaN,
        "Gross Profit": 684,
        "Operating Income": 183,
        "EBIT": 306,
        "Net Income": 92
    },
    "2013-03-31": {
        "Diluted EPS": -2.05,
        "Total Revenue": NaN,
        "Gross Profit": 737,
        "Operating Income": 134,
        "EBIT": 218,
        "Net Income": -46
    },
    "2012-12-31": {
        "Diluted EPS": 0.19,
        "Total Revenue": NaN,
        "Gross Profit": 640,
        "Operating Income": 215,
        "EBIT": 330,
        "Net Income": 62
    },
    "2012-09-30": {
        "Diluted EPS": 7.38,
        "Total Revenue": NaN,
        "Gross Profit": 644,
        "Operating Income": 120,
        "EBIT": 226,
        "Net Income": 159
    },
    "2012-06-30": {
        "Diluted EPS": -6.63,
        "Total Revenue": NaN,
        "Gross Profit": 479,
        "Operating Income": 82,
        "EBIT": 158,
        "Net Income": -149
    },
    "2012-03-31": {
        "Diluted EPS": -0.19,
        "Total Revenue": NaN,
        "Gross Profit": 619,
        "Operating Income": 96,
        "EBIT": 189,
        "Net Income": -4
    },
    "2011-12-31": {
        "Diluted EPS": 0.37,
        "Total Revenue": NaN,
        "Gross Profit": 601,
        "Operating Income": 112,
        "EBIT": 206,
        "Net Income": 24
    },
    "2011-09-30": {
        "Diluted EPS": -2.98,
        "Total Revenue": 888,
        "Gross Profit": 342,
        "Operating Income": -44,
        "EBIT": -17,
        "Net Income": -57
    },
    "2011-06-30": {
        "Diluted EPS": 7.19,
        "Total Revenue": NaN,
        "Gross Profit": 523,
        "Operating Income": 121,
        "EBIT": 206,
        "Net Income": 161
    },
    "2011-03-31": {
        "Diluted EPS": -2.79,
        "Total Revenue": 694,
        "Gross Profit": 255,
        "Operating Income": 22,
        "EBIT": 51,
        "Net Income": -62
    },
    "2010-12-31": {
        "Diluted EPS": 0.0,
        "Total Revenue": NaN,
        "Gross Profit": NaN,
        "Operating Income": NaN,
        "EBIT": NaN,
        "Net Income": NaN
    },
    "2010-09-30": {
        "Diluted EPS": -2.48,
        "Total Revenue": NaN,
        "Gross Profit": NaN,
        "Operating Income": -8,
        "EBIT": -95,
        "Net Income": -8
    },
    "2010-06-30": {
        "Diluted EPS": -2.42,
        "Total Revenue": 653,
        "Gross Profit": 253,
        "Operating Income": 59,
        "EBIT": 94,
        "Net Income": -52
    },
    "2010-03-31": {
        "Diluted EPS": -0.93,
        "Total Revenue": 533,
        "Gross Profit": 210,
        "Operating Income": 46,
        "EBIT": 46,
        "Net Income": -19
    },
    "2009-12-31": {
        "Diluted EPS": 0.0,
        "Total Revenue": NaN,
        "Gross Profit": NaN,
        "Operating Income": NaN,
        "EBIT": NaN,
        "Net Income": NaN
    },
    "2009-09-30": {
        "Diluted EPS": -2.73,
        "Total Revenue": NaN,
        "Gross Profit": NaN,
        "Operating Income": -1,
        "EBIT": NaN,
        "Net Income": -8
    },
    "2009-06-30": {
        "Diluted EPS": -0.12,
        "Total Revenue": NaN,
        "Gross Profit": NaN,
        "Operating Income": -1,
        "EBIT": -1,
        "Net Income": 0
    },
    "2009-03-31": {
        "Diluted EPS": -0.25,
        "Total Revenue": NaN,
        "Gross Profit": NaN,
        "Operating Income": -1,
        "EBIT": -1,
        "Net Income": -1
    },
    "2023-06-30": {
        "Tax Effect Of Unusual Items": NaN,
        "Tax Rate For Calcs": NaN,
        "Normalized EBITDA": NaN,
        "Total Unusual Items": NaN,
        "Total Unusual Items Excluding Goodwill": NaN,
        "Net Income From Continuing Operation Net Minority Interest": NaN,
        "Reconciled Depreciation": NaN,
        "Reconciled Cost Of Revenue": NaN,
        "EBITDA": NaN,
        "EBIT": NaN,
        "Net Interest Income": NaN,
        "Interest Expense": NaN,
        "Interest Income": NaN,
        "Normalized Income": NaN,
        "Net Income From Continuing And Discontinued Operation": NaN,
        "Total Expenses": NaN,
        "Total Operating Income As Reported": NaN,
        "Diluted Average Shares": NaN,
        "Basic Average Shares": NaN,
        "Diluted EPS": NaN,
        "Basic EPS": NaN,
        "Diluted NI Availto Com Stockholders": NaN,
        "Net Income Common Stockholders": NaN,
        "Net Income": NaN,
        "Minority Interests": NaN,
        "Net Income Including Noncontrolling Interests": NaN,
        "Net Income Discontinuous Operations": NaN,
        "Net Income Continuous Operations": NaN,
        "Tax Provision": NaN,
        "Pretax Income": NaN,
        "Other Income Expense": NaN,
        "Other Non Operating Income Expenses": NaN,
        "Special Income Charges": NaN,
        "Other Special Charges": 8600000.0,
        "Impairment Of Capital Assets": 164800000.0,
        "Restructuring And Mergern Acquisition": NaN,
        "Net Non Operating Interest Income Expense": NaN,
        "Interest Expense Non Operating": NaN,
        "Interest Income Non Operating": NaN,
        "Operating Income": NaN,
        "Operating Expense": NaN,
        "Research And Development": 5300000.0,
        "Selling General And Administration": NaN,
        "Selling And Marketing Expense": 137000000.0,
        "General And Administrative Expense": 81100000.0,
        "Other Gand A": 81100000.0,
        "Gross Profit": NaN,
        "Cost Of Revenue": NaN,
        "Total Revenue": NaN,
        "Operating Revenue": NaN
    },
    "2023-09-30": {
        "Tax Effect Of Unusual Items": NaN,
        "Tax Rate For Calcs": NaN,
        "Normalized EBITDA": NaN,
        "Total Unusual Items": NaN,
        "Total Unusual Items Excluding Goodwill": NaN,
        "Net Income From Continuing Operation Net Minority Interest": NaN,
        "Reconciled Depreciation": NaN,
        "Reconciled Cost Of Revenue": NaN,
        "EBITDA": NaN,
        "EBIT": NaN,
        "Net Interest Income": NaN,
        "Interest Expense": NaN,
        "Interest Income": NaN,
        "Normalized Income": NaN,
        "Net Income From Continuing And Discontinued Operation": NaN,
        "Total Expenses": NaN,
        "Total Operating Income As Reported": NaN,
        "Diluted Average Shares": NaN,
        "Basic Average Shares": NaN,
        "Diluted EPS": NaN,
        "Basic EPS": NaN,
        "Diluted NI Availto Com Stockholders": NaN,
        "Net Income Common Stockholders": NaN,
        "Net Income": NaN,
        "Minority Interests": NaN,
        "Net Income Including Noncontrolling Interests": NaN,
        "Net Income Discontinuous Operations": NaN,
        "Net Income Continuous Operations": NaN,
        "Tax Provision": NaN,
        "Pretax Income": NaN,
        "Other Income Expense": NaN,
        "Other Non Operating Income Expenses": NaN,
        "Special Income Charges": NaN,
        "Other Special Charges": NaN,
        "Impairment Of Capital Assets": 0.0,
        "Restructuring And Mergern Acquisition": NaN,
        "Net Non Operating Interest Income Expense": NaN,
        "Interest Expense Non Operating": NaN,
        "Interest Income Non Operating": NaN,
        "Operating Income": NaN,
        "Operating Expense": NaN,
        "Research And Development": 5900000.0,
        "Selling General And Administration": NaN,
        "Selling And Marketing Expense": 143300000.0,
        "General And Administrative Expense": 79000000.0,
        "Other Gand A": 79000000.0,
        "Gross Profit": NaN,
        "Cost Of Revenue": NaN,
        "Total Revenue": NaN,
        "Operating Revenue": NaN
    },
    "2023-12-31": {
        "Tax Effect Of Unusual Items": NaN,
        "Tax Rate For Calcs": NaN,
        "Normalized EBITDA": NaN,
        "Total Unusual Items": NaN,
        "Total Unusual Items Excluding Goodwill": NaN,
        "Net Income From Continuing Operation Net Minority Interest": NaN,
        "Reconciled Depreciation": NaN,
        "Reconciled Cost Of Revenue": NaN,
        "EBITDA": NaN,
        "EBIT": NaN,
        "Net Interest Income": NaN,
        "Interest Expense": NaN,
        "Interest Income": NaN,
        "Normalized Income": NaN,
        "Net Income From Continuing And Discontinued Operation": NaN,
        "Total Expenses": NaN,
        "Total Operating Income As Reported": NaN,
        "Diluted Average Shares": NaN,
        "Basic Average Shares": NaN,
        "Diluted EPS": NaN,
        "Basic EPS": NaN,
        "Diluted NI Availto Com Stockholders": NaN,
        "Net Income Common Stockholders": NaN,
        "Net Income": NaN,
        "Minority Interests": NaN,
        "Net Income Including Noncontrolling Interests": NaN,
        "Net Income Discontinuous Operations": NaN,
        "Net Income Continuous Operations": NaN,
        "Tax Provision": NaN,
        "Pretax Income": NaN,
        "Other Income Expense": NaN,
        "Other Non Operating Income Expenses": NaN,
        "Special Income Charges": NaN,
        "Other Special Charges": -4700000.0,
        "Impairment Of Capital Assets": NaN,
        "Restructuring And Mergern Acquisition": NaN,
        "Net Non Operating Interest Income Expense": NaN,
        "Interest Expense Non Operating": NaN,
        "Interest Income Non Operating": NaN,
        "Operating Income": NaN,
        "Operating Expense": NaN,
        "Research And Development": NaN,
        "Selling General And Administration": NaN,
        "Selling And Marketing Expense": NaN,
        "General And Administrative Expense": NaN,
        "Other Gand A": NaN,
        "Gross Profit": NaN,
        "Cost Of Revenue": NaN,
        "Total Revenue": NaN,
        "Operating Revenue": NaN
    },
    "2024-03-31": {
        "Tax Effect Of Unusual Items": NaN,
        "Tax Rate For Calcs": NaN,
        "Normalized EBITDA": NaN,
        "Total Unusual Items": NaN,
        "Total Unusual Items Excluding Goodwill": NaN,
        "Net Income From Continuing Operation Net Minority Interest": NaN,
        "Reconciled Depreciation": NaN,
        "Reconciled Cost Of Revenue": NaN,
        "EBITDA": NaN,
        "EBIT": NaN,
        "Net Interest Income": NaN,
        "Interest Expense": NaN,
        "Interest Income": NaN,
        "Normalized Income": NaN,
        "Net Income From Continuing And Discontinued Operation": NaN,
        "Total Expenses": NaN,
        "Total Operating Income As Reported": NaN,
        "Diluted Average Shares": NaN,
        "Basic Average Shares": NaN,
        "Diluted EPS": NaN,
        "Basic EPS": NaN,
        "Diluted NI Availto Com Stockholders": NaN,
        "Net Income Common Stockholders": NaN,
        "Net Income": NaN,
        "Minority Interests": NaN,
        "Net Income Including Noncontrolling Interests": NaN,
        "Net Income Discontinuous Operations": NaN,
        "Net Income Continuous Operations": NaN,
        "Tax Provision": NaN,
        "Pretax Income": NaN,
        "Other Income Expense": NaN,
        "Other Non Operating Income Expenses": NaN,
        "Special Income Charges": NaN,
        "Other Special Charges": -65000000.0,
        "Impairment Of Capital Assets": NaN,
        "Restructuring And Mergern Acquisition": NaN,
        "Net Non Operating Interest Income Expense": NaN,
        "Interest Expense Non Operating": NaN,
        "Interest Income Non Operating": NaN,
        "Operating Income": NaN,
        "Operating Expense": NaN,
        "Research And Development": 6200000.0,
        "Selling General And Administration": NaN,
        "Selling And Marketing Expense": 140400000.0,
        "General And Administrative Expense": 68800000.0,
        "Other Gand A": 68800000.0,
        "Gross Profit": NaN,
        "Cost Of Revenue": NaN,
        "Total Revenue": NaN,
        "Operating Revenue": NaN
    },
    "2024-06-30": {
        "Tax Effect Of Unusual Items": NaN,
        "Tax Rate For Calcs": NaN,
        "Normalized EBITDA": NaN,
        "Total Unusual Items": NaN,
        "Total Unusual Items Excluding Goodwill": NaN,
        "Net Income From Continuing Operation Net Minority Interest": NaN,
        "Reconciled Depreciation": NaN,
        "Reconciled Cost Of Revenue": NaN,
        "EBITDA": NaN,
        "EBIT": NaN,
        "Net Interest Income": NaN,
        "Interest Expense": NaN,
        "Interest Income": NaN,
        "Normalized Income": NaN,
        "Net Income From Continuing And Discontinued Operation": NaN,
        "Total Expenses": NaN,
        "Total Operating Income As Reported": NaN,
        "Diluted Average Shares": NaN,
        "Basic Average Shares": NaN,
        "Diluted EPS": NaN,
        "Basic EPS": NaN,
        "Diluted NI Availto Com Stockholders": NaN,
        "Net Income Common Stockholders": NaN,
        "Net Income": NaN,
        "Minority Interests": NaN,
        "Net Income Including Noncontrolling Interests": NaN,
        "Net Income Discontinuous Operations": NaN,
        "Net Income Continuous Operations": NaN,
        "Tax Provision": NaN,
        "Pretax Income": NaN,
        "Other Income Expense": NaN,
        "Other Non Operating Income Expenses": NaN,
        "Special Income Charges": NaN,
        "Other Special Charges": 2200000.0,
        "Impairment Of Capital Assets": 5100000.0,
        "Restructuring And Mergern Acquisition": NaN,
        "Net Non Operating Interest Income Expense": NaN,
        "Interest Expense Non Operating": NaN,
        "Interest Income Non Operating": NaN,
        "Operating Income": NaN,
        "Operating Expense": NaN,
        "Research And Development": 6800000.0,
        "Selling General And Administration": NaN,
        "Selling And Marketing Expense": 166000000.0,
        "General And Administrative Expense": 66200000.0,
        "Other Gand A": 66200000.0,
        "Gross Profit": NaN,
        "Cost Of Revenue": NaN,
        "Total Revenue": NaN,
        "Operating Revenue": NaN
    },
    "2024-09-30": {
        "Tax Effect Of Unusual Items": -520710.059172,
        "Tax Rate For Calcs": 0.236686,
        "Normalized EBITDA": 51300000.0,
        "Total Unusual Items": -2200000.0,
        "Total Unusual Items Excluding Goodwill": -2200000.0,
        "Net Income From Continuing Operation Net Minority Interest": 12700000.0,
        "Reconciled Depreciation": 25500000.0,
        "Reconciled Cost Of Revenue": 485600000.0,
        "EBITDA": 49100000.0,
        "EBIT": 23600000.0,
        "Net Interest Income": -3500000.0,
        "Interest Expense": 6700000.0,
        "Interest Income": 3200000.0,
        "Normalized Income": 14379289.940828,
        "Net Income From Continuing And Discontinued Operation": 28600000.0,
        "Total Expenses": 749500000.0,
        "Total Operating Income As Reported": 22000000.0,
        "Diluted Average Shares": 28300000.0,
        "Basic Average Shares": 28000000.0,
        "Diluted EPS": 1.01,
        "Basic EPS": 1.02,
        "Diluted NI Availto Com Stockholders": 28600000.0,
        "Net Income Common Stockholders": 28600000.0,
        "Net Income": 28600000.0,
        "Minority Interests": -200000.0,
        "Net Income Including Noncontrolling Interests": 28800000.0,
        "Net Income Discontinuous Operations": 15900000.0,
        "Net Income Continuous Operations": 12900000.0,
        "Tax Provision": 4000000.0,
        "Pretax Income": 16900000.0,
        "Other Income Expense": -3800000.0,
        "Other Non Operating Income Expenses": -1600000.0,
        "Special Income Charges": -2200000.0,
        "Other Special Charges": 0.0,
        "Impairment Of Capital Assets": 2200000.0,
        "Restructuring And Mergern Acquisition": 0.0,
        "Net Non Operating Interest Income Expense": -3500000.0,
        "Interest Expense Non Operating": 6700000.0,
        "Interest Income Non Operating": 3200000.0,
        "Operating Income": 24200000.0,
        "Operating Expense": 263900000.0,
        "Research And Development": NaN,
        "Selling General And Administration": 263900000.0,
        "Selling And Marketing Expense": NaN,
        "General And Administrative Expense": NaN,
        "Other Gand A": NaN,
        "Gross Profit": 288100000.0,
        "Cost Of Revenue": 485600000.0,
        "Total Revenue": 773700000.0,
        "Operating Revenue": 773700000.0
    },
    "2024-12-31": {
        "Tax Effect Of Unusual Items": -1722500.0,
        "Tax Rate For Calcs": 0.325,
        "Normalized EBITDA": 72400000.0,
        "Total Unusual Items": -5300000.0,
        "Total Unusual Items Excluding Goodwill": -5300000.0,
        "Net Income From Continuing Operation Net Minority Interest": 24300000.0,
        "Reconciled Depreciation": 24500000.0,
        "Reconciled Cost Of Revenue": 442400000.0,
        "EBITDA": 67100000.0,
        "EBIT": 42600000.0,
        "Net Interest Income": -3600000.0,
        "Interest Expense": 6200000.0,
        "Interest Income": 2600000.0,
        "Normalized Income": 27877500.0,
        "Net Income From Continuing And Discontinued Operation": 23500000.0,
        "Total Expenses": 650200000.0,
        "Total Operating Income As Reported": 44700000.0,
        "Diluted Average Shares": 28100000.0,
        "Basic Average Shares": 27900000.0,
        "Diluted EPS": 0.84,
        "Basic EPS": 0.84,
        "Diluted NI Availto Com Stockholders": 23500000.0,
        "Net Income Common Stockholders": 23500000.0,
        "Net Income": 23500000.0,
        "Minority Interests": -300000.0,
        "Net Income Including Noncontrolling Interests": 23800000.0,
        "Net Income Discontinuous Operations": -800000.0,
        "Net Income Continuous Operations": 24600000.0,
        "Tax Provision": 11800000.0,
        "Pretax Income": 36400000.0,
        "Other Income Expense": -10000000.0,
        "Other Non Operating Income Expenses": -4700000.0,
        "Special Income Charges": -5300000.0,
        "Other Special Charges": NaN,
        "Impairment Of Capital Assets": NaN,
        "Restructuring And Mergern Acquisition": 5300000.0,
        "Net Non Operating Interest Income Expense": -3600000.0,
        "Interest Expense Non Operating": 6200000.0,
        "Interest Income Non Operating": 2600000.0,
        "Operating Income": 50000000.0,
        "Operating Expense": 207800000.0,
        "Research And Development": 5700000.0,
        "Selling General And Administration": 202100000.0,
        "Selling And Marketing Expense": 139500000.0,
        "General And Administrative Expense": 62600000.0,
        "Other Gand A": 62600000.0,
        "Gross Profit": 257800000.0,
        "Cost Of Revenue": 442400000.0,
        "Total Revenue": 700200000.0,
        "Operating Revenue": 700200000.0
    },
    "2025-03-31": {
        "Tax Effect Of Unusual Items": -4599000.0,
        "Tax Rate For Calcs": 0.21,
        "Normalized EBITDA": 65300000.0,
        "Total Unusual Items": -21900000.0,
        "Total Unusual Items Excluding Goodwill": -21900000.0,
        "Net Income From Continuing Operation Net Minority Interest": 1500000.0,
        "Reconciled Depreciation": 24500000.0,
        "Reconciled Cost Of Revenue": 422300000.0,
        "EBITDA": 43400000.0,
        "EBIT": 18900000.0,
        "Net Interest Income": -7100000.0,
        "Interest Expense": 7500000.0,
        "Interest Income": 400000.0,
        "Normalized Income": 18801000.0,
        "Net Income From Continuing And Discontinued Operation": 900000.0,
        "Total Expenses": 634300000.0,
        "Total Operating Income As Reported": 19500000.0,
        "Diluted Average Shares": 26200000.0,
        "Basic Average Shares": 26100000.0,
        "Diluted EPS": 0.03,
        "Basic EPS": 0.03,
        "Diluted NI Availto Com Stockholders": 900000.0,
        "Net Income Common Stockholders": 900000.0,
        "Net Income": 900000.0,
        "Minority Interests": -300000.0,
        "Net Income Including Noncontrolling Interests": 1200000.0,
        "Net Income Discontinuous Operations": -600000.0,
        "Net Income Continuous Operations": 1800000.0,
        "Tax Provision": 9600000.0,
        "Pretax Income": 11400000.0,
        "Other Income Expense": -22900000.0,
        "Other Non Operating Income Expenses": -1000000.0,
        "Special Income Charges": -21900000.0,
        "Other Special Charges": NaN,
        "Impairment Of Capital Assets": 15700000.0,
        "Restructuring And Mergern Acquisition": 6200000.0,
        "Net Non Operating Interest Income Expense": -7100000.0,
        "Interest Expense Non Operating": 7500000.0,
        "Interest Income Non Operating": 400000.0,
        "Operating Income": 41400000.0,
        "Operating Expense": 212000000.0,
        "Research And Development": 5900000.0,
        "Selling General And Administration": 206100000.0,
        "Selling And Marketing Expense": 140900000.0,
        "General And Administrative Expense": 65200000.0,
        "Other Gand A": 65200000.0,
        "Gross Profit": 253400000.0,
        "Cost Of Revenue": 422300000.0,
        "Total Revenue": 675700000.0,
        "Operating Revenue": 675700000.0
    },
    "2025-06-30": {
        "Tax Effect Of Unusual Items": -986000.0,
        "Tax Rate For Calcs": 0.068,
        "Normalized EBITDA": 70000000.0,
        "Total Unusual Items": -14500000.0,
        "Total Unusual Items Excluding Goodwill": -14500000.0,
        "Net Income From Continuing Operation Net Minority Interest": 20700000.0,
        "Reconciled Depreciation": 25100000.0,
        "Reconciled Cost Of Revenue": 435500000.0,
        "EBITDA": 55500000.0,
        "EBIT": 30400000.0,
        "Net Interest Income": -7800000.0,
        "Interest Expense": 8400000.0,
        "Interest Income": 600000.0,
        "Normalized Income": 34214000.0,
        "Net Income From Continuing And Discontinued Operation": 19900000.0,
        "Total Expenses": 653800000.0,
        "Total Operating Income As Reported": 31300000.0,
        "Diluted Average Shares": 25000000.0,
        "Basic Average Shares": 24900000.0,
        "Diluted EPS": 0.8,
        "Basic EPS": 0.8,
        "Diluted NI Availto Com Stockholders": 19900000.0,
        "Net Income Common Stockholders": 19900000.0,
        "Net Income": 19900000.0,
        "Minority Interests": 200000.0,
        "Net Income Including Noncontrolling Interests": 19700000.0,
        "Net Income Discontinuous Operations": -800000.0,
        "Net Income Continuous Operations": 20500000.0,
        "Tax Provision": 1500000.0,
        "Pretax Income": 22000000.0,
        "Other Income Expense": -16000000.0,
        "Other Non Operating Income Expenses": -1500000.0,
        "Special Income Charges": -14500000.0,
        "Other Special Charges": NaN,
        "Impairment Of Capital Assets": 7800000.0,
        "Restructuring And Mergern Acquisition": 6700000.0,
        "Net Non Operating Interest Income Expense": -7800000.0,
        "Interest Expense Non Operating": 8400000.0,
        "Interest Income Non Operating": 600000.0,
        "Operating Income": 45800000.0,
        "Operating Expense": 218300000.0,
        "Research And Development": 5500000.0,
        "Selling General And Administration": 212800000.0,
        "Selling And Marketing Expense": 145800000.0,
        "General And Administrative Expense": 67000000.0,
        "Other Gand A": 67000000.0,
        "Gross Profit": 264100000.0,
        "Cost Of Revenue": 435500000.0,
        "Total Revenue": 699600000.0,
        "Operating Revenue": 699600000.0
    },
    "2025-09-30": {
        "Tax Effect Of Unusual Items": 3633000.0,
        "Tax Rate For Calcs": 0.21,
        "Normalized EBITDA": 31900000.0,
        "Total Unusual Items": 17300000.0,
        "Total Unusual Items Excluding Goodwill": 17300000.0,
        "Net Income From Continuing Operation Net Minority Interest": 53200000.0,
        "Reconciled Depreciation": 23900000.0,
        "Reconciled Cost Of Revenue": 476900000.0,
        "EBITDA": 49200000.0,
        "EBIT": 25300000.0,
        "Net Interest Income": -7300000.0,
        "Interest Expense": 7900000.0,
        "Interest Income": 600000.0,
        "Normalized Income": 39533000.0,
        "Net Income From Continuing And Discontinued Operation": 55600000.0,
        "Total Expenses": 721400000.0,
        "Total Operating Income As Reported": 29400000.0,
        "Diluted Average Shares": 24300000.0,
        "Basic Average Shares": 24100000.0,
        "Diluted EPS": 2.29,
        "Basic EPS": 2.31,
        "Diluted NI Availto Com Stockholders": 55600000.0,
        "Net Income Common Stockholders": 55600000.0,
        "Net Income": 55600000.0,
        "Minority Interests": -100000.0,
        "Net Income Including Noncontrolling Interests": 55700000.0,
        "Net Income Discontinuous Operations": 2400000.0,
        "Net Income Continuous Operations": 53300000.0,
        "Tax Provision": -35900000.0,
        "Pretax Income": 17400000.0,
        "Other Income Expense": 12600000.0,
        "Other Non Operating Income Expenses": -4700000.0,
        "Special Income Charges": 17300000.0,
        "Other Special Charges": NaN,
        "Impairment Of Capital Assets": 900000.0,
        "Restructuring And Mergern Acquisition": -18200000.0,
        "Net Non Operating Interest Income Expense": -7300000.0,
        "Interest Expense Non Operating": 7900000.0,
        "Interest Income Non Operating": 600000.0,
        "Operating Income": 12100000.0,
        "Operating Expense": 244500000.0,
        "Research And Development": NaN,
        "Selling General And Administration": 261600000.0,
        "Selling And Marketing Expense": NaN,
        "General And Administrative Expense": NaN,
        "Other Gand A": NaN,
        "Gross Profit": 256600000.0,
        "Cost Of Revenue": 476900000.0,
        "Total Revenue": 733500000.0,
        "Operating Revenue": 733500000.0
    }
}