{
    "2023-06-30": {
        "Tax Effect Of Unusual Items": NaN,
        "Tax Rate For Calcs": NaN,
        "Total Unusual Items": 33488000.0,
        "Total Unusual Items Excluding Goodwill": 33488000.0,
        "Net Income From Continuing Operation Net Minority Interest": NaN,
        "Reconciled Depreciation": NaN,
        "Net Interest Income": NaN,
        "Interest Expense": NaN,
        "Interest Income": NaN,
        "Normalized Income": NaN,
        "Net Income From Continuing And Discontinued Operation": NaN,
        "Diluted Average Shares": NaN,
        "Basic Average Shares": NaN,
        "Diluted EPS": NaN,
        "Basic EPS": NaN,
        "Diluted NI Availto Com Stockholders": NaN,
        "Net Income Common Stockholders": NaN,
        "Net Income": NaN,
        "Net Income Including Noncontrolling Interests": NaN,
        "Net Income Continuous Operations": NaN,
        "Tax Provision": NaN,
        "Pretax Income": NaN,
        "Special Income Charges": 33488000.0,
        "Gain On Sale Of Business": 33488000.0,
        "Gain On Sale Of Security": -3409000.0,
        "Selling General And Administration": NaN,
        "Selling And Marketing Expense": NaN,
        "General And Administrative Expense": NaN,
        "Salaries And Wages": NaN,
        "Total Revenue": NaN,
        "Operating Revenue": NaN,
        "Occupancy And Equipment": NaN,
        "Professional Expense And Contract Services Expense": NaN,
        "Other Non Interest Expense": NaN
    },
    "2023-03-31": {
        "Tax Effect Of Unusual Items": 0.0,
        "Tax Rate For Calcs": 0.205501,
        "Total Unusual Items": NaN,
        "Total Unusual Items Excluding Goodwill": NaN,
        "Net Income From Continuing Operation Net Minority Interest": 9244000.0,
        "Reconciled Depreciation": 1698000.0,
        "Net Interest Income": 34315000.0,
        "Interest Expense": 13133000.0,
        "Interest Income": 47448000.0,
        "Normalized Income": 9244000.0,
        "Net Income From Continuing And Discontinued Operation": 9244000.0,
        "Diluted Average Shares": 17560756.0,
        "Basic Average Shares": 17046713.0,
        "Diluted EPS": 0.53,
        "Basic EPS": 0.54,
        "Diluted NI Availto Com Stockholders": 9244000.0,
        "Net Income Common Stockholders": 9244000.0,
        "Net Income": 9244000.0,
        "Net Income Including Noncontrolling Interests": 9244000.0,
        "Net Income Continuous Operations": 9244000.0,
        "Tax Provision": 2391000.0,
        "Pretax Income": 11635000.0,
        "Special Income Charges": NaN,
        "Gain On Sale Of Business": NaN,
        "Gain On Sale Of Security": NaN,
        "Selling General And Administration": 20190000.0,
        "Selling And Marketing Expense": 936000.0,
        "General And Administrative Expense": 19254000.0,
        "Salaries And Wages": 19254000.0,
        "Total Revenue": 43654000.0,
        "Operating Revenue": 43654000.0,
        "Occupancy And Equipment": 3832000.0,
        "Professional Expense And Contract Services Expense": 1648000.0,
        "Other Non Interest Expense": 5339000.0
    },
    "2022-12-31": {
        "Tax Effect Of Unusual Items": 0.0,
        "Tax Rate For Calcs": 0.213253,
        "Total Unusual Items": NaN,
        "Total Unusual Items Excluding Goodwill": NaN,
        "Net Income From Continuing Operation Net Minority Interest": 12621000.0,
        "Reconciled Depreciation": 1688000.0,
        "Net Interest Income": 36322000.0,
        "Interest Expense": 9906000.0,
        "Interest Income": 46228000.0,
        "Normalized Income": 12621000.0,
        "Net Income From Continuing And Discontinued Operation": 12621000.0,
        "Diluted Average Shares": 17751674.0,
        "Basic Average Shares": 17007914.0,
        "Diluted EPS": 0.71,
        "Basic EPS": 0.74,
        "Diluted NI Availto Com Stockholders": 12621000.0,
        "Net Income Common Stockholders": 12621000.0,
        "Net Income": 12621000.0,
        "Net Income Including Noncontrolling Interests": 12621000.0,
        "Net Income Continuous Operations": 12621000.0,
        "Tax Provision": 3421000.0,
        "Pretax Income": 16042000.0,
        "Special Income Charges": NaN,
        "Gain On Sale Of Business": NaN,
        "Gain On Sale Of Security": NaN,
        "Selling General And Administration": 19926000.0,
        "Selling And Marketing Expense": 1223000.0,
        "General And Administrative Expense": 18703000.0,
        "Salaries And Wages": 18703000.0,
        "Total Revenue": 47672000.0,
        "Operating Revenue": 47672000.0
    },
    "2022-09-30": {
        "Tax Effect Of Unusual Items": NaN,
        "Tax Rate For Calcs": NaN,
        "Total Unusual Items": 0.0,
        "Total Unusual Items Excluding Goodwill": 0.0,
        "Net Income From Continuing Operation Net Minority Interest": NaN,
        "Reconciled Depreciation": NaN,
        "Net Interest Income": NaN,
        "Interest Expense": NaN,
        "Interest Income": NaN,
        "Normalized Income": NaN,
        "Net Income From Continuing And Discontinued Operation": NaN,
        "Diluted Average Shares": NaN,
        "Basic Average Shares": NaN,
        "Diluted EPS": NaN,
        "Basic EPS": NaN,
        "Diluted NI Availto Com Stockholders": NaN,
        "Net Income Common Stockholders": NaN,
        "Net Income": NaN,
        "Net Income Including Noncontrolling Interests": NaN,
        "Net Income Continuous Operations": NaN,
        "Tax Provision": NaN,
        "Pretax Income": NaN,
        "Special Income Charges": 0.0,
        "Gain On Sale Of Business": 0.0,
        "Gain On Sale Of Security": 0.0,
        "Selling General And Administration": NaN,
        "Selling And Marketing Expense": NaN,
        "General And Administrative Expense": NaN,
        "Salaries And Wages": NaN,
        "Total Revenue": NaN,
        "Operating Revenue": NaN
    },
    "2022-06-30": {
        "Tax Effect Of Unusual Items": 0.0,
        "Tax Rate For Calcs": 0.200682,
        "Total Unusual Items": NaN,
        "Total Unusual Items Excluding Goodwill": NaN,
        "Net Income From Continuing Operation Net Minority Interest": 15936000.0,
        "Reconciled Depreciation": 1803000.0,
        "Net Interest Income": 37105000.0,
        "Interest Expense": 3647000.0,
        "Interest Income": 40752000.0,
        "Normalized Income": 15936000.0,
        "Net Income From Continuing And Discontinued Operation": 15936000.0,
        "Diluted Average Shares": 18020548.0,
        "Basic Average Shares": 17490706.0,
        "Diluted EPS": 0.88,
        "Basic EPS": 0.91,
        "Diluted NI Availto Com Stockholders": 15936000.0,
        "Net Income Common Stockholders": 15936000.0,
        "Net Income": 15936000.0,
        "Net Income Including Noncontrolling Interests": 15936000.0,
        "Net Income Continuous Operations": 15936000.0,
        "Tax Provision": 4001000.0,
        "Pretax Income": 19937000.0,
        "Special Income Charges": NaN,
        "Gain On Sale Of Business": NaN,
        "Gain On Sale Of Security": NaN,
        "Selling General And Administration": 22695000.0,
        "Selling And Marketing Expense": 705000.0,
        "General And Administrative Expense": 21990000.0,
        "Other Gand A": 941000.0,
        "Salaries And Wages": 21990000.0,
        "Total Revenue": 55940000.0,
        "Operating Revenue": 55940000.0
    },
    "2022-03-31": {
        "Diluted EPS": 0.78,
        "Total Revenue": 57,
        "Gross Profit": 54,
        "Operating Income": 18,
        "EBIT": NaN,
        "Net Income": 14
    },
    "2021-12-31": {
        "Diluted EPS": 0.79,
        "Total Revenue": 58,
        "Gross Profit": 54,
        "Operating Income": 18,
        "EBIT": NaN,
        "Net Income": 15
    },
    "2021-09-30": {
        "Diluted EPS": 0.82,
        "Total Revenue": 60,
        "Gross Profit": 57,
        "Operating Income": 19,
        "EBIT": NaN,
        "Net Income": 15
    },
    "2021-06-30": {
        "Diluted EPS": 0.74,
        "Total Revenue": 55,
        "Gross Profit": 52,
        "Operating Income": 17,
        "EBIT": NaN,
        "Net Income": 14
    },
    "2021-03-31": {
        "Diluted EPS": 0.82,
        "Total Revenue": 59,
        "Gross Profit": 56,
        "Operating Income": 19,
        "EBIT": NaN,
        "Net Income": 15
    },
    "2020-12-31": {
        "Diluted EPS": 0.86,
        "Total Revenue": 60,
        "Gross Profit": 57,
        "Operating Income": 20,
        "EBIT": NaN,
        "Net Income": 16
    },
    "2020-09-30": {
        "Diluted EPS": 0.92,
        "Total Revenue": 66,
        "Gross Profit": 63,
        "Operating Income": 21,
        "EBIT": NaN,
        "Net Income": 17
    },
    "2020-06-30": {
        "Diluted EPS": 0.31,
        "Total Revenue": 59,
        "Gross Profit": 55,
        "Operating Income": 7,
        "EBIT": NaN,
        "Net Income": 6
    },
    "2020-03-31": {
        "Diluted EPS": 0.38,
        "Total Revenue": 55,
        "Gross Profit": 49,
        "Operating Income": 9,
        "EBIT": NaN,
        "Net Income": 7
    },
    "2019-12-31": {
        "Diluted EPS": 0.57,
        "Total Revenue": 52,
        "Gross Profit": 45,
        "Operating Income": 13,
        "EBIT": NaN,
        "Net Income": 10
    },
    "2019-09-30": {
        "Diluted EPS": 0.45,
        "Total Revenue": 48,
        "Gross Profit": 41,
        "Operating Income": 10,
        "EBIT": NaN,
        "Net Income": 8
    },
    "2019-06-30": {
        "Diluted EPS": 0.37,
        "Total Revenue": 46,
        "Gross Profit": 39,
        "Operating Income": 8,
        "EBIT": NaN,
        "Net Income": 6
    },
    "2019-03-31": {
        "Diluted EPS": 0.32,
        "Total Revenue": 44,
        "Gross Profit": 37,
        "Operating Income": 6,
        "EBIT": NaN,
        "Net Income": 5
    },
    "2018-12-31": {
        "Diluted EPS": 0.4,
        "Total Revenue": 46,
        "Gross Profit": 39,
        "Operating Income": 3,
        "EBIT": NaN,
        "Net Income": 6
    },
    "2018-09-30": {
        "Diluted EPS": 0.33,
        "Total Revenue": 44,
        "Gross Profit": 38,
        "Operating Income": 6,
        "EBIT": NaN,
        "Net Income": 5
    },
    "2018-06-30": {
        "Diluted EPS": 0.88,
        "Total Revenue": 41,
        "Gross Profit": 36,
        "Operating Income": 6,
        "EBIT": NaN,
        "Net Income": 13
    },
    "2018-03-31": {
        "Diluted EPS": 0.37,
        "Total Revenue": 39,
        "Gross Profit": 34,
        "Operating Income": 6,
        "EBIT": NaN,
        "Net Income": 6
    },
    "2017-12-31": {
        "Diluted EPS": 0.0,
        "Total Revenue": NaN,
        "Gross Profit": NaN,
        "Operating Income": NaN,
        "EBIT": NaN,
        "Net Income": NaN
    },
    "2023-09-30": {
        "Tax Effect Of Unusual Items": NaN,
        "Tax Rate For Calcs": NaN,
        "Total Unusual Items": 290000.0,
        "Total Unusual Items Excluding Goodwill": 290000.0,
        "Net Income From Continuing Operation Net Minority Interest": NaN,
        "Reconciled Depreciation": NaN,
        "Net Interest Income": NaN,
        "Interest Expense": NaN,
        "Interest Income": NaN,
        "Normalized Income": NaN,
        "Net Income From Continuing And Discontinued Operation": NaN,
        "Diluted Average Shares": NaN,
        "Basic Average Shares": NaN,
        "Diluted EPS": NaN,
        "Basic EPS": NaN,
        "Diluted NI Availto Com Stockholders": NaN,
        "Net Income Common Stockholders": NaN,
        "Net Income": NaN,
        "Net Income Including Noncontrolling Interests": NaN,
        "Net Income Continuous Operations": NaN,
        "Tax Provision": NaN,
        "Pretax Income": NaN,
        "Special Income Charges": 290000.0,
        "Gain On Sale Of Business": 290000.0,
        "Gain On Sale Of Security": 0.0,
        "Selling General And Administration": NaN,
        "Selling And Marketing Expense": NaN,
        "General And Administrative Expense": NaN,
        "Salaries And Wages": NaN,
        "Total Revenue": NaN,
        "Operating Revenue": NaN,
        "Occupancy And Equipment": NaN,
        "Professional Expense And Contract Services Expense": NaN,
        "Other Non Interest Expense": NaN
    },
    "2023-12-31": {
        "Tax Effect Of Unusual Items": NaN,
        "Tax Rate For Calcs": NaN,
        "Total Unusual Items": 0.0,
        "Total Unusual Items Excluding Goodwill": 0.0,
        "Net Income From Continuing Operation Net Minority Interest": NaN,
        "Reconciled Depreciation": NaN,
        "Net Interest Income": NaN,
        "Interest Expense": NaN,
        "Interest Income": NaN,
        "Normalized Income": NaN,
        "Net Income From Continuing And Discontinued Operation": NaN,
        "Diluted Average Shares": NaN,
        "Basic Average Shares": NaN,
        "Diluted EPS": NaN,
        "Basic EPS": NaN,
        "Diluted NI Availto Com Stockholders": NaN,
        "Net Income Common Stockholders": NaN,
        "Net Income": NaN,
        "Net Income Including Noncontrolling Interests": NaN,
        "Net Income Continuous Operations": NaN,
        "Tax Provision": NaN,
        "Pretax Income": NaN,
        "Special Income Charges": 0.0,
        "Gain On Sale Of Business": 0.0,
        "Gain On Sale Of Security": 0.0,
        "Selling General And Administration": NaN,
        "Selling And Marketing Expense": NaN,
        "General And Administrative Expense": NaN,
        "Salaries And Wages": NaN,
        "Total Revenue": NaN,
        "Operating Revenue": NaN,
        "Occupancy And Equipment": NaN,
        "Professional Expense And Contract Services Expense": NaN,
        "Other Non Interest Expense": NaN
    },
    "2024-03-31": {
        "Tax Effect Of Unusual Items": 0.0,
        "Tax Rate For Calcs": 0.224228,
        "Total Unusual Items": NaN,
        "Total Unusual Items Excluding Goodwill": NaN,
        "Net Income From Continuing Operation Net Minority Interest": 10874000.0,
        "Reconciled Depreciation": 1625000.0,
        "Net Interest Income": 35368000.0,
        "Interest Expense": 23359000.0,
        "Interest Income": 58727000.0,
        "Normalized Income": 10874000.0,
        "Net Income From Continuing And Discontinued Operation": 10874000.0,
        "Diluted Average Shares": 16938857.0,
        "Basic Average Shares": 16429919.0,
        "Diluted EPS": 0.64,
        "Basic EPS": 0.66,
        "Diluted NI Availto Com Stockholders": 10874000.0,
        "Net Income Common Stockholders": 10874000.0,
        "Net Income": 10874000.0,
        "Net Income Including Noncontrolling Interests": 10874000.0,
        "Net Income Continuous Operations": 10874000.0,
        "Tax Provision": 3143000.0,
        "Pretax Income": 14017000.0,
        "Special Income Charges": NaN,
        "Gain On Sale Of Business": NaN,
        "Gain On Sale Of Security": NaN,
        "Selling General And Administration": 19742000.0,
        "Selling And Marketing Expense": 754000.0,
        "General And Administrative Expense": 18988000.0,
        "Salaries And Wages": 18988000.0,
        "Total Revenue": 45380000.0,
        "Operating Revenue": 45380000.0,
        "Occupancy And Equipment": 3920000.0,
        "Professional Expense And Contract Services Expense": 1483000.0,
        "Other Non Interest Expense": 5388000.0
    },
    "2024-06-30": {
        "Tax Effect Of Unusual Items": NaN,
        "Tax Rate For Calcs": NaN,
        "Total Unusual Items": 0.0,
        "Total Unusual Items Excluding Goodwill": 0.0,
        "Net Income From Continuing Operation Net Minority Interest": NaN,
        "Reconciled Depreciation": NaN,
        "Net Interest Income": NaN,
        "Interest Expense": NaN,
        "Interest Income": NaN,
        "Normalized Income": NaN,
        "Net Income From Continuing And Discontinued Operation": NaN,
        "Diluted Average Shares": NaN,
        "Basic Average Shares": NaN,
        "Diluted EPS": NaN,
        "Basic EPS": NaN,
        "Diluted NI Availto Com Stockholders": NaN,
        "Net Income Common Stockholders": NaN,
        "Net Income": NaN,
        "Net Income Including Noncontrolling Interests": NaN,
        "Net Income Continuous Operations": NaN,
        "Tax Provision": NaN,
        "Pretax Income": NaN,
        "Special Income Charges": 0.0,
        "Gain On Sale Of Business": 0.0,
        "Gain On Sale Of Security": 0.0,
        "Selling General And Administration": NaN,
        "Selling And Marketing Expense": NaN,
        "General And Administrative Expense": NaN,
        "Salaries And Wages": NaN,
        "Total Revenue": NaN,
        "Operating Revenue": NaN,
        "Occupancy And Equipment": NaN,
        "Professional Expense And Contract Services Expense": NaN,
        "Other Non Interest Expense": NaN
    },
    "2024-09-30": {
        "Tax Effect Of Unusual Items": 0.0,
        "Tax Rate For Calcs": 0.216273,
        "Total Unusual Items": 0.0,
        "Total Unusual Items Excluding Goodwill": 0.0,
        "Net Income From Continuing Operation Net Minority Interest": 11212000.0,
        "Reconciled Depreciation": 1656000.0,
        "Net Interest Income": 37294000.0,
        "Interest Expense": 24346000.0,
        "Interest Income": 61640000.0,
        "Normalized Income": 11212000.0,
        "Net Income From Continuing And Discontinued Operation": 11212000.0,
        "Diluted Average Shares": NaN,
        "Basic Average Shares": NaN,
        "Diluted EPS": NaN,
        "Basic EPS": NaN,
        "Diluted NI Availto Com Stockholders": 11212000.0,
        "Net Income Common Stockholders": 11212000.0,
        "Net Income": 11212000.0,
        "Net Income Including Noncontrolling Interests": 11212000.0,
        "Net Income Continuous Operations": 11212000.0,
        "Tax Provision": 3094000.0,
        "Pretax Income": 14306000.0,
        "Special Income Charges": 0.0,
        "Gain On Sale Of Business": 0.0,
        "Gain On Sale Of Security": 0.0,
        "Selling General And Administration": 19782000.0,
        "Selling And Marketing Expense": 1015000.0,
        "General And Administrative Expense": 18767000.0,
        "Salaries And Wages": 18767000.0,
        "Total Revenue": 46429000.0,
        "Operating Revenue": 46429000.0,
        "Occupancy And Equipment": 4255000.0,
        "Professional Expense And Contract Services Expense": 1807000.0,
        "Other Non Interest Expense": 5784000.0
    },
    "2024-12-31": {
        "Tax Effect Of Unusual Items": 0.0,
        "Tax Rate For Calcs": 0.203774,
        "Total Unusual Items": 0.0,
        "Total Unusual Items Excluding Goodwill": 0.0,
        "Net Income From Continuing Operation Net Minority Interest": 16497000.0,
        "Reconciled Depreciation": 1597000.0,
        "Net Interest Income": 38548000.0,
        "Interest Expense": 22776000.0,
        "Interest Income": 61324000.0,
        "Normalized Income": 16497000.0,
        "Net Income From Continuing And Discontinued Operation": 16497000.0,
        "Diluted Average Shares": 17161646.0,
        "Basic Average Shares": 16400361.0,
        "Diluted EPS": 0.96,
        "Basic EPS": 1.01,
        "Diluted NI Availto Com Stockholders": 16497000.0,
        "Net Income Common Stockholders": 16497000.0,
        "Net Income": 16497000.0,
        "Net Income Including Noncontrolling Interests": 16497000.0,
        "Net Income Continuous Operations": 16497000.0,
        "Tax Provision": 4222000.0,
        "Pretax Income": 20719000.0,
        "Special Income Charges": 0.0,
        "Gain On Sale Of Business": 0.0,
        "Gain On Sale Of Security": 0.0,
        "Selling General And Administration": 18537000.0,
        "Selling And Marketing Expense": 1153000.0,
        "General And Administrative Expense": 17384000.0,
        "Salaries And Wages": 17384000.0,
        "Total Revenue": 50407000.0,
        "Operating Revenue": 50407000.0,
        "Occupancy And Equipment": 3901000.0,
        "Professional Expense And Contract Services Expense": 1555000.0,
        "Other Non Interest Expense": 4495000.0
    },
    "2025-03-31": {
        "Tax Effect Of Unusual Items": 0.0,
        "Tax Rate For Calcs": 0.217042,
        "Total Unusual Items": NaN,
        "Total Unusual Items Excluding Goodwill": NaN,
        "Net Income From Continuing Operation Net Minority Interest": 12294000.0,
        "Reconciled Depreciation": 1478000.0,
        "Net Interest Income": 38527000.0,
        "Interest Expense": 21395000.0,
        "Interest Income": 59922000.0,
        "Normalized Income": 12294000.0,
        "Net Income From Continuing And Discontinued Operation": 12294000.0,
        "Diluted Average Shares": 17065599.0,
        "Basic Average Shares": 16415862.0,
        "Diluted EPS": 0.72,
        "Basic EPS": 0.75,
        "Diluted NI Availto Com Stockholders": 12294000.0,
        "Net Income Common Stockholders": 12294000.0,
        "Net Income": 12294000.0,
        "Net Income Including Noncontrolling Interests": 12294000.0,
        "Net Income Continuous Operations": 12294000.0,
        "Tax Provision": 3408000.0,
        "Pretax Income": 15702000.0,
        "Special Income Charges": NaN,
        "Gain On Sale Of Business": NaN,
        "Gain On Sale Of Security": NaN,
        "Selling General And Administration": 20346000.0,
        "Selling And Marketing Expense": 905000.0,
        "General And Administrative Expense": 19441000.0,
        "Salaries And Wages": 19441000.0,
        "Total Revenue": 47698000.0,
        "Operating Revenue": 47698000.0,
        "Occupancy And Equipment": 4027000.0,
        "Professional Expense And Contract Services Expense": 1730000.0,
        "Other Non Interest Expense": 5473000.0
    },
    "2025-06-30": {
        "Tax Effect Of Unusual Items": 0.0,
        "Tax Rate For Calcs": 0.215839,
        "Total Unusual Items": NaN,
        "Total Unusual Items Excluding Goodwill": NaN,
        "Net Income From Continuing Operation Net Minority Interest": 14605000.0,
        "Reconciled Depreciation": 1461000.0,
        "Net Interest Income": 42503000.0,
        "Interest Expense": 21632000.0,
        "Interest Income": 64135000.0,
        "Normalized Income": 14605000.0,
        "Net Income From Continuing And Discontinued Operation": 14605000.0,
        "Diluted Average Shares": 16886993.0,
        "Basic Average Shares": 16231627.0,
        "Diluted EPS": 0.86,
        "Basic EPS": 0.9,
        "Diluted NI Availto Com Stockholders": 14605000.0,
        "Net Income Common Stockholders": 14605000.0,
        "Net Income": 14605000.0,
        "Net Income Including Noncontrolling Interests": 14605000.0,
        "Net Income Continuous Operations": 14605000.0,
        "Tax Provision": 4020000.0,
        "Pretax Income": 18625000.0,
        "Special Income Charges": NaN,
        "Gain On Sale Of Business": NaN,
        "Gain On Sale Of Security": NaN,
        "Selling General And Administration": 20627000.0,
        "Selling And Marketing Expense": 919000.0,
        "General And Administrative Expense": 19708000.0,
        "Salaries And Wages": 19708000.0,
        "Total Revenue": 53089000.0,
        "Operating Revenue": 53089000.0,
        "Occupancy And Equipment": 3972000.0,
        "Professional Expense And Contract Services Expense": 1874000.0,
        "Other Non Interest Expense": 5491000.0
    },
    "2025-09-30": {
        "Tax Effect Of Unusual Items": 0.0,
        "Tax Rate For Calcs": 0.210165,
        "Total Unusual Items": NaN,
        "Total Unusual Items Excluding Goodwill": NaN,
        "Net Income From Continuing Operation Net Minority Interest": 16318000.0,
        "Reconciled Depreciation": 1420000.0,
        "Net Interest Income": 43019000.0,
        "Interest Expense": 21501000.0,
        "Interest Income": 64520000.0,
        "Normalized Income": 16318000.0,
        "Net Income From Continuing And Discontinued Operation": 16318000.0,
        "Diluted Average Shares": 16990546.0,
        "Basic Average Shares": 16241695.0,
        "Diluted EPS": 0.96,
        "Basic EPS": 1.0,
        "Diluted NI Availto Com Stockholders": 16318000.0,
        "Net Income Common Stockholders": 16318000.0,
        "Net Income": 16318000.0,
        "Net Income Including Noncontrolling Interests": 16318000.0,
        "Net Income Continuous Operations": 16318000.0,
        "Tax Provision": 4342000.0,
        "Pretax Income": 20660000.0,
        "Special Income Charges": NaN,
        "Gain On Sale Of Business": NaN,
        "Gain On Sale Of Security": NaN,
        "Selling General And Administration": 20392000.0,
        "Selling And Marketing Expense": 979000.0,
        "General And Administrative Expense": 19413000.0,
        "Salaries And Wages": 19413000.0,
        "Total Revenue": 52547000.0,
        "Operating Revenue": 52547000.0,
        "Occupancy And Equipment": 4046000.0,
        "Professional Expense And Contract Services Expense": 1293000.0,
        "Other Non Interest Expense": 5656000.0
    },
    "2025-12-31": {
        "Tax Effect Of Unusual Items": NaN,
        "Tax Rate For Calcs": NaN,
        "Total Unusual Items": NaN,
        "Total Unusual Items Excluding Goodwill": NaN,
        "Net Income From Continuing Operation Net Minority Interest": NaN,
        "Reconciled Depreciation": NaN,
        "Net Interest Income": NaN,
        "Interest Expense": NaN,
        "Interest Income": NaN,
        "Normalized Income": NaN,
        "Net Income From Continuing And Discontinued Operation": NaN,
        "Diluted Average Shares": 16996517.0,
        "Basic Average Shares": 16248336.0,
        "Diluted EPS": 0.9,
        "Basic EPS": 0.94,
        "Diluted NI Availto Com Stockholders": NaN,
        "Net Income Common Stockholders": NaN,
        "Net Income": NaN,
        "Net Income Including Noncontrolling Interests": NaN,
        "Net Income Continuous Operations": NaN,
        "Tax Provision": NaN,
        "Pretax Income": NaN,
        "Special Income Charges": NaN,
        "Gain On Sale Of Business": NaN,
        "Gain On Sale Of Security": NaN,
        "Selling General And Administration": NaN,
        "Selling And Marketing Expense": NaN,
        "General And Administrative Expense": NaN,
        "Salaries And Wages": NaN,
        "Total Revenue": NaN,
        "Operating Revenue": NaN,
        "Occupancy And Equipment": NaN,
        "Professional Expense And Contract Services Expense": NaN,
        "Other Non Interest Expense": NaN
    }
}