{
    "2023-03-31": {
        "Tax Effect Of Unusual Items": NaN,
        "Tax Rate For Calcs": NaN,
        "Normalized EBITDA": NaN,
        "Total Unusual Items": NaN,
        "Total Unusual Items Excluding Goodwill": NaN,
        "Net Income From Continuing Operation Net Minority Interest": NaN,
        "Reconciled Depreciation": NaN,
        "Reconciled Cost Of Revenue": NaN,
        "EBITDA": NaN,
        "EBIT": NaN,
        "Net Interest Income": NaN,
        "Interest Expense": NaN,
        "Interest Income": NaN,
        "Normalized Income": NaN,
        "Net Income From Continuing And Discontinued Operation": NaN,
        "Total Expenses": NaN,
        "Total Operating Income As Reported": NaN,
        "Diluted Average Shares": NaN,
        "Basic Average Shares": NaN,
        "Diluted EPS": NaN,
        "Basic EPS": NaN,
        "Diluted NI Availto Com Stockholders": NaN,
        "Net Income Common Stockholders": NaN,
        "Net Income": NaN,
        "Minority Interests": NaN,
        "Net Income Including Noncontrolling Interests": NaN,
        "Net Income Discontinuous Operations": NaN,
        "Net Income Continuous Operations": NaN,
        "Tax Provision": NaN,
        "Pretax Income": NaN,
        "Other Income Expense": NaN,
        "Other Non Operating Income Expenses": NaN,
        "Special Income Charges": NaN,
        "Gain On Sale Of Business": 0.0,
        "Other Special Charges": 51000.0,
        "Write Off": 0.0,
        "Impairment Of Capital Assets": NaN,
        "Restructuring And Mergern Acquisition": NaN,
        "Earnings From Equity Interest": -2883000.0,
        "Gain On Sale Of Security": 7724000.0,
        "Net Non Operating Interest Income Expense": NaN,
        "Interest Expense Non Operating": NaN,
        "Interest Income Non Operating": NaN,
        "Operating Income": NaN,
        "Operating Expense": NaN,
        "Other Operating Expenses": NaN,
        "Depreciation Amortization Depletion Income Statement": NaN,
        "Depreciation And Amortization In Income Statement": NaN,
        "Selling General And Administration": NaN,
        "Gross Profit": NaN,
        "Cost Of Revenue": NaN,
        "Total Revenue": NaN,
        "Operating Revenue": NaN
    },
    "2022-12-31": {
        "Tax Effect Of Unusual Items": NaN,
        "Tax Rate For Calcs": NaN,
        "Normalized EBITDA": NaN,
        "Total Unusual Items": NaN,
        "Total Unusual Items Excluding Goodwill": NaN,
        "Net Income From Continuing Operation Net Minority Interest": NaN,
        "Reconciled Depreciation": NaN,
        "Reconciled Cost Of Revenue": NaN,
        "EBITDA": NaN,
        "EBIT": NaN,
        "Net Interest Income": NaN,
        "Interest Expense": NaN,
        "Interest Income": NaN,
        "Normalized Income": NaN,
        "Net Income From Continuing And Discontinued Operation": NaN,
        "Total Expenses": NaN,
        "Total Operating Income As Reported": NaN,
        "Diluted Average Shares": NaN,
        "Basic Average Shares": NaN,
        "Diluted EPS": NaN,
        "Basic EPS": NaN,
        "Diluted NI Availto Com Stockholders": NaN,
        "Net Income Common Stockholders": NaN,
        "Net Income": NaN,
        "Minority Interests": NaN,
        "Net Income Including Noncontrolling Interests": NaN,
        "Net Income Discontinuous Operations": NaN,
        "Net Income Continuous Operations": NaN,
        "Tax Provision": NaN,
        "Pretax Income": NaN,
        "Other Income Expense": NaN,
        "Other Non Operating Income Expenses": NaN,
        "Special Income Charges": NaN,
        "Gain On Sale Of Business": NaN,
        "Other Special Charges": NaN,
        "Write Off": NaN,
        "Restructuring And Mergern Acquisition": NaN,
        "Earnings From Equity Interest": 0.0,
        "Gain On Sale Of Security": -2544000.0,
        "Net Non Operating Interest Income Expense": NaN,
        "Interest Expense Non Operating": NaN,
        "Interest Income Non Operating": NaN,
        "Operating Income": NaN,
        "Operating Expense": NaN,
        "Other Operating Expenses": NaN,
        "Depreciation Amortization Depletion Income Statement": NaN,
        "Depreciation And Amortization In Income Statement": NaN,
        "Selling General And Administration": NaN,
        "Gross Profit": NaN,
        "Cost Of Revenue": NaN,
        "Total Revenue": NaN,
        "Operating Revenue": NaN
    },
    "2022-09-30": {
        "Tax Effect Of Unusual Items": NaN,
        "Tax Rate For Calcs": NaN,
        "Normalized EBITDA": NaN,
        "Total Unusual Items": NaN,
        "Total Unusual Items Excluding Goodwill": NaN,
        "Net Income From Continuing Operation Net Minority Interest": NaN,
        "Reconciled Depreciation": NaN,
        "Reconciled Cost Of Revenue": NaN,
        "EBITDA": NaN,
        "EBIT": NaN,
        "Net Interest Income": NaN,
        "Interest Expense": NaN,
        "Interest Income": NaN,
        "Normalized Income": NaN,
        "Net Income From Continuing And Discontinued Operation": NaN,
        "Total Expenses": NaN,
        "Total Operating Income As Reported": NaN,
        "Diluted Average Shares": NaN,
        "Basic Average Shares": NaN,
        "Diluted EPS": NaN,
        "Basic EPS": NaN,
        "Diluted NI Availto Com Stockholders": NaN,
        "Net Income Common Stockholders": NaN,
        "Net Income": NaN,
        "Minority Interests": NaN,
        "Net Income Including Noncontrolling Interests": NaN,
        "Net Income Discontinuous Operations": NaN,
        "Net Income Continuous Operations": NaN,
        "Tax Provision": NaN,
        "Pretax Income": NaN,
        "Other Income Expense": NaN,
        "Other Non Operating Income Expenses": NaN,
        "Special Income Charges": NaN,
        "Gain On Sale Of Business": -2247000.0,
        "Other Special Charges": -2000000.0,
        "Write Off": NaN,
        "Impairment Of Capital Assets": -2000000.0,
        "Restructuring And Mergern Acquisition": NaN,
        "Earnings From Equity Interest": NaN,
        "Gain On Sale Of Security": 2799000.0,
        "Net Non Operating Interest Income Expense": NaN,
        "Interest Expense Non Operating": NaN,
        "Interest Income Non Operating": NaN,
        "Operating Income": NaN,
        "Operating Expense": NaN,
        "Other Operating Expenses": -2000000.0,
        "Depreciation Amortization Depletion Income Statement": NaN,
        "Depreciation And Amortization In Income Statement": NaN,
        "Selling General And Administration": NaN,
        "Gross Profit": NaN,
        "Cost Of Revenue": NaN,
        "Total Revenue": NaN,
        "Operating Revenue": NaN
    },
    "2022-06-30": {
        "Tax Effect Of Unusual Items": -5666654.502052,
        "Tax Rate For Calcs": 0.148148,
        "Normalized EBITDA": -38272000.0,
        "Total Unusual Items": -38250000.0,
        "Total Unusual Items Excluding Goodwill": -38250000.0,
        "Net Income From Continuing Operation Net Minority Interest": -99943000.0,
        "Reconciled Depreciation": 36027000.0,
        "Reconciled Cost Of Revenue": 284750000.0,
        "EBITDA": -76522000.0,
        "EBIT": -112549000.0,
        "Net Interest Income": -2021000.0,
        "Interest Expense": 3909000.0,
        "Interest Income": 1888000.0,
        "Normalized Income": -67359654.502052,
        "Net Income From Continuing And Discontinued Operation": -99943000.0,
        "Total Expenses": 507859000.0,
        "Total Operating Income As Reported": -56752000.0,
        "Diluted Average Shares": 34330000.0,
        "Basic Average Shares": 34330000.0,
        "Diluted EPS": -3.0,
        "Basic EPS": -3.0,
        "Diluted NI Availto Com Stockholders": -99943000.0,
        "Net Income Common Stockholders": -99943000.0,
        "Net Income": -99943000.0,
        "Minority Interests": -738000.0,
        "Net Income Including Noncontrolling Interests": -99205000.0,
        "Net Income Discontinuous Operations": NaN,
        "Net Income Continuous Operations": -99205000.0,
        "Tax Provision": -17253000.0,
        "Pretax Income": -116458000.0,
        "Other Income Expense": -60120000.0,
        "Other Non Operating Income Expenses": -21352000.0,
        "Special Income Charges": -38250000.0,
        "Other Special Charges": 35815000.0,
        "Write Off": 2435000.0,
        "Impairment Of Capital Assets": NaN,
        "Restructuring And Mergern Acquisition": 0.0,
        "Earnings From Equity Interest": -518000.0,
        "Gain On Sale Of Security": -21539000.0,
        "Net Non Operating Interest Income Expense": -2021000.0,
        "Interest Expense Non Operating": 3909000.0,
        "Interest Income Non Operating": 1888000.0,
        "Operating Income": -54317000.0,
        "Operating Expense": 223109000.0,
        "Depreciation Amortization Depletion Income Statement": 36027000.0,
        "Depreciation And Amortization In Income Statement": 36027000.0,
        "Selling General And Administration": 187082000.0,
        "Gross Profit": 168792000.0,
        "Cost Of Revenue": 284750000.0,
        "Total Revenue": 453542000.0,
        "Operating Revenue": 453542000.0
    },
    "2022-03-31": {
        "Diluted EPS": -0.51,
        "Total Revenue": 353,
        "Gross Profit": 155,
        "Operating Income": 1,
        "EBIT": 39,
        "Net Income": -17
    },
    "2021-12-31": {
        "Diluted EPS": 0.07,
        "Total Revenue": 516,
        "Gross Profit": 220,
        "Operating Income": 35,
        "EBIT": 74,
        "Net Income": 2
    },
    "2021-09-30": {
        "Diluted EPS": -2.32,
        "Total Revenue": 295,
        "Gross Profit": 129,
        "Operating Income": -83,
        "EBIT": -45,
        "Net Income": -79
    },
    "2021-06-30": {
        "Diluted EPS": -1.12,
        "Total Revenue": 261,
        "Gross Profit": 128,
        "Operating Income": -44,
        "EBIT": -13,
        "Net Income": -47
    },
    "2021-03-31": {
        "Diluted EPS": -0.79,
        "Total Revenue": 214,
        "Gross Profit": 104,
        "Operating Income": -39,
        "EBIT": 3,
        "Net Income": -18
    },
    "2020-12-31": {
        "Diluted EPS": -1.64,
        "Total Revenue": 169,
        "Gross Profit": 76,
        "Operating Income": -47,
        "EBIT": -20,
        "Net Income": -56
    },
    "2020-09-30": {
        "Diluted EPS": -1.05,
        "Total Revenue": 171,
        "Gross Profit": 71,
        "Operating Income": -59,
        "EBIT": -30,
        "Net Income": -36
    },
    "2020-06-30": {
        "Diluted EPS": 5.26,
        "Total Revenue": 9,
        "Gross Profit": -315,
        "Operating Income": -284,
        "EBIT": -259,
        "Net Income": 127
    },
    "2020-03-31": {
        "Diluted EPS": -5.62,
        "Total Revenue": 182,
        "Gross Profit": 57,
        "Operating Income": -156,
        "EBIT": -130,
        "Net Income": -135
    },
    "2019-12-31": {
        "Diluted EPS": 3.39,
        "Total Revenue": 394,
        "Gross Profit": 184,
        "Operating Income": 70,
        "EBIT": 97,
        "Net Income": 81
    },
    "2019-09-30": {
        "Diluted EPS": -2.33,
        "Total Revenue": 178,
        "Gross Profit": 46,
        "Operating Income": -68,
        "EBIT": -41,
        "Net Income": -56
    },
    "2019-06-30": {
        "Diluted EPS": 0.0,
        "Total Revenue": NaN,
        "Gross Profit": NaN,
        "Operating Income": NaN,
        "EBIT": NaN,
        "Net Income": NaN
    },
    "2018-06-30": {
        "Diluted EPS": 0.0,
        "Total Revenue": NaN,
        "Gross Profit": NaN,
        "Operating Income": NaN,
        "EBIT": NaN,
        "Net Income": NaN
    },
    "2023-06-30": {
        "Tax Effect Of Unusual Items": NaN,
        "Tax Rate For Calcs": NaN,
        "Normalized EBITDA": NaN,
        "Total Unusual Items": NaN,
        "Total Unusual Items Excluding Goodwill": NaN,
        "Net Income From Continuing Operation Net Minority Interest": NaN,
        "Reconciled Depreciation": NaN,
        "Reconciled Cost Of Revenue": NaN,
        "EBITDA": NaN,
        "EBIT": NaN,
        "Net Interest Income": NaN,
        "Interest Expense": NaN,
        "Interest Income": NaN,
        "Normalized Income": NaN,
        "Net Income From Continuing And Discontinued Operation": NaN,
        "Total Expenses": NaN,
        "Total Operating Income As Reported": NaN,
        "Diluted Average Shares": 35232000.0,
        "Basic Average Shares": 34792000.0,
        "Diluted EPS": 15.24,
        "Basic EPS": 15.43,
        "Diluted NI Availto Com Stockholders": NaN,
        "Net Income Common Stockholders": NaN,
        "Net Income": NaN,
        "Minority Interests": -3462000.0,
        "Net Income Including Noncontrolling Interests": NaN,
        "Net Income Discontinuous Operations": NaN,
        "Net Income Continuous Operations": NaN,
        "Tax Provision": NaN,
        "Pretax Income": NaN,
        "Other Income Expense": NaN,
        "Other Non Operating Income Expenses": NaN,
        "Special Income Charges": NaN,
        "Gain On Sale Of Business": NaN,
        "Other Special Charges": NaN,
        "Write Off": 1241000.0,
        "Impairment Of Capital Assets": NaN,
        "Restructuring And Mergern Acquisition": NaN,
        "Earnings From Equity Interest": -1897000.0,
        "Gain On Sale Of Security": -6010000.0,
        "Net Non Operating Interest Income Expense": NaN,
        "Interest Expense Non Operating": NaN,
        "Interest Income Non Operating": NaN,
        "Operating Income": NaN,
        "Operating Expense": NaN,
        "Other Operating Expenses": NaN,
        "Depreciation Amortization Depletion Income Statement": NaN,
        "Depreciation And Amortization In Income Statement": NaN,
        "Selling General And Administration": NaN,
        "Gross Profit": NaN,
        "Cost Of Revenue": NaN,
        "Total Revenue": NaN,
        "Operating Revenue": NaN
    },
    "2023-09-30": {
        "Tax Effect Of Unusual Items": NaN,
        "Tax Rate For Calcs": NaN,
        "Normalized EBITDA": NaN,
        "Total Unusual Items": NaN,
        "Total Unusual Items Excluding Goodwill": NaN,
        "Net Income From Continuing Operation Net Minority Interest": NaN,
        "Reconciled Depreciation": NaN,
        "Reconciled Cost Of Revenue": NaN,
        "EBITDA": NaN,
        "EBIT": NaN,
        "Net Interest Income": NaN,
        "Interest Expense": NaN,
        "Interest Income": NaN,
        "Normalized Income": NaN,
        "Net Income From Continuing And Discontinued Operation": NaN,
        "Total Expenses": NaN,
        "Total Operating Income As Reported": NaN,
        "Diluted Average Shares": NaN,
        "Basic Average Shares": NaN,
        "Diluted EPS": NaN,
        "Basic EPS": NaN,
        "Diluted NI Availto Com Stockholders": NaN,
        "Net Income Common Stockholders": NaN,
        "Net Income": NaN,
        "Minority Interests": 0.0,
        "Net Income Including Noncontrolling Interests": NaN,
        "Net Income Discontinuous Operations": -647000.0,
        "Net Income Continuous Operations": NaN,
        "Tax Provision": NaN,
        "Pretax Income": NaN,
        "Other Income Expense": NaN,
        "Other Non Operating Income Expenses": NaN,
        "Special Income Charges": NaN,
        "Gain On Sale Of Business": -19027000.0,
        "Other Special Charges": -64144000.0,
        "Write Off": NaN,
        "Impairment Of Capital Assets": NaN,
        "Restructuring And Mergern Acquisition": NaN,
        "Earnings From Equity Interest": 0.0,
        "Net Non Operating Interest Income Expense": NaN,
        "Interest Expense Non Operating": NaN,
        "Interest Income Non Operating": NaN,
        "Operating Income": NaN,
        "Operating Expense": NaN,
        "Other Operating Expenses": -1497000.0,
        "Depreciation Amortization Depletion Income Statement": NaN,
        "Depreciation And Amortization In Income Statement": NaN,
        "Selling General And Administration": NaN,
        "Gross Profit": NaN,
        "Cost Of Revenue": NaN,
        "Total Revenue": NaN,
        "Operating Revenue": NaN
    },
    "2023-12-31": {
        "Tax Effect Of Unusual Items": -4740880.0,
        "Tax Rate For Calcs": 0.04,
        "Normalized EBITDA": 43667000.0,
        "Total Unusual Items": -118522000.0,
        "Total Unusual Items Excluding Goodwill": -118522000.0,
        "Net Income From Continuing Operation Net Minority Interest": -173248000.0,
        "Reconciled Depreciation": 80031000.0,
        "Reconciled Cost Of Revenue": 159766000.0,
        "EBITDA": -74855000.0,
        "EBIT": -154886000.0,
        "Net Interest Income": -19902000.0,
        "Interest Expense": 25828000.0,
        "Interest Income": 5926000.0,
        "Normalized Income": -59466880.0,
        "Net Income From Continuing And Discontinued Operation": -173248000.0,
        "Total Expenses": 355317000.0,
        "Total Operating Income As Reported": -159682000.0,
        "Diluted Average Shares": 35309000.0,
        "Basic Average Shares": 35309000.0,
        "Diluted EPS": -4.91,
        "Basic EPS": -4.91,
        "Diluted NI Availto Com Stockholders": -173248000.0,
        "Net Income Common Stockholders": -173248000.0,
        "Net Income": -173248000.0,
        "Minority Interests": 0.0,
        "Net Income Including Noncontrolling Interests": -173248000.0,
        "Net Income Discontinuous Operations": 0.0,
        "Net Income Continuous Operations": -173248000.0,
        "Tax Provision": -7466000.0,
        "Pretax Income": -180714000.0,
        "Other Income Expense": -119652000.0,
        "Other Non Operating Income Expenses": -1130000.0,
        "Special Income Charges": -118522000.0,
        "Gain On Sale Of Business": NaN,
        "Other Special Charges": NaN,
        "Write Off": 117235000.0,
        "Impairment Of Capital Assets": NaN,
        "Restructuring And Mergern Acquisition": 1287000.0,
        "Earnings From Equity Interest": 0.0,
        "Net Non Operating Interest Income Expense": -19902000.0,
        "Interest Expense Non Operating": 25828000.0,
        "Interest Income Non Operating": 5926000.0,
        "Operating Income": -41160000.0,
        "Operating Expense": 195551000.0,
        "Depreciation Amortization Depletion Income Statement": 80031000.0,
        "Depreciation And Amortization In Income Statement": 80031000.0,
        "Selling General And Administration": 115520000.0,
        "Gross Profit": 154391000.0,
        "Cost Of Revenue": 159766000.0,
        "Total Revenue": 314157000.0,
        "Operating Revenue": 314157000.0
    },
    "2024-03-31": {
        "Tax Effect Of Unusual Items": -1166750.0,
        "Tax Rate For Calcs": 0.25,
        "Normalized EBITDA": 48539000.0,
        "Total Unusual Items": -4667000.0,
        "Total Unusual Items Excluding Goodwill": -4667000.0,
        "Net Income From Continuing Operation Net Minority Interest": -47240000.0,
        "Reconciled Depreciation": 79867000.0,
        "Reconciled Cost Of Revenue": 154040000.0,
        "EBITDA": 43872000.0,
        "EBIT": -35995000.0,
        "Net Interest Income": -19465000.0,
        "Interest Expense": 27119000.0,
        "Interest Income": 7654000.0,
        "Normalized Income": -43739750.0,
        "Net Income From Continuing And Discontinued Operation": -47240000.0,
        "Total Expenses": 357056000.0,
        "Total Operating Income As Reported": -40393000.0,
        "Diluted Average Shares": 35418000.0,
        "Basic Average Shares": 35418000.0,
        "Diluted EPS": -1.33,
        "Basic EPS": -1.33,
        "Diluted NI Availto Com Stockholders": -47240000.0,
        "Net Income Common Stockholders": -47240000.0,
        "Net Income": -47240000.0,
        "Minority Interests": 0.0,
        "Net Income Including Noncontrolling Interests": -47240000.0,
        "Net Income Discontinuous Operations": 0.0,
        "Net Income Continuous Operations": -47240000.0,
        "Tax Provision": -15874000.0,
        "Pretax Income": -63114000.0,
        "Other Income Expense": -7923000.0,
        "Other Non Operating Income Expenses": -3256000.0,
        "Special Income Charges": -4667000.0,
        "Gain On Sale Of Business": 0.0,
        "Other Special Charges": NaN,
        "Write Off": 0.0,
        "Impairment Of Capital Assets": NaN,
        "Restructuring And Mergern Acquisition": 4667000.0,
        "Earnings From Equity Interest": NaN,
        "Net Non Operating Interest Income Expense": -19465000.0,
        "Interest Expense Non Operating": 27119000.0,
        "Interest Income Non Operating": 7654000.0,
        "Operating Income": -35726000.0,
        "Operating Expense": 203016000.0,
        "Depreciation Amortization Depletion Income Statement": 79867000.0,
        "Depreciation And Amortization In Income Statement": 79867000.0,
        "Selling General And Administration": 123149000.0,
        "Gross Profit": 167290000.0,
        "Cost Of Revenue": 154040000.0,
        "Total Revenue": 321330000.0,
        "Operating Revenue": 321330000.0
    },
    "2024-06-30": {
        "Tax Effect Of Unusual Items": -1385099.482733,
        "Tax Rate For Calcs": 0.235721,
        "Normalized EBITDA": 21952000.0,
        "Total Unusual Items": -5876000.0,
        "Total Unusual Items Excluding Goodwill": -5876000.0,
        "Net Income From Continuing Operation Net Minority Interest": -71217000.0,
        "Reconciled Depreciation": 82337000.0,
        "Reconciled Cost Of Revenue": 149519000.0,
        "EBITDA": 16076000.0,
        "EBIT": -66261000.0,
        "Net Interest Income": -19192000.0,
        "Interest Expense": 26921000.0,
        "Interest Income": 7729000.0,
        "Normalized Income": -66726099.482733,
        "Net Income From Continuing And Discontinued Operation": -46586000.0,
        "Total Expenses": 338896000.0,
        "Total Operating Income As Reported": -71377000.0,
        "Diluted Average Shares": NaN,
        "Basic Average Shares": NaN,
        "Diluted EPS": NaN,
        "Basic EPS": NaN,
        "Diluted NI Availto Com Stockholders": -46586000.0,
        "Net Income Common Stockholders": -46586000.0,
        "Net Income": -46586000.0,
        "Minority Interests": 0.0,
        "Net Income Including Noncontrolling Interests": -46586000.0,
        "Net Income Discontinuous Operations": 24631000.0,
        "Net Income Continuous Operations": -71217000.0,
        "Tax Provision": -21965000.0,
        "Pretax Income": -93182000.0,
        "Other Income Expense": -8489000.0,
        "Other Non Operating Income Expenses": 4064000.0,
        "Special Income Charges": -5876000.0,
        "Gain On Sale Of Business": 0.0,
        "Other Special Charges": 0.0,
        "Write Off": 5735000.0,
        "Impairment Of Capital Assets": NaN,
        "Restructuring And Mergern Acquisition": 141000.0,
        "Earnings From Equity Interest": NaN,
        "Net Non Operating Interest Income Expense": -19192000.0,
        "Interest Expense Non Operating": 26921000.0,
        "Interest Income Non Operating": 7729000.0,
        "Operating Income": -65501000.0,
        "Operating Expense": 189377000.0,
        "Depreciation Amortization Depletion Income Statement": 82337000.0,
        "Depreciation And Amortization In Income Statement": 82337000.0,
        "Selling General And Administration": 107040000.0,
        "Gross Profit": 123876000.0,
        "Cost Of Revenue": 149519000.0,
        "Total Revenue": 273395000.0,
        "Operating Revenue": 262526000.0
    },
    "2024-09-30": {
        "Tax Effect Of Unusual Items": -1187040.0,
        "Tax Rate For Calcs": 0.24,
        "Normalized EBITDA": -24416000.0,
        "Total Unusual Items": -4946000.0,
        "Total Unusual Items Excluding Goodwill": -4946000.0,
        "Net Income From Continuing Operation Net Minority Interest": -105283000.0,
        "Reconciled Depreciation": 81913000.0,
        "Reconciled Cost Of Revenue": 139696000.0,
        "EBITDA": -29362000.0,
        "EBIT": -111275000.0,
        "Net Interest Income": -19935000.0,
        "Interest Expense": 26974000.0,
        "Interest Income": 7039000.0,
        "Normalized Income": -101524040.0,
        "Net Income From Continuing And Discontinued Operation": -105283000.0,
        "Total Expenses": 340586000.0,
        "Total Operating Income As Reported": -117619000.0,
        "Diluted Average Shares": 35663000.0,
        "Basic Average Shares": 35663000.0,
        "Diluted EPS": -2.95,
        "Basic EPS": -2.95,
        "Diluted NI Availto Com Stockholders": -105283000.0,
        "Net Income Common Stockholders": -105283000.0,
        "Net Income": -105283000.0,
        "Minority Interests": NaN,
        "Net Income Including Noncontrolling Interests": -105283000.0,
        "Net Income Discontinuous Operations": 0.0,
        "Net Income Continuous Operations": -105283000.0,
        "Tax Provision": -32966000.0,
        "Pretax Income": -138249000.0,
        "Other Income Expense": -5641000.0,
        "Other Non Operating Income Expenses": -209000.0,
        "Special Income Charges": -4946000.0,
        "Gain On Sale Of Business": 0.0,
        "Other Special Charges": NaN,
        "Write Off": NaN,
        "Impairment Of Capital Assets": 4033000.0,
        "Restructuring And Mergern Acquisition": 913000.0,
        "Earnings From Equity Interest": -486000.0,
        "Net Non Operating Interest Income Expense": -19935000.0,
        "Interest Expense Non Operating": 26974000.0,
        "Interest Income Non Operating": 7039000.0,
        "Operating Income": -112673000.0,
        "Operating Expense": 200890000.0,
        "Depreciation Amortization Depletion Income Statement": 81913000.0,
        "Depreciation And Amortization In Income Statement": 81913000.0,
        "Selling General And Administration": 118977000.0,
        "Gross Profit": 88217000.0,
        "Cost Of Revenue": 139696000.0,
        "Total Revenue": 227913000.0,
        "Operating Revenue": 227913000.0
    },
    "2025-03-31": {
        "Tax Effect Of Unusual Items": -469342.335031,
        "Tax Rate For Calcs": 0.198705,
        "Normalized EBITDA": 10520000.0,
        "Total Unusual Items": -2362000.0,
        "Total Unusual Items Excluding Goodwill": -2362000.0,
        "Net Income From Continuing Operation Net Minority Interest": -81954000.0,
        "Reconciled Depreciation": 84229000.0,
        "Reconciled Cost Of Revenue": 158323000.0,
        "EBITDA": 8158000.0,
        "EBIT": -76071000.0,
        "Net Interest Income": -22328000.0,
        "Interest Expense": 26206000.0,
        "Interest Income": 3878000.0,
        "Normalized Income": -80061342.335031,
        "Net Income From Continuing And Discontinued Operation": -81954000.0,
        "Total Expenses": 356821000.0,
        "Total Operating Income As Reported": -78609000.0,
        "Diluted Average Shares": 36110000.0,
        "Basic Average Shares": 36110000.0,
        "Diluted EPS": -2.27,
        "Basic EPS": -2.27,
        "Diluted NI Availto Com Stockholders": -81954000.0,
        "Net Income Common Stockholders": -81954000.0,
        "Net Income": -81954000.0,
        "Minority Interests": NaN,
        "Net Income Including Noncontrolling Interests": -81954000.0,
        "Net Income Discontinuous Operations": NaN,
        "Net Income Continuous Operations": -81954000.0,
        "Tax Provision": -20323000.0,
        "Pretax Income": -102277000.0,
        "Other Income Expense": -3702000.0,
        "Other Non Operating Income Expenses": -1340000.0,
        "Special Income Charges": -2362000.0,
        "Gain On Sale Of Business": NaN,
        "Other Special Charges": NaN,
        "Write Off": 521000.0,
        "Impairment Of Capital Assets": NaN,
        "Restructuring And Mergern Acquisition": 1841000.0,
        "Earnings From Equity Interest": NaN,
        "Net Non Operating Interest Income Expense": -22328000.0,
        "Interest Expense Non Operating": 26206000.0,
        "Interest Income Non Operating": 3878000.0,
        "Operating Income": -76247000.0,
        "Operating Expense": 198498000.0,
        "Depreciation Amortization Depletion Income Statement": 84229000.0,
        "Depreciation And Amortization In Income Statement": 84229000.0,
        "Selling General And Administration": 114269000.0,
        "Gross Profit": 122251000.0,
        "Cost Of Revenue": 158323000.0,
        "Total Revenue": 280574000.0,
        "Operating Revenue": 272909000.0
    },
    "2024-12-31": {
        "Tax Effect Of Unusual Items": NaN,
        "Tax Rate For Calcs": NaN,
        "Normalized EBITDA": NaN,
        "Total Unusual Items": NaN,
        "Total Unusual Items Excluding Goodwill": NaN,
        "Net Income From Continuing Operation Net Minority Interest": NaN,
        "Reconciled Depreciation": NaN,
        "Reconciled Cost Of Revenue": NaN,
        "EBITDA": NaN,
        "EBIT": NaN,
        "Net Interest Income": NaN,
        "Interest Expense": NaN,
        "Interest Income": NaN,
        "Normalized Income": NaN,
        "Net Income From Continuing And Discontinued Operation": NaN,
        "Total Expenses": NaN,
        "Total Operating Income As Reported": NaN,
        "Diluted Average Shares": 36054000.0,
        "Basic Average Shares": 36054000.0,
        "Diluted EPS": -3.49,
        "Basic EPS": -3.49,
        "Diluted NI Availto Com Stockholders": NaN,
        "Net Income Common Stockholders": NaN,
        "Net Income": NaN,
        "Minority Interests": NaN,
        "Net Income Including Noncontrolling Interests": NaN,
        "Net Income Discontinuous Operations": NaN,
        "Net Income Continuous Operations": NaN,
        "Tax Provision": NaN,
        "Pretax Income": NaN,
        "Other Income Expense": NaN,
        "Other Non Operating Income Expenses": NaN,
        "Special Income Charges": NaN,
        "Gain On Sale Of Business": NaN,
        "Other Special Charges": NaN,
        "Write Off": NaN,
        "Impairment Of Capital Assets": NaN,
        "Restructuring And Mergern Acquisition": NaN,
        "Earnings From Equity Interest": NaN,
        "Net Non Operating Interest Income Expense": NaN,
        "Interest Expense Non Operating": NaN,
        "Interest Income Non Operating": NaN,
        "Operating Income": NaN,
        "Operating Expense": NaN,
        "Depreciation Amortization Depletion Income Statement": NaN,
        "Depreciation And Amortization In Income Statement": NaN,
        "Selling General And Administration": NaN,
        "Gross Profit": NaN,
        "Cost Of Revenue": NaN,
        "Total Revenue": NaN,
        "Operating Revenue": NaN
    }
}