{
    "2023-03-31": {
        "Tax Effect Of Unusual Items": -291600.0,
        "Tax Rate For Calcs": 0.3,
        "Normalized EBITDA": -6404000.0,
        "Total Unusual Items": -972000.0,
        "Total Unusual Items Excluding Goodwill": -972000.0,
        "Net Income From Continuing Operation Net Minority Interest": -9408000.0,
        "Reconciled Cost Of Revenue": 43427000.0,
        "EBITDA": -7376000.0,
        "EBIT": -7376000.0,
        "Net Interest Income": -1989000.0,
        "Interest Expense": 1989000.0,
        "Interest Income": NaN,
        "Normalized Income": -8727600.0,
        "Net Income From Continuing And Discontinued Operation": -9408000.0,
        "Total Expenses": 55191000.0,
        "Total Operating Income As Reported": -7268000.0,
        "Diluted Average Shares": 30292960.0,
        "Basic Average Shares": 30292960.0,
        "Diluted EPS": -0.31,
        "Basic EPS": -0.31,
        "Diluted NI Availto Com Stockholders": -9408000.0,
        "Net Income Common Stockholders": -9408000.0,
        "Net Income": -9408000.0,
        "Minority Interests": 341000.0,
        "Net Income Including Noncontrolling Interests": -9749000.0,
        "Net Income Discontinuous Operations": NaN,
        "Net Income Continuous Operations": -9749000.0,
        "Tax Provision": 384000.0,
        "Pretax Income": -9365000.0,
        "Other Income Expense": -108000.0,
        "Other Non Operating Income Expenses": 864000.0,
        "Special Income Charges": 99000.0,
        "Gain On Sale Of Ppe": 99000.0,
        "Other Special Charges": NaN,
        "Impairment Of Capital Assets": NaN,
        "Gain On Sale Of Security": -1071000.0,
        "Net Non Operating Interest Income Expense": -1989000.0,
        "Interest Expense Non Operating": 1989000.0,
        "Interest Income Non Operating": NaN,
        "Operating Income": -7268000.0,
        "Operating Expense": 11764000.0,
        "Provision For Doubtful Accounts": 37000.0,
        "Selling General And Administration": 11727000.0,
        "Selling And Marketing Expense": 1195000.0,
        "General And Administrative Expense": 10532000.0,
        "Other Gand A": 9915000.0,
        "Salaries And Wages": 617000.0,
        "Gross Profit": 4496000.0,
        "Cost Of Revenue": 43427000.0,
        "Total Revenue": 47923000.0,
        "Operating Revenue": 47923000.0
    },
    "2022-12-31": {
        "Tax Effect Of Unusual Items": 420600.0,
        "Tax Rate For Calcs": 0.3,
        "Normalized EBITDA": -9173000.0,
        "Total Unusual Items": 1402000.0,
        "Total Unusual Items Excluding Goodwill": 1402000.0,
        "Net Income From Continuing Operation Net Minority Interest": -10824000.0,
        "Reconciled Cost Of Revenue": 36994000.0,
        "EBITDA": -7771000.0,
        "EBIT": -7771000.0,
        "Net Interest Income": -2874000.0,
        "Interest Expense": 2874000.0,
        "Interest Income": NaN,
        "Normalized Income": -11805400.0,
        "Net Income From Continuing And Discontinued Operation": -10824000.0,
        "Total Expenses": 49336000.0,
        "Total Operating Income As Reported": -2295000.0,
        "Diluted Average Shares": NaN,
        "Basic Average Shares": NaN,
        "Diluted EPS": NaN,
        "Basic EPS": NaN,
        "Diluted NI Availto Com Stockholders": -10824000.0,
        "Net Income Common Stockholders": -10824000.0,
        "Net Income": -10824000.0,
        "Minority Interests": 402000.0,
        "Net Income Including Noncontrolling Interests": -11226000.0,
        "Net Income Discontinuous Operations": NaN,
        "Net Income Continuous Operations": -11226000.0,
        "Tax Provision": 581000.0,
        "Pretax Income": -10645000.0,
        "Other Income Expense": -5622000.0,
        "Other Non Operating Income Expenses": -7024000.0,
        "Special Income Charges": 4948000.0,
        "Gain On Sale Of Ppe": NaN,
        "Other Special Charges": -5094000.0,
        "Impairment Of Capital Assets": 146000.0,
        "Gain On Sale Of Security": -3546000.0,
        "Net Non Operating Interest Income Expense": -2874000.0,
        "Interest Expense Non Operating": 2874000.0,
        "Interest Income Non Operating": NaN,
        "Operating Income": -2149000.0,
        "Operating Expense": 12342000.0,
        "Provision For Doubtful Accounts": 1052000.0,
        "Selling General And Administration": 11290000.0,
        "Selling And Marketing Expense": 1336000.0,
        "General And Administrative Expense": 9954000.0,
        "Other Gand A": 9954000.0,
        "Salaries And Wages": NaN,
        "Gross Profit": 10193000.0,
        "Cost Of Revenue": 36994000.0,
        "Total Revenue": 47187000.0,
        "Operating Revenue": 37563000.0
    },
    "2022-09-30": {
        "Tax Effect Of Unusual Items": 111600.0,
        "Tax Rate For Calcs": 0.3,
        "Normalized EBITDA": -7955000.0,
        "Total Unusual Items": 372000.0,
        "Total Unusual Items Excluding Goodwill": 372000.0,
        "Net Income From Continuing Operation Net Minority Interest": -9509000.0,
        "Reconciled Cost Of Revenue": 45213000.0,
        "EBITDA": -7583000.0,
        "EBIT": -7583000.0,
        "Net Interest Income": -1280000.0,
        "Interest Expense": 1280000.0,
        "Interest Income": 0.0,
        "Normalized Income": -9769400.0,
        "Net Income From Continuing And Discontinued Operation": -13439000.0,
        "Total Expenses": 51031000.0,
        "Total Operating Income As Reported": -10037000.0,
        "Diluted Average Shares": 28090018.0,
        "Basic Average Shares": 28090018.0,
        "Diluted EPS": -0.48,
        "Basic EPS": -0.48,
        "Diluted NI Availto Com Stockholders": -13439000.0,
        "Net Income Common Stockholders": -13439000.0,
        "Net Income": -13439000.0,
        "Minority Interests": 54000.0,
        "Net Income Including Noncontrolling Interests": -13493000.0,
        "Net Income Discontinuous Operations": -3930000.0,
        "Net Income Continuous Operations": -9563000.0,
        "Tax Provision": 700000.0,
        "Pretax Income": -8863000.0,
        "Other Income Expense": 645000.0,
        "Other Non Operating Income Expenses": 273000.0,
        "Special Income Charges": -2231000.0,
        "Gain On Sale Of Ppe": NaN,
        "Other Special Charges": 422000.0,
        "Impairment Of Capital Assets": 1809000.0,
        "Gain On Sale Of Security": 2603000.0,
        "Net Non Operating Interest Income Expense": -1280000.0,
        "Interest Expense Non Operating": 1280000.0,
        "Interest Income Non Operating": 0.0,
        "Operating Income": -8228000.0,
        "Operating Expense": 5818000.0,
        "Provision For Doubtful Accounts": -262000.0,
        "Selling General And Administration": 6080000.0,
        "Selling And Marketing Expense": 664000.0,
        "General And Administrative Expense": 5416000.0,
        "Other Gand A": 5416000.0,
        "Salaries And Wages": NaN,
        "Gross Profit": -2410000.0,
        "Cost Of Revenue": 45213000.0,
        "Total Revenue": 42803000.0,
        "Operating Revenue": 42803000.0
    },
    "2022-06-30": {
        "Tax Effect Of Unusual Items": 904800.0,
        "Tax Rate For Calcs": 0.4,
        "Normalized EBITDA": -2388000.0,
        "Total Unusual Items": 2262000.0,
        "Total Unusual Items Excluding Goodwill": 2262000.0,
        "Net Income From Continuing Operation Net Minority Interest": -2313000.0,
        "Reconciled Cost Of Revenue": 44712000.0,
        "EBITDA": -126000.0,
        "EBIT": -126000.0,
        "Net Interest Income": -1637000.0,
        "Interest Expense": 1637000.0,
        "Normalized Income": -3670200.0,
        "Net Income From Continuing And Discontinued Operation": -2313000.0,
        "Total Expenses": 54179000.0,
        "Total Operating Income As Reported": -5595000.0,
        "Diluted Average Shares": 27428544.0,
        "Basic Average Shares": 27428544.0,
        "Diluted EPS": -0.08,
        "Basic EPS": -0.08,
        "Diluted NI Availto Com Stockholders": -2313000.0,
        "Net Income Common Stockholders": -2313000.0,
        "Net Income": -2313000.0,
        "Minority Interests": -95000.0,
        "Net Income Including Noncontrolling Interests": -2218000.0,
        "Net Income Continuous Operations": -2218000.0,
        "Tax Provision": 455000.0,
        "Pretax Income": -1763000.0,
        "Other Income Expense": 5469000.0,
        "Other Non Operating Income Expenses": 3207000.0,
        "Special Income Charges": NaN,
        "Gain On Sale Of Ppe": NaN,
        "Other Special Charges": NaN,
        "Impairment Of Capital Assets": NaN,
        "Gain On Sale Of Security": 2262000.0,
        "Net Non Operating Interest Income Expense": -1637000.0,
        "Interest Expense Non Operating": 1637000.0,
        "Operating Income": -5595000.0,
        "Operating Expense": 9467000.0,
        "Provision For Doubtful Accounts": 474000.0,
        "Selling General And Administration": 8993000.0,
        "Selling And Marketing Expense": 1368000.0,
        "General And Administrative Expense": 7625000.0,
        "Other Gand A": 7625000.0,
        "Salaries And Wages": NaN,
        "Gross Profit": 3872000.0,
        "Cost Of Revenue": 44712000.0,
        "Total Revenue": 48584000.0,
        "Operating Revenue": 48584000.0
    },
    "2022-03-31": {
        "Diluted EPS": -0.27,
        "Total Revenue": 39,
        "Gross Profit": 3,
        "Operating Income": -7,
        "EBIT": -7,
        "Net Income": -7
    },
    "2021-12-31": {
        "Diluted EPS": -0.58,
        "Total Revenue": 44,
        "Gross Profit": 4,
        "Operating Income": -13,
        "EBIT": -13,
        "Net Income": -14
    },
    "2021-09-30": {
        "Diluted EPS": -0.69,
        "Total Revenue": 39,
        "Gross Profit": -1,
        "Operating Income": -16,
        "EBIT": -16,
        "Net Income": -17
    },
    "2021-06-30": {
        "Diluted EPS": 0.0,
        "Total Revenue": NaN,
        "Gross Profit": NaN,
        "Operating Income": NaN,
        "Net Income": NaN
    },
    "2021-03-31": {
        "Diluted EPS": -0.36,
        "Total Revenue": 34,
        "Gross Profit": 2,
        "Operating Income": -8,
        "EBIT": -8,
        "Net Income": -8
    },
    "2020-12-31": {
        "Diluted EPS": 0.0,
        "Total Revenue": NaN,
        "Gross Profit": NaN,
        "Operating Income": NaN,
        "EBIT": NaN,
        "Net Income": NaN
    },
    "2019-12-31": {
        "Diluted EPS": 0.0,
        "Total Revenue": NaN,
        "Gross Profit": NaN,
        "Operating Income": NaN,
        "EBIT": NaN,
        "Net Income": NaN
    },
    "2018-12-31": {
        "Diluted EPS": 0.0,
        "Total Revenue": NaN,
        "Gross Profit": NaN,
        "Operating Income": NaN,
        "EBIT": NaN,
        "Net Income": NaN
    },
    "2017-12-31": {
        "Diluted EPS": 0.0,
        "Total Revenue": NaN,
        "Gross Profit": NaN,
        "Operating Income": NaN,
        "EBIT": NaN,
        "Net Income": NaN
    },
    "2016-12-31": {
        "Diluted EPS": 0.0,
        "Total Revenue": NaN,
        "Gross Profit": NaN,
        "Operating Income": NaN,
        "EBIT": NaN,
        "Net Income": NaN
    },
    "2015-12-31": {
        "Diluted EPS": 0.0,
        "Total Revenue": NaN,
        "Gross Profit": NaN,
        "Operating Income": NaN,
        "EBIT": NaN,
        "Net Income": NaN
    },
    "2014-12-31": {
        "Diluted EPS": 0.0,
        "Total Revenue": NaN,
        "Gross Profit": NaN,
        "Operating Income": NaN,
        "EBIT": NaN,
        "Net Income": NaN
    },
    "2023-06-30": {
        "Tax Effect Of Unusual Items": -181800.0,
        "Tax Rate For Calcs": 0.3,
        "Normalized EBITDA": 1026000.0,
        "Total Unusual Items": -606000.0,
        "Total Unusual Items Excluding Goodwill": -606000.0,
        "Net Income From Continuing Operation Net Minority Interest": -2472000.0,
        "Reconciled Cost Of Revenue": 53612000.0,
        "EBITDA": 420000.0,
        "EBIT": 420000.0,
        "Net Interest Income": -2375000.0,
        "Interest Expense": 2375000.0,
        "Interest Income": NaN,
        "Normalized Income": -2047800.0,
        "Net Income From Continuing And Discontinued Operation": -2472000.0,
        "Total Expenses": 61917000.0,
        "Total Operating Income As Reported": -3067000.0,
        "Diluted Average Shares": 30292960.0,
        "Basic Average Shares": 30292960.0,
        "Diluted EPS": -0.08,
        "Basic EPS": -0.08,
        "Diluted NI Availto Com Stockholders": -2472000.0,
        "Net Income Common Stockholders": -2472000.0,
        "Net Income": -2472000.0,
        "Minority Interests": 169000.0,
        "Net Income Including Noncontrolling Interests": -2641000.0,
        "Net Income Discontinuous Operations": NaN,
        "Net Income Continuous Operations": -2641000.0,
        "Tax Provision": 686000.0,
        "Pretax Income": -1955000.0,
        "Other Income Expense": 3487000.0,
        "Other Non Operating Income Expenses": 4093000.0,
        "Special Income Charges": NaN,
        "Other Special Charges": NaN,
        "Impairment Of Capital Assets": NaN,
        "Gain On Sale Of Security": -606000.0,
        "Net Non Operating Interest Income Expense": -2375000.0,
        "Interest Expense Non Operating": 2375000.0,
        "Interest Income Non Operating": NaN,
        "Operating Income": -3067000.0,
        "Operating Expense": 8305000.0,
        "Provision For Doubtful Accounts": 832000.0,
        "Selling General And Administration": 7473000.0,
        "Selling And Marketing Expense": 1186000.0,
        "General And Administrative Expense": 6287000.0,
        "Other Gand A": 6287000.0,
        "Gross Profit": 5238000.0,
        "Cost Of Revenue": 53612000.0,
        "Total Revenue": 58850000.0,
        "Operating Revenue": 58850000.0
    },
    "2023-09-30": {
        "Tax Effect Of Unusual Items": 666300.0,
        "Tax Rate For Calcs": 0.3,
        "Normalized EBITDA": 856000.0,
        "Total Unusual Items": 2221000.0,
        "Total Unusual Items Excluding Goodwill": 2221000.0,
        "Net Income From Continuing Operation Net Minority Interest": 711000.0,
        "Reconciled Cost Of Revenue": 48463000.0,
        "EBITDA": 3077000.0,
        "EBIT": 3077000.0,
        "Net Interest Income": -1632000.0,
        "Interest Expense": 1632000.0,
        "Interest Income": 0.0,
        "Normalized Income": -843700.0,
        "Net Income From Continuing And Discontinued Operation": -2000000.0,
        "Total Expenses": 54967000.0,
        "Total Operating Income As Reported": 961000.0,
        "Diluted Average Shares": 31087302.0,
        "Basic Average Shares": 30991052.0,
        "Diluted EPS": -0.06,
        "Basic EPS": -0.06,
        "Diluted NI Availto Com Stockholders": -2000000.0,
        "Net Income Common Stockholders": -2000000.0,
        "Net Income": -2000000.0,
        "Minority Interests": -107000.0,
        "Net Income Including Noncontrolling Interests": -1893000.0,
        "Net Income Discontinuous Operations": -2711000.0,
        "Net Income Continuous Operations": 818000.0,
        "Tax Provision": 627000.0,
        "Pretax Income": 1445000.0,
        "Other Income Expense": 2116000.0,
        "Other Non Operating Income Expenses": -105000.0,
        "Special Income Charges": 959000.0,
        "Other Special Charges": -959000.0,
        "Impairment Of Capital Assets": 0.0,
        "Gain On Sale Of Security": 1262000.0,
        "Net Non Operating Interest Income Expense": -1632000.0,
        "Interest Expense Non Operating": 1632000.0,
        "Interest Income Non Operating": 0.0,
        "Operating Income": 961000.0,
        "Operating Expense": 6504000.0,
        "Provision For Doubtful Accounts": -20000.0,
        "Selling General And Administration": 6524000.0,
        "Selling And Marketing Expense": 737000.0,
        "General And Administrative Expense": 5787000.0,
        "Other Gand A": 5787000.0,
        "Gross Profit": 7465000.0,
        "Cost Of Revenue": 48463000.0,
        "Total Revenue": 55928000.0,
        "Operating Revenue": 55928000.0
    }
}