{
    "2023-03-31": {
        "Tax Effect Of Unusual Items": NaN,
        "Tax Rate For Calcs": NaN,
        "Normalized EBITDA": NaN,
        "Net Income From Continuing Operation Net Minority Interest": NaN,
        "Reconciled Depreciation": NaN,
        "Reconciled Cost Of Revenue": NaN,
        "EBITDA": NaN,
        "EBIT": NaN,
        "Net Interest Income": NaN,
        "Interest Expense": NaN,
        "Interest Income": NaN,
        "Normalized Income": NaN,
        "Net Income From Continuing And Discontinued Operation": NaN,
        "Total Expenses": NaN,
        "Total Operating Income As Reported": NaN,
        "Diluted Average Shares": NaN,
        "Basic Average Shares": NaN,
        "Diluted EPS": NaN,
        "Basic EPS": NaN,
        "Diluted NI Availto Com Stockholders": NaN,
        "Net Income Common Stockholders": NaN,
        "Net Income": NaN,
        "Minority Interests": NaN,
        "Net Income Including Noncontrolling Interests": NaN,
        "Net Income Continuous Operations": NaN,
        "Tax Provision": NaN,
        "Pretax Income": NaN,
        "Net Non Operating Interest Income Expense": NaN,
        "Total Other Finance Cost": 1197000.0,
        "Interest Expense Non Operating": NaN,
        "Interest Income Non Operating": NaN,
        "Operating Income": NaN,
        "Operating Expense": NaN,
        "Research And Development": NaN,
        "Selling General And Administration": NaN,
        "Gross Profit": NaN,
        "Cost Of Revenue": NaN,
        "Total Revenue": NaN,
        "Operating Revenue": NaN
    },
    "2022-12-31": {
        "Tax Effect Of Unusual Items": NaN,
        "Tax Rate For Calcs": NaN,
        "Normalized EBITDA": NaN,
        "Net Income From Continuing Operation Net Minority Interest": NaN,
        "Reconciled Depreciation": NaN,
        "Reconciled Cost Of Revenue": NaN,
        "EBITDA": NaN,
        "EBIT": NaN,
        "Net Interest Income": NaN,
        "Interest Expense": -611000.0,
        "Interest Income": NaN,
        "Normalized Income": NaN,
        "Net Income From Continuing And Discontinued Operation": NaN,
        "Total Expenses": NaN,
        "Total Operating Income As Reported": NaN,
        "Diluted Average Shares": NaN,
        "Basic Average Shares": NaN,
        "Diluted EPS": NaN,
        "Basic EPS": NaN,
        "Diluted NI Availto Com Stockholders": NaN,
        "Net Income Common Stockholders": NaN,
        "Net Income": NaN,
        "Minority Interests": NaN,
        "Net Income Including Noncontrolling Interests": NaN,
        "Net Income Continuous Operations": NaN,
        "Tax Provision": NaN,
        "Pretax Income": NaN,
        "Net Non Operating Interest Income Expense": NaN,
        "Total Other Finance Cost": NaN,
        "Interest Expense Non Operating": -611000.0,
        "Interest Income Non Operating": NaN,
        "Operating Income": NaN,
        "Operating Expense": NaN,
        "Research And Development": NaN,
        "Selling General And Administration": NaN,
        "Gross Profit": NaN,
        "Cost Of Revenue": NaN,
        "Total Revenue": NaN,
        "Operating Revenue": NaN
    },
    "2022-09-30": {
        "Tax Effect Of Unusual Items": NaN,
        "Tax Rate For Calcs": NaN,
        "Normalized EBITDA": NaN,
        "Net Income From Continuing Operation Net Minority Interest": NaN,
        "Reconciled Depreciation": NaN,
        "Reconciled Cost Of Revenue": NaN,
        "EBITDA": NaN,
        "EBIT": NaN,
        "Net Interest Income": NaN,
        "Interest Expense": NaN,
        "Interest Income": 82000.0,
        "Normalized Income": NaN,
        "Net Income From Continuing And Discontinued Operation": NaN,
        "Total Expenses": NaN,
        "Total Operating Income As Reported": NaN,
        "Diluted Average Shares": NaN,
        "Basic Average Shares": NaN,
        "Diluted EPS": NaN,
        "Basic EPS": NaN,
        "Diluted NI Availto Com Stockholders": NaN,
        "Net Income Common Stockholders": NaN,
        "Net Income": NaN,
        "Minority Interests": NaN,
        "Net Income Including Noncontrolling Interests": NaN,
        "Net Income Continuous Operations": NaN,
        "Tax Provision": NaN,
        "Pretax Income": NaN,
        "Net Non Operating Interest Income Expense": NaN,
        "Total Other Finance Cost": NaN,
        "Interest Expense Non Operating": NaN,
        "Interest Income Non Operating": 82000.0,
        "Operating Income": NaN,
        "Operating Expense": NaN,
        "Research And Development": NaN,
        "Selling General And Administration": NaN,
        "Gross Profit": NaN,
        "Cost Of Revenue": NaN,
        "Total Revenue": NaN,
        "Operating Revenue": NaN
    },
    "2022-06-30": {
        "Tax Effect Of Unusual Items": 0.0,
        "Tax Rate For Calcs": 0.173925,
        "Normalized EBITDA": 22018000.0,
        "Net Income From Continuing Operation Net Minority Interest": 11910000.0,
        "Reconciled Depreciation": 5108000.0,
        "Reconciled Cost Of Revenue": 68416000.0,
        "EBITDA": 22018000.0,
        "EBIT": 16910000.0,
        "Net Interest Income": -2467000.0,
        "Interest Expense": NaN,
        "Interest Income": NaN,
        "Normalized Income": 11910000.0,
        "Net Income From Continuing And Discontinued Operation": 11910000.0,
        "Total Expenses": 101672000.0,
        "Total Operating Income As Reported": 16910000.0,
        "Diluted Average Shares": 55572000.0,
        "Basic Average Shares": 55110000.0,
        "Diluted EPS": 0.21,
        "Basic EPS": 0.22,
        "Diluted NI Availto Com Stockholders": 11910000.0,
        "Net Income Common Stockholders": 11910000.0,
        "Net Income": 11910000.0,
        "Minority Interests": -21000.0,
        "Net Income Including Noncontrolling Interests": 11931000.0,
        "Net Income Continuous Operations": 11931000.0,
        "Tax Provision": 2512000.0,
        "Pretax Income": 14443000.0,
        "Net Non Operating Interest Income Expense": -2467000.0,
        "Total Other Finance Cost": 2467000.0,
        "Interest Expense Non Operating": NaN,
        "Interest Income Non Operating": NaN,
        "Operating Income": 16910000.0,
        "Operating Expense": 33256000.0,
        "Research And Development": 14451000.0,
        "Selling General And Administration": 18805000.0,
        "Gross Profit": 50166000.0,
        "Cost Of Revenue": 68416000.0,
        "Total Revenue": 118582000.0,
        "Operating Revenue": 118582000.0
    },
    "2023-06-30": {
        "Tax Effect Of Unusual Items": NaN,
        "Tax Rate For Calcs": NaN,
        "Normalized EBITDA": NaN,
        "Net Income From Continuing Operation Net Minority Interest": NaN,
        "Reconciled Depreciation": NaN,
        "Reconciled Cost Of Revenue": NaN,
        "EBITDA": NaN,
        "EBIT": NaN,
        "Net Interest Income": NaN,
        "Interest Expense": 562000.0,
        "Interest Income": NaN,
        "Normalized Income": NaN,
        "Net Income From Continuing And Discontinued Operation": NaN,
        "Total Expenses": NaN,
        "Total Operating Income As Reported": NaN,
        "Diluted Average Shares": NaN,
        "Basic Average Shares": NaN,
        "Diluted EPS": NaN,
        "Basic EPS": NaN,
        "Diluted NI Availto Com Stockholders": NaN,
        "Net Income Common Stockholders": NaN,
        "Net Income": NaN,
        "Minority Interests": NaN,
        "Net Income Including Noncontrolling Interests": NaN,
        "Net Income Continuous Operations": NaN,
        "Tax Provision": NaN,
        "Pretax Income": NaN,
        "Net Non Operating Interest Income Expense": NaN,
        "Total Other Finance Cost": NaN,
        "Interest Expense Non Operating": 562000.0,
        "Interest Income Non Operating": NaN,
        "Operating Income": NaN,
        "Operating Expense": NaN,
        "Research And Development": NaN,
        "Selling General And Administration": NaN,
        "Gross Profit": NaN,
        "Cost Of Revenue": NaN,
        "Total Revenue": NaN,
        "Operating Revenue": NaN
    },
    "2022-03-31": {
        "Diluted EPS": 0.25,
        "Total Revenue": 118,
        "Gross Profit": 49,
        "Operating Income": 17,
        "EBIT": 22,
        "Net Income": 14
    },
    "2021-12-31": {
        "Diluted EPS": 0.24,
        "Total Revenue": 119,
        "Gross Profit": 49,
        "Operating Income": 16,
        "EBIT": 24,
        "Net Income": 14
    },
    "2021-09-30": {
        "Diluted EPS": 0.24,
        "Total Revenue": 118,
        "Gross Profit": 48,
        "Operating Income": 16,
        "EBIT": 23,
        "Net Income": 13
    },
    "2021-06-30": {
        "Diluted EPS": 0.19,
        "Total Revenue": 114,
        "Gross Profit": 47,
        "Operating Income": 13,
        "EBIT": 20,
        "Net Income": 10
    },
    "2021-03-31": {
        "Diluted EPS": 0.18,
        "Total Revenue": 110,
        "Gross Profit": 44,
        "Operating Income": 12,
        "EBIT": 19,
        "Net Income": 10
    },
    "2020-12-31": {
        "Diluted EPS": 0.16,
        "Total Revenue": 102,
        "Gross Profit": 41,
        "Operating Income": 10,
        "EBIT": 17,
        "Net Income": 8
    },
    "2020-09-30": {
        "Diluted EPS": 0.18,
        "Total Revenue": 98,
        "Gross Profit": 40,
        "Operating Income": 12,
        "EBIT": 18,
        "Net Income": 9
    },
    "2020-06-30": {
        "Diluted EPS": 0.18,
        "Total Revenue": 93,
        "Gross Profit": 38,
        "Operating Income": 12,
        "EBIT": 18,
        "Net Income": 9
    },
    "2020-03-31": {
        "Diluted EPS": 0.13,
        "Total Revenue": 91,
        "Gross Profit": 36,
        "Operating Income": 10,
        "EBIT": 16,
        "Net Income": 7
    },
    "2019-12-31": {
        "Diluted EPS": 0.13,
        "Total Revenue": 87,
        "Gross Profit": 35,
        "Operating Income": 10,
        "EBIT": 15,
        "Net Income": 7
    },
    "2019-09-30": {
        "Diluted EPS": 0.15,
        "Total Revenue": 83,
        "Gross Profit": 33,
        "Operating Income": 10,
        "EBIT": 15,
        "Net Income": 7
    },
    "2019-06-30": {
        "Diluted EPS": 0.14,
        "Total Revenue": 80,
        "Gross Profit": 31,
        "Operating Income": 9,
        "EBIT": 14,
        "Net Income": 7
    },
    "2019-03-31": {
        "Diluted EPS": 0.1,
        "Total Revenue": 77,
        "Gross Profit": 30,
        "Operating Income": 8,
        "EBIT": 13,
        "Net Income": 5
    },
    "2018-12-31": {
        "Diluted EPS": 0.08,
        "Total Revenue": 73,
        "Gross Profit": 28,
        "Operating Income": 7,
        "EBIT": 12,
        "Net Income": 4
    },
    "2018-09-30": {
        "Diluted EPS": 0.1,
        "Total Revenue": 73,
        "Gross Profit": 28,
        "Operating Income": 7,
        "EBIT": 12,
        "Net Income": 5
    },
    "2018-06-30": {
        "Diluted EPS": 0.04,
        "Total Revenue": 72,
        "Gross Profit": 27,
        "Operating Income": 5,
        "EBIT": 10,
        "Net Income": 2
    },
    "2018-03-31": {
        "Diluted EPS": 0.06,
        "Total Revenue": 71,
        "Gross Profit": 27,
        "Operating Income": 5,
        "EBIT": 10,
        "Net Income": 3
    },
    "2017-12-31": {
        "Diluted EPS": 0.07,
        "Total Revenue": 72,
        "Gross Profit": 26,
        "Operating Income": 1,
        "EBIT": 6,
        "Net Income": 3
    },
    "2017-09-30": {
        "Diluted EPS": 0.06,
        "Total Revenue": 72,
        "Gross Profit": 25,
        "Operating Income": 4,
        "EBIT": 9,
        "Net Income": 3
    },
    "2017-06-30": {
        "Diluted EPS": -0.07,
        "Total Revenue": 69,
        "Gross Profit": 23,
        "Operating Income": -3,
        "EBIT": 1,
        "Net Income": -4
    },
    "2017-03-31": {
        "Diluted EPS": -0.05,
        "Total Revenue": 57,
        "Gross Profit": 19,
        "Operating Income": -2,
        "EBIT": 2,
        "Net Income": -2
    },
    "2016-12-31": {
        "Diluted EPS": 0.08,
        "Total Revenue": 57,
        "Gross Profit": 22,
        "Operating Income": 6,
        "EBIT": 8,
        "Net Income": 4
    },
    "2016-09-30": {
        "Diluted EPS": 0.11,
        "Total Revenue": 56,
        "Gross Profit": 22,
        "Operating Income": 7,
        "EBIT": 9,
        "Net Income": 5
    },
    "2016-06-30": {
        "Diluted EPS": 0.11,
        "Total Revenue": 53,
        "Gross Profit": 21,
        "Operating Income": 6,
        "EBIT": 9,
        "Net Income": 5
    },
    "2016-03-31": {
        "Diluted EPS": 0.1,
        "Total Revenue": 50,
        "Gross Profit": 20,
        "Operating Income": 6,
        "EBIT": 9,
        "Net Income": 5
    },
    "2015-12-31": {
        "Diluted EPS": 0.12,
        "Total Revenue": 49,
        "Gross Profit": 20,
        "Operating Income": 7,
        "EBIT": 9,
        "Net Income": 6
    },
    "2015-09-30": {
        "Diluted EPS": 0.09,
        "Total Revenue": 47,
        "Gross Profit": 19,
        "Operating Income": 6,
        "EBIT": 8,
        "Net Income": 5
    },
    "2015-06-30": {
        "Diluted EPS": 0.1,
        "Total Revenue": 46,
        "Gross Profit": 18,
        "Operating Income": 6,
        "EBIT": 8,
        "Net Income": 5
    },
    "2015-03-31": {
        "Diluted EPS": 0.1,
        "Total Revenue": 44,
        "Gross Profit": 17,
        "Operating Income": 6,
        "EBIT": 8,
        "Net Income": 5
    },
    "2014-12-31": {
        "Diluted EPS": 0.1,
        "Total Revenue": 42,
        "Gross Profit": 16,
        "Operating Income": 5,
        "EBIT": 7,
        "Net Income": 5
    },
    "2014-09-30": {
        "Diluted EPS": 0.08,
        "Total Revenue": 40,
        "Gross Profit": 15,
        "Operating Income": 4,
        "EBIT": 6,
        "Net Income": 4
    },
    "2014-06-30": {
        "Diluted EPS": 0.06,
        "Total Revenue": 39,
        "Gross Profit": 14,
        "Operating Income": 3,
        "EBIT": 6,
        "Net Income": 3
    },
    "2014-03-31": {
        "Diluted EPS": 0.06,
        "Total Revenue": 37,
        "Gross Profit": 13,
        "Operating Income": 3,
        "EBIT": 5,
        "Net Income": 3
    },
    "2013-12-31": {
        "Diluted EPS": 0.08,
        "Total Revenue": 36,
        "Gross Profit": 14,
        "Operating Income": 3,
        "EBIT": 5,
        "Net Income": 3
    },
    "2013-09-30": {
        "Diluted EPS": 0.07,
        "Total Revenue": 35,
        "Gross Profit": 13,
        "Operating Income": 3,
        "EBIT": 5,
        "Net Income": 3
    },
    "2013-06-30": {
        "Diluted EPS": 0.06,
        "Total Revenue": 33,
        "Gross Profit": 12,
        "Operating Income": 3,
        "EBIT": 5,
        "Net Income": 3
    },
    "2013-03-31": {
        "Diluted EPS": 0.06,
        "Total Revenue": 32,
        "Gross Profit": 12,
        "Operating Income": 3,
        "EBIT": 5,
        "Net Income": 3
    },
    "2012-12-31": {
        "Diluted EPS": 0.08,
        "Total Revenue": 31,
        "Gross Profit": 12,
        "Operating Income": 4,
        "EBIT": 5,
        "Net Income": 3
    },
    "2012-09-30": {
        "Diluted EPS": 0.08,
        "Total Revenue": 30,
        "Gross Profit": 13,
        "Operating Income": 3,
        "EBIT": 9,
        "Net Income": 3
    },
    "2012-06-30": {
        "Diluted EPS": 0.06,
        "Total Revenue": 27,
        "Gross Profit": 12,
        "Operating Income": 3,
        "EBIT": 3,
        "Net Income": 3
    },
    "2012-03-31": {
        "Diluted EPS": 0.06,
        "Total Revenue": 26,
        "Gross Profit": 11,
        "Operating Income": 2,
        "EBIT": 2,
        "Net Income": 2
    },
    "2011-12-31": {
        "Diluted EPS": 0.02,
        "Total Revenue": 25,
        "Gross Profit": 9,
        "Operating Income": 1,
        "EBIT": 9,
        "Net Income": 1
    },
    "2011-09-30": {
        "Diluted EPS": 0.05,
        "Total Revenue": 18,
        "Gross Profit": 8,
        "Operating Income": 1,
        "EBIT": 1,
        "Net Income": 2
    },
    "2011-06-30": {
        "Diluted EPS": 0.07,
        "Total Revenue": 14,
        "Gross Profit": 7,
        "Operating Income": 2,
        "EBIT": 2,
        "Net Income": 2
    },
    "2011-03-31": {
        "Diluted EPS": 0.07,
        "Total Revenue": 13,
        "Gross Profit": 6,
        "Operating Income": 2,
        "EBIT": 2,
        "Net Income": 2
    },
    "2010-12-31": {
        "Diluted EPS": 0.07,
        "Total Revenue": 15,
        "Gross Profit": 6,
        "Operating Income": 2,
        "EBIT": 2,
        "Net Income": 2
    },
    "2010-09-30": {
        "Diluted EPS": 0.07,
        "Total Revenue": 13,
        "Gross Profit": 5,
        "Operating Income": 2,
        "EBIT": 2,
        "Net Income": 2
    },
    "2010-06-30": {
        "Diluted EPS": 0.06,
        "Total Revenue": 12,
        "Gross Profit": 6,
        "Operating Income": 2,
        "EBIT": 2,
        "Net Income": 1
    },
    "2010-03-31": {
        "Diluted EPS": 0.07,
        "Total Revenue": 12,
        "Gross Profit": 5,
        "Operating Income": 2,
        "EBIT": 2,
        "Net Income": 2
    },
    "2009-12-31": {
        "Diluted EPS": 0.06,
        "Total Revenue": 12,
        "Gross Profit": 4,
        "Operating Income": 1,
        "EBIT": 1,
        "Net Income": 1
    },
    "2009-09-30": {
        "Diluted EPS": 0.05,
        "Total Revenue": 13,
        "Gross Profit": 5,
        "Operating Income": 2,
        "EBIT": 2,
        "Net Income": 1
    },
    "2009-06-30": {
        "Diluted EPS": 0.04,
        "Total Revenue": 10,
        "Gross Profit": 5,
        "Operating Income": 1,
        "EBIT": 1,
        "Net Income": 1
    },
    "2009-03-31": {
        "Diluted EPS": 0.05,
        "Total Revenue": 11,
        "Gross Profit": 5,
        "Operating Income": 1,
        "EBIT": 1,
        "Net Income": 1
    },
    "2023-09-30": {
        "Tax Effect Of Unusual Items": NaN,
        "Tax Rate For Calcs": NaN,
        "Normalized EBITDA": NaN,
        "Net Income From Continuing Operation Net Minority Interest": NaN,
        "Reconciled Depreciation": NaN,
        "Reconciled Cost Of Revenue": NaN,
        "EBITDA": NaN,
        "EBIT": NaN,
        "Net Interest Income": NaN,
        "Interest Expense": 551000.0,
        "Interest Income": NaN,
        "Normalized Income": NaN,
        "Net Income From Continuing And Discontinued Operation": NaN,
        "Total Expenses": NaN,
        "Total Operating Income As Reported": NaN,
        "Diluted Average Shares": NaN,
        "Basic Average Shares": NaN,
        "Diluted EPS": NaN,
        "Basic EPS": NaN,
        "Diluted NI Availto Com Stockholders": NaN,
        "Net Income Common Stockholders": NaN,
        "Net Income": NaN,
        "Minority Interests": NaN,
        "Net Income Including Noncontrolling Interests": NaN,
        "Net Income Continuous Operations": NaN,
        "Tax Provision": NaN,
        "Pretax Income": NaN,
        "Net Non Operating Interest Income Expense": NaN,
        "Total Other Finance Cost": 551000.0,
        "Interest Expense Non Operating": 551000.0,
        "Interest Income Non Operating": NaN,
        "Operating Income": NaN,
        "Operating Expense": NaN,
        "Research And Development": NaN,
        "Selling General And Administration": NaN,
        "Gross Profit": NaN,
        "Cost Of Revenue": NaN,
        "Total Revenue": NaN,
        "Operating Revenue": NaN
    },
    "2023-12-31": {
        "Tax Effect Of Unusual Items": 0.0,
        "Tax Rate For Calcs": 0.175505,
        "Normalized EBITDA": 25739000.0,
        "Net Income From Continuing Operation Net Minority Interest": 16973000.0,
        "Reconciled Depreciation": 5650000.0,
        "Reconciled Cost Of Revenue": 74910000.0,
        "EBITDA": 25739000.0,
        "EBIT": 20089000.0,
        "Net Interest Income": 4915000.0,
        "Interest Expense": NaN,
        "Interest Income": NaN,
        "Normalized Income": 16973000.0,
        "Net Income From Continuing And Discontinued Operation": 16973000.0,
        "Total Expenses": 110770000.0,
        "Total Operating Income As Reported": 20089000.0,
        "Diluted Average Shares": 55910000.0,
        "Basic Average Shares": 55733000.0,
        "Diluted EPS": 0.3,
        "Basic EPS": 0.3,
        "Diluted NI Availto Com Stockholders": 16973000.0,
        "Net Income Common Stockholders": 16973000.0,
        "Net Income": 16973000.0,
        "Minority Interests": -52000.0,
        "Net Income Including Noncontrolling Interests": 17025000.0,
        "Net Income Continuous Operations": 17025000.0,
        "Tax Provision": 3624000.0,
        "Pretax Income": 20649000.0,
        "Net Non Operating Interest Income Expense": 4915000.0,
        "Total Other Finance Cost": NaN,
        "Interest Expense Non Operating": NaN,
        "Interest Income Non Operating": NaN,
        "Operating Income": 20089000.0,
        "Operating Expense": 35860000.0,
        "Research And Development": 16084000.0,
        "Selling General And Administration": 19776000.0,
        "Gross Profit": 55949000.0,
        "Cost Of Revenue": 74910000.0,
        "Total Revenue": 130859000.0,
        "Operating Revenue": 130859000.0
    },
    "2024-03-31": {
        "Tax Effect Of Unusual Items": 0.0,
        "Tax Rate For Calcs": 0.190293,
        "Normalized EBITDA": 26176000.0,
        "Net Income From Continuing Operation Net Minority Interest": 17360000.0,
        "Reconciled Depreciation": 5654000.0,
        "Reconciled Cost Of Revenue": 76689000.0,
        "EBITDA": 26176000.0,
        "EBIT": 20522000.0,
        "Net Interest Income": 1092000.0,
        "Interest Expense": NaN,
        "Interest Income": NaN,
        "Normalized Income": 17360000.0,
        "Net Income From Continuing And Discontinued Operation": 17360000.0,
        "Total Expenses": 113727000.0,
        "Total Operating Income As Reported": 20522000.0,
        "Diluted Average Shares": 55981000.0,
        "Basic Average Shares": 55744000.0,
        "Diluted EPS": 0.31,
        "Basic EPS": 0.31,
        "Diluted NI Availto Com Stockholders": 17360000.0,
        "Net Income Common Stockholders": 17360000.0,
        "Net Income": 17360000.0,
        "Minority Interests": -141000.0,
        "Net Income Including Noncontrolling Interests": 17501000.0,
        "Net Income Continuous Operations": 17501000.0,
        "Tax Provision": 4113000.0,
        "Pretax Income": 21614000.0,
        "Net Non Operating Interest Income Expense": 1092000.0,
        "Total Other Finance Cost": -1092000.0,
        "Interest Expense Non Operating": NaN,
        "Interest Income Non Operating": NaN,
        "Operating Income": 20522000.0,
        "Operating Expense": 37038000.0,
        "Research And Development": 16521000.0,
        "Selling General And Administration": 20517000.0,
        "Gross Profit": 57560000.0,
        "Cost Of Revenue": 76689000.0,
        "Total Revenue": 134249000.0,
        "Operating Revenue": 134249000.0
    },
    "2024-06-30": {
        "Tax Effect Of Unusual Items": 0.0,
        "Tax Rate For Calcs": 0.190284,
        "Normalized EBITDA": 26578000.0,
        "Net Income From Continuing Operation Net Minority Interest": 18617000.0,
        "Reconciled Depreciation": 4695000.0,
        "Reconciled Cost Of Revenue": 76696000.0,
        "EBITDA": 26578000.0,
        "EBIT": 21883000.0,
        "Net Interest Income": 1109000.0,
        "Interest Expense": NaN,
        "Interest Income": 1109000.0,
        "Normalized Income": 18617000.0,
        "Net Income From Continuing And Discontinued Operation": 18617000.0,
        "Total Expenses": 114917000.0,
        "Total Operating Income As Reported": 21883000.0,
        "Diluted Average Shares": 56163000.0,
        "Basic Average Shares": 55797000.0,
        "Diluted EPS": 0.33,
        "Basic EPS": 0.33,
        "Diluted NI Availto Com Stockholders": 18617000.0,
        "Net Income Common Stockholders": 18617000.0,
        "Net Income": 18617000.0,
        "Minority Interests": 0.0,
        "Net Income Including Noncontrolling Interests": 18617000.0,
        "Net Income Continuous Operations": 18617000.0,
        "Tax Provision": 4375000.0,
        "Pretax Income": 22992000.0,
        "Net Non Operating Interest Income Expense": 1109000.0,
        "Total Other Finance Cost": NaN,
        "Interest Expense Non Operating": NaN,
        "Interest Income Non Operating": 1109000.0,
        "Operating Income": 21883000.0,
        "Operating Expense": 38221000.0,
        "Research And Development": 16809000.0,
        "Selling General And Administration": 21412000.0,
        "Gross Profit": 60104000.0,
        "Cost Of Revenue": 76696000.0,
        "Total Revenue": 136800000.0,
        "Operating Revenue": 136800000.0
    },
    "2024-09-30": {
        "Tax Effect Of Unusual Items": 0.0,
        "Tax Rate For Calcs": 0.190829,
        "Normalized EBITDA": 26823000.0,
        "Net Income From Continuing Operation Net Minority Interest": 18335000.0,
        "Reconciled Depreciation": 5077000.0,
        "Reconciled Cost Of Revenue": 76729000.0,
        "EBITDA": 26823000.0,
        "EBIT": 21746000.0,
        "Net Interest Income": 913000.0,
        "Interest Expense": NaN,
        "Interest Income": NaN,
        "Normalized Income": 18335000.0,
        "Net Income From Continuing And Discontinued Operation": 18335000.0,
        "Total Expenses": 115279000.0,
        "Total Operating Income As Reported": 21746000.0,
        "Diluted Average Shares": 56308000.0,
        "Basic Average Shares": 55854000.0,
        "Diluted EPS": 0.33,
        "Basic EPS": 0.33,
        "Diluted NI Availto Com Stockholders": 18335000.0,
        "Net Income Common Stockholders": 18335000.0,
        "Net Income": 18335000.0,
        "Minority Interests": 0.0,
        "Net Income Including Noncontrolling Interests": 18335000.0,
        "Net Income Continuous Operations": 18335000.0,
        "Tax Provision": 4324000.0,
        "Pretax Income": 22659000.0,
        "Net Non Operating Interest Income Expense": 913000.0,
        "Total Other Finance Cost": -913000.0,
        "Interest Expense Non Operating": NaN,
        "Interest Income Non Operating": NaN,
        "Operating Income": 21746000.0,
        "Operating Expense": 38550000.0,
        "Research And Development": 16449000.0,
        "Selling General And Administration": 22101000.0,
        "Gross Profit": 60296000.0,
        "Cost Of Revenue": 76729000.0,
        "Total Revenue": 137025000.0,
        "Operating Revenue": 137025000.0
    },
    "2024-12-31": {
        "Tax Effect Of Unusual Items": 0.0,
        "Tax Rate For Calcs": 0.208093,
        "Normalized EBITDA": 26345000.0,
        "Net Income From Continuing Operation Net Minority Interest": 17867000.0,
        "Reconciled Depreciation": 4647000.0,
        "Reconciled Cost Of Revenue": 74158000.0,
        "EBITDA": 26345000.0,
        "EBIT": 21698000.0,
        "Net Interest Income": 1957000.0,
        "Interest Expense": NaN,
        "Interest Income": NaN,
        "Normalized Income": 17867000.0,
        "Net Income From Continuing And Discontinued Operation": 17867000.0,
        "Total Expenses": 112607000.0,
        "Total Operating Income As Reported": 21698000.0,
        "Diluted Average Shares": 56164000.0,
        "Basic Average Shares": 55887000.0,
        "Diluted EPS": 0.32,
        "Basic EPS": 0.32,
        "Diluted NI Availto Com Stockholders": 17867000.0,
        "Net Income Common Stockholders": 17867000.0,
        "Net Income": 17867000.0,
        "Minority Interests": 0.0,
        "Net Income Including Noncontrolling Interests": 17867000.0,
        "Net Income Continuous Operations": 17867000.0,
        "Tax Provision": 4695000.0,
        "Pretax Income": 22562000.0,
        "Net Non Operating Interest Income Expense": 1957000.0,
        "Total Other Finance Cost": 3509000.0,
        "Interest Expense Non Operating": NaN,
        "Interest Income Non Operating": NaN,
        "Operating Income": 21698000.0,
        "Operating Expense": 38449000.0,
        "Research And Development": 16523000.0,
        "Selling General And Administration": 21926000.0,
        "Gross Profit": 60147000.0,
        "Cost Of Revenue": 74158000.0,
        "Total Revenue": 134305000.0,
        "Operating Revenue": 134305000.0
    },
    "2025-03-31": {
        "Tax Effect Of Unusual Items": 0.0,
        "Tax Rate For Calcs": 0.199414,
        "Normalized EBITDA": 26063000.0,
        "Net Income From Continuing Operation Net Minority Interest": 17936000.0,
        "Reconciled Depreciation": 4867000.0,
        "Reconciled Cost Of Revenue": 75445000.0,
        "EBITDA": 26063000.0,
        "EBIT": 21196000.0,
        "Net Interest Income": 1330000.0,
        "Interest Expense": NaN,
        "Interest Income": NaN,
        "Normalized Income": 17936000.0,
        "Net Income From Continuing And Discontinued Operation": 17936000.0,
        "Total Expenses": 114909000.0,
        "Total Operating Income As Reported": 21196000.0,
        "Diluted Average Shares": 56020000.0,
        "Basic Average Shares": 55888000.0,
        "Diluted EPS": 0.32,
        "Basic EPS": 0.32,
        "Diluted NI Availto Com Stockholders": 17936000.0,
        "Net Income Common Stockholders": 17936000.0,
        "Net Income": 17936000.0,
        "Minority Interests": -98000.0,
        "Net Income Including Noncontrolling Interests": 18034000.0,
        "Net Income Continuous Operations": 18034000.0,
        "Tax Provision": 4492000.0,
        "Pretax Income": 22526000.0,
        "Net Non Operating Interest Income Expense": 1330000.0,
        "Total Other Finance Cost": -1330000.0,
        "Interest Expense Non Operating": NaN,
        "Interest Income Non Operating": NaN,
        "Operating Income": 21196000.0,
        "Operating Expense": 39464000.0,
        "Research And Development": 16276000.0,
        "Selling General And Administration": 23188000.0,
        "Gross Profit": 60660000.0,
        "Cost Of Revenue": 75445000.0,
        "Total Revenue": 136105000.0,
        "Operating Revenue": 136105000.0
    }
}