{
    "2023-03-31": {
        "Tax Effect Of Unusual Items": 0.0,
        "Tax Rate For Calcs": 0.155678,
        "Net Income From Continuing Operation Net Minority Interest": 135900000.0,
        "Reconciled Depreciation": 2400000.0,
        "EBIT": 176600000.0,
        "Net Interest Income": -12800000.0,
        "Interest Expense": 12800000.0,
        "Normalized Income": 135900000.0,
        "Net Income From Continuing And Discontinued Operation": 135900000.0,
        "Total Expenses": 514200000.0,
        "Diluted Average Shares": 164130946.0,
        "Basic Average Shares": 160905860.0,
        "Diluted EPS": 0.74,
        "Basic EPS": 0.76,
        "Diluted NI Availto Com Stockholders": 131900000.0,
        "Net Income Common Stockholders": 131900000.0,
        "Otherunder Preferred Stock Dividend": NaN,
        "Preferred Stock Dividends": 4000000.0,
        "Net Income": 135900000.0,
        "Minority Interests": -2400000.0,
        "Net Income Including Noncontrolling Interests": 138300000.0,
        "Net Income Continuous Operations": 138300000.0,
        "Tax Provision": 25500000.0,
        "Pretax Income": 163800000.0,
        "Other Income Expense": 8800000.0,
        "Net Non Operating Interest Income Expense": -12800000.0,
        "Interest Expense Non Operating": 12800000.0,
        "Other Operating Expenses": 60000000.0,
        "Depreciation And Amortization In Income Statement": 2400000.0,
        "Amortization": 2400000.0,
        "Total Revenue": 678000000.0,
        "Operating Revenue": 678000000.0,
        "Loss Adjustment Expense": 267100000.0,
        "Net Policyholder Benefits And Claims": 267100000.0
    },
    "2022-12-31": {
        "Tax Effect Of Unusual Items": 0.0,
        "Tax Rate For Calcs": 0.21,
        "Net Income From Continuing Operation Net Minority Interest": -21800000.0,
        "Reconciled Depreciation": 3800000.0,
        "EBIT": -32100000.0,
        "Net Interest Income": -10500000.0,
        "Interest Expense": 10500000.0,
        "Normalized Income": -21800000.0,
        "Net Income From Continuing And Discontinued Operation": -21800000.0,
        "Total Expenses": 654700000.0,
        "Diluted Average Shares": 160459088.0,
        "Basic Average Shares": 160459088.0,
        "Diluted EPS": -0.17,
        "Basic EPS": -0.17,
        "Diluted NI Availto Com Stockholders": -26600000.0,
        "Net Income Common Stockholders": -26600000.0,
        "Otherunder Preferred Stock Dividend": NaN,
        "Preferred Stock Dividends": 4800000.0,
        "Net Income": -21800000.0,
        "Minority Interests": 400000.0,
        "Net Income Including Noncontrolling Interests": -23000000.0,
        "Net Income Continuous Operations": -23000000.0,
        "Tax Provision": -19600000.0,
        "Pretax Income": -42600000.0,
        "Other Income Expense": 14100000.0,
        "Net Non Operating Interest Income Expense": -10500000.0,
        "Interest Expense Non Operating": 10500000.0,
        "Other Operating Expenses": 92600000.0,
        "Depreciation And Amortization In Income Statement": 2100000.0,
        "Amortization": 2100000.0,
        "Total Revenue": 612100000.0,
        "Operating Revenue": 612100000.0
    },
    "2022-09-30": {
        "Tax Effect Of Unusual Items": NaN,
        "Tax Rate For Calcs": NaN,
        "Net Income From Continuing Operation Net Minority Interest": NaN,
        "Reconciled Depreciation": NaN,
        "EBIT": NaN,
        "Net Interest Income": NaN,
        "Interest Expense": NaN,
        "Normalized Income": NaN,
        "Net Income From Continuing And Discontinued Operation": NaN,
        "Total Expenses": NaN,
        "Diluted Average Shares": NaN,
        "Basic Average Shares": NaN,
        "Diluted EPS": NaN,
        "Basic EPS": NaN,
        "Diluted NI Availto Com Stockholders": NaN,
        "Average Dilution Earnings": 0.0,
        "Net Income Common Stockholders": NaN,
        "Otherunder Preferred Stock Dividend": NaN,
        "Preferred Stock Dividends": NaN,
        "Net Income": NaN,
        "Minority Interests": NaN,
        "Net Income Including Noncontrolling Interests": NaN,
        "Net Income Continuous Operations": NaN,
        "Tax Provision": NaN,
        "Pretax Income": NaN,
        "Other Income Expense": NaN,
        "Net Non Operating Interest Income Expense": NaN,
        "Interest Expense Non Operating": NaN,
        "Other Operating Expenses": NaN,
        "Depreciation And Amortization In Income Statement": NaN,
        "Amortization": NaN,
        "Total Revenue": NaN,
        "Operating Revenue": NaN
    },
    "2022-06-30": {
        "Tax Effect Of Unusual Items": 0.0,
        "Tax Rate For Calcs": 0.332,
        "Net Income From Continuing Operation Net Minority Interest": -56800000.0,
        "Reconciled Depreciation": 3300000.0,
        "EBIT": -74400000.0,
        "Net Interest Income": -9400000.0,
        "Interest Expense": 9400000.0,
        "Normalized Income": -56800000.0,
        "Net Income From Continuing And Discontinued Operation": -56800000.0,
        "Total Expenses": 613400000.0,
        "Diluted Average Shares": 160258883.0,
        "Basic Average Shares": 160258883.0,
        "Diluted EPS": -0.38,
        "Basic EPS": -0.38,
        "Diluted NI Availto Com Stockholders": -60800000.0,
        "Average Dilution Earnings": NaN,
        "Net Income Common Stockholders": -60800000.0,
        "Otherunder Preferred Stock Dividend": NaN,
        "Preferred Stock Dividends": 4000000.0,
        "Net Income": -56800000.0,
        "Minority Interests": -700000.0,
        "Net Income Including Noncontrolling Interests": -56100000.0,
        "Net Income Continuous Operations": -56100000.0,
        "Tax Provision": -27700000.0,
        "Pretax Income": -83800000.0,
        "Other Income Expense": 45800000.0,
        "Net Non Operating Interest Income Expense": -9400000.0,
        "Interest Expense Non Operating": 9400000.0,
        "Other Operating Expenses": 72000000.0,
        "Depreciation And Amortization In Income Statement": 2000000.0,
        "Amortization": 2000000.0,
        "Total Revenue": 529600000.0,
        "Operating Revenue": 529600000.0
    },
    "2023-06-30": {
        "Tax Effect Of Unusual Items": NaN,
        "Tax Rate For Calcs": NaN,
        "Net Income From Continuing Operation Net Minority Interest": NaN,
        "Reconciled Depreciation": NaN,
        "EBIT": NaN,
        "Net Interest Income": NaN,
        "Interest Expense": NaN,
        "Normalized Income": NaN,
        "Net Income From Continuing And Discontinued Operation": NaN,
        "Total Expenses": NaN,
        "Diluted Average Shares": NaN,
        "Basic Average Shares": NaN,
        "Diluted EPS": NaN,
        "Basic EPS": NaN,
        "Diluted NI Availto Com Stockholders": NaN,
        "Net Income Common Stockholders": NaN,
        "Otherunder Preferred Stock Dividend": 4000000.0,
        "Preferred Stock Dividends": NaN,
        "Net Income": NaN,
        "Minority Interests": NaN,
        "Net Income Including Noncontrolling Interests": NaN,
        "Net Income Continuous Operations": NaN,
        "Tax Provision": NaN,
        "Pretax Income": NaN,
        "Other Income Expense": NaN,
        "Net Non Operating Interest Income Expense": NaN,
        "Interest Expense Non Operating": NaN,
        "Other Operating Expenses": NaN,
        "Depreciation And Amortization In Income Statement": NaN,
        "Amortization": NaN,
        "Total Revenue": NaN,
        "Operating Revenue": NaN,
        "Loss Adjustment Expense": NaN,
        "Net Policyholder Benefits And Claims": NaN
    },
    "2022-03-31": {
        "Diluted EPS": -1.36,
        "Total Revenue": 361,
        "Gross Profit": -87,
        "Operating Income": -98,
        "EBIT": -79,
        "Net Income": -217
    },
    "2021-12-31": {
        "Diluted EPS": -1.11,
        "Total Revenue": 398,
        "Gross Profit": -60,
        "Operating Income": -71,
        "EBIT": -58,
        "Net Income": -135
    },
    "2021-09-30": {
        "Diluted EPS": -0.34,
        "Total Revenue": 733,
        "Gross Profit": 48,
        "Operating Income": 37,
        "EBIT": 56,
        "Net Income": -48
    },
    "2021-06-30": {
        "Diluted EPS": 0.37,
        "Total Revenue": 562,
        "Gross Profit": 205,
        "Operating Income": 194,
        "EBIT": 208,
        "Net Income": 65
    },
    "2021-03-31": {
        "Diluted EPS": 1.35,
        "Total Revenue": 489,
        "Gross Profit": 273,
        "Operating Income": 267,
        "EBIT": 276,
        "Net Income": 160
    },
    "2020-12-31": {
        "Diluted EPS": 1.46,
        "Total Revenue": 387,
        "Gross Profit": 170,
        "Operating Income": 167,
        "EBIT": 168,
        "Net Income": 134
    },
    "2020-09-30": {
        "Diluted EPS": 0.73,
        "Total Revenue": 264,
        "Gross Profit": 98,
        "Operating Income": 96,
        "EBIT": 96,
        "Net Income": 68
    },
    "2020-06-30": {
        "Diluted EPS": 1.33,
        "Total Revenue": 278,
        "Gross Profit": 145,
        "Operating Income": 143,
        "EBIT": 146,
        "Net Income": 124
    },
    "2020-03-31": {
        "Diluted EPS": -1.99,
        "Total Revenue": -39,
        "Gross Profit": -176,
        "Operating Income": -178,
        "EBIT": -176,
        "Net Income": -184
    },
    "2019-12-31": {
        "Diluted EPS": 0.32,
        "Total Revenue": 260,
        "Gross Profit": 58,
        "Operating Income": 97,
        "EBIT": 98,
        "Net Income": 29
    },
    "2019-09-30": {
        "Diluted EPS": -0.16,
        "Total Revenue": 200,
        "Gross Profit": -4,
        "Operating Income": -15,
        "EBIT": -14,
        "Net Income": -15
    },
    "2019-06-30": {
        "Diluted EPS": 0.57,
        "Total Revenue": 215,
        "Gross Profit": 74,
        "Operating Income": 53,
        "EBIT": 55,
        "Net Income": 53
    },
    "2019-03-31": {
        "Diluted EPS": 1.43,
        "Total Revenue": 308,
        "Gross Profit": 155,
        "Operating Income": 141,
        "EBIT": 144,
        "Net Income": 133
    },
    "2018-12-31": {
        "Diluted EPS": -3.24,
        "Total Revenue": -67,
        "Gross Profit": -297,
        "Operating Income": -307,
        "EBIT": -303,
        "Net Income": -298
    },
    "2018-09-30": {
        "Diluted EPS": -0.14,
        "Total Revenue": 124,
        "Gross Profit": -5,
        "Operating Income": -17,
        "EBIT": -15,
        "Net Income": -13
    },
    "2018-06-30": {
        "Diluted EPS": 0.19,
        "Total Revenue": 173,
        "Gross Profit": 31,
        "Operating Income": 19,
        "EBIT": 22,
        "Net Income": 20
    },
    "2018-03-31": {
        "Diluted EPS": -0.26,
        "Total Revenue": 140,
        "Gross Profit": -4,
        "Operating Income": -15,
        "EBIT": -11,
        "Net Income": -26
    },
    "2017-12-31": {
        "Diluted EPS": 0.42,
        "Total Revenue": 197,
        "Gross Profit": 65,
        "Operating Income": 49,
        "EBIT": 52,
        "Net Income": 44
    },
    "2017-09-30": {
        "Diluted EPS": 0.52,
        "Total Revenue": 195,
        "Gross Profit": 84,
        "Operating Income": 68,
        "EBIT": 70,
        "Net Income": 55
    },
    "2017-06-30": {
        "Diluted EPS": 0.71,
        "Total Revenue": 281,
        "Gross Profit": 105,
        "Operating Income": 88,
        "EBIT": 90,
        "Net Income": 75
    },
    "2017-03-31": {
        "Diluted EPS": 0.98,
        "Total Revenue": 267,
        "Gross Profit": 126,
        "Operating Income": 114,
        "EBIT": 115,
        "Net Income": 104
    },
    "2016-12-31": {
        "Diluted EPS": -0.44,
        "Total Revenue": 156,
        "Gross Profit": -43,
        "Operating Income": -50,
        "EBIT": -48,
        "Net Income": -47
    },
    "2016-09-30": {
        "Diluted EPS": 0.68,
        "Total Revenue": 217,
        "Gross Profit": 86,
        "Operating Income": 72,
        "EBIT": 77,
        "Net Income": 72
    },
    "2016-06-30": {
        "Diluted EPS": 0.51,
        "Total Revenue": 219,
        "Gross Profit": 67,
        "Operating Income": 55,
        "EBIT": 56,
        "Net Income": 53
    },
    "2016-03-31": {
        "Diluted EPS": -0.49,
        "Total Revenue": 97,
        "Gross Profit": -40,
        "Operating Income": -53,
        "EBIT": -48,
        "Net Income": -51
    },
    "2015-12-31": {
        "Diluted EPS": 0.42,
        "Total Revenue": 196,
        "Gross Profit": 59,
        "Operating Income": 46,
        "EBIT": 48,
        "Net Income": 42
    },
    "2015-09-30": {
        "Diluted EPS": -1.88,
        "Total Revenue": 16,
        "Gross Profit": -193,
        "Operating Income": -205,
        "EBIT": -204,
        "Net Income": -196
    },
    "2015-06-30": {
        "Diluted EPS": 0.15,
        "Total Revenue": 159,
        "Gross Profit": 36,
        "Operating Income": 19,
        "EBIT": 21,
        "Net Income": 16
    },
    "2015-03-31": {
        "Diluted EPS": 0.47,
        "Total Revenue": 204,
        "Gross Profit": 68,
        "Operating Income": 55,
        "EBIT": 58,
        "Net Income": 50
    },
    "2014-12-31": {
        "Diluted EPS": -0.13,
        "Total Revenue": 177,
        "Gross Profit": 1,
        "Operating Income": -9,
        "EBIT": -12,
        "Net Income": -14
    },
    "2014-09-30": {
        "Diluted EPS": -0.06,
        "Total Revenue": 111,
        "Gross Profit": 12,
        "Operating Income": 2,
        "EBIT": 2,
        "Net Income": -6
    },
    "2014-06-30": {
        "Diluted EPS": 0.29,
        "Total Revenue": 119,
        "Gross Profit": 45,
        "Operating Income": 36,
        "EBIT": 37,
        "Net Income": 31
    },
    "2014-03-31": {
        "Diluted EPS": 0.37,
        "Total Revenue": 123,
        "Gross Profit": 52,
        "Operating Income": 42,
        "EBIT": 42,
        "Net Income": 40
    },
    "2013-12-31": {
        "Diluted EPS": 0.77,
        "Total Revenue": 148,
        "Gross Profit": 93,
        "Operating Income": 84,
        "EBIT": 87,
        "Net Income": 81
    },
    "2013-09-30": {
        "Diluted EPS": 0.51,
        "Total Revenue": 121,
        "Gross Profit": 60,
        "Operating Income": 51,
        "EBIT": 50,
        "Net Income": 46
    },
    "2013-06-30": {
        "Diluted EPS": 0.33,
        "Total Revenue": 95,
        "Gross Profit": 35,
        "Operating Income": 27,
        "EBIT": 26,
        "Net Income": 26
    },
    "2013-03-31": {
        "Diluted EPS": 0.93,
        "Total Revenue": 115,
        "Gross Profit": 83,
        "Operating Income": 76,
        "EBIT": 75,
        "Net Income": 74
    },
    "2012-12-31": {
        "Diluted EPS": 0.69,
        "Total Revenue": 106,
        "Gross Profit": 106,
        "Operating Income": 106,
        "EBIT": 105,
        "Net Income": 61
    },
    "2012-09-30": {
        "Diluted EPS": 0.45,
        "Total Revenue": 82,
        "Gross Profit": 46,
        "Operating Income": 40,
        "EBIT": 40,
        "Net Income": 40
    },
    "2012-06-30": {
        "Diluted EPS": -0.4,
        "Total Revenue": -3,
        "Gross Profit": -3,
        "Operating Income": -3,
        "EBIT": -3,
        "Net Income": -31
    },
    "2012-03-31": {
        "Diluted EPS": 0.35,
        "Total Revenue": 48,
        "Gross Profit": 48,
        "Operating Income": 48,
        "EBIT": 48,
        "Net Income": 30
    },
    "2011-12-31": {
        "Diluted EPS": 0.0,
        "Total Revenue": NaN,
        "Gross Profit": NaN,
        "Operating Income": NaN,
        "EBIT": NaN,
        "Net Income": NaN
    },
    "2023-09-30": {
        "Tax Effect Of Unusual Items": 0.0,
        "Tax Rate For Calcs": 0.193426,
        "Net Income From Continuing Operation Net Minority Interest": 61500000.0,
        "Reconciled Depreciation": 2900000.0,
        "EBIT": 98900000.0,
        "Net Interest Income": -19800000.0,
        "Interest Expense": 19800000.0,
        "Normalized Income": 61500000.0,
        "Net Income From Continuing And Discontinued Operation": 61500000.0,
        "Total Expenses": 625300000.0,
        "Diluted Average Shares": 168516508.0,
        "Basic Average Shares": 163738528.0,
        "Diluted EPS": 0.32,
        "Basic EPS": 0.33,
        "Diluted NI Availto Com Stockholders": 57500000.0,
        "Net Income Common Stockholders": 57500000.0,
        "Otherunder Preferred Stock Dividend": NaN,
        "Preferred Stock Dividends": 4000000.0,
        "Net Income": 61500000.0,
        "Minority Interests": -2300000.0,
        "Net Income Including Noncontrolling Interests": 63800000.0,
        "Net Income Continuous Operations": 63800000.0,
        "Tax Provision": 15300000.0,
        "Pretax Income": 79100000.0,
        "Other Income Expense": 21800000.0,
        "Net Non Operating Interest Income Expense": -19800000.0,
        "Interest Expense Non Operating": 19800000.0,
        "Other Operating Expenses": 63400000.0,
        "Depreciation And Amortization In Income Statement": 2900000.0,
        "Amortization": 2900000.0,
        "Total Revenue": 704400000.0,
        "Operating Revenue": 704400000.0,
        "Loss Adjustment Expense": 373100000.0,
        "Net Policyholder Benefits And Claims": 373100000.0
    },
    "2023-12-31": {
        "Tax Effect Of Unusual Items": 0.0,
        "Tax Rate For Calcs": 0.21,
        "Net Income From Continuing Operation Net Minority Interest": 97500000.0,
        "Reconciled Depreciation": 2900000.0,
        "EBIT": 17900000.0,
        "Net Interest Income": -19800000.0,
        "Interest Expense": 19800000.0,
        "Normalized Income": 97500000.0,
        "Net Income From Continuing And Discontinued Operation": 97500000.0,
        "Total Expenses": 628500000.0,
        "Diluted Average Shares": 173609940.0,
        "Basic Average Shares": 166640624.0,
        "Diluted EPS": 0.5,
        "Basic EPS": 0.52,
        "Diluted NI Availto Com Stockholders": 69200000.0,
        "Net Income Common Stockholders": 69200000.0,
        "Otherunder Preferred Stock Dividend": NaN,
        "Preferred Stock Dividends": 4000000.0,
        "Net Income": 97500000.0,
        "Minority Interests": -2200000.0,
        "Net Income Including Noncontrolling Interests": 99700000.0,
        "Net Income Continuous Operations": 99700000.0,
        "Tax Provision": -101600000.0,
        "Pretax Income": -1900000.0,
        "Other Income Expense": 2800000.0,
        "Net Non Operating Interest Income Expense": -19800000.0,
        "Interest Expense Non Operating": 19800000.0,
        "Other Operating Expenses": 64500000.0,
        "Depreciation And Amortization In Income Statement": 2900000.0,
        "Amortization": 2900000.0,
        "Total Revenue": 626600000.0,
        "Operating Revenue": 626600000.0,
        "Loss Adjustment Expense": 365400000.0,
        "Net Policyholder Benefits And Claims": 365400000.0
    },
    "2024-03-31": {
        "Tax Effect Of Unusual Items": 0.0,
        "Tax Rate For Calcs": 0.092,
        "Net Income From Continuing Operation Net Minority Interest": 94800000.0,
        "Reconciled Depreciation": 2900000.0,
        "EBIT": 126100000.0,
        "Net Interest Income": -20500000.0,
        "Interest Expense": 20500000.0,
        "Normalized Income": 94800000.0,
        "Net Income From Continuing And Discontinued Operation": 94800000.0,
        "Total Expenses": 583600000.0,
        "Diluted Average Shares": 174380963.0,
        "Basic Average Shares": 168934114.0,
        "Diluted EPS": 0.49,
        "Basic EPS": 0.5,
        "Diluted NI Availto Com Stockholders": 90800000.0,
        "Net Income Common Stockholders": 90800000.0,
        "Otherunder Preferred Stock Dividend": NaN,
        "Preferred Stock Dividends": 4000000.0,
        "Net Income": 94800000.0,
        "Minority Interests": -1100000.0,
        "Net Income Including Noncontrolling Interests": 95900000.0,
        "Net Income Continuous Operations": 95900000.0,
        "Tax Provision": 9700000.0,
        "Pretax Income": 105600000.0,
        "Other Income Expense": 11900000.0,
        "Net Non Operating Interest Income Expense": -20500000.0,
        "Interest Expense Non Operating": 20500000.0,
        "Other Operating Expenses": 56000000.0,
        "Depreciation And Amortization In Income Statement": 2900000.0,
        "Amortization": 2900000.0,
        "Total Revenue": 687900000.0,
        "Operating Revenue": 687900000.0,
        "Loss Adjustment Expense": 317500000.0,
        "Net Policyholder Benefits And Claims": 317500000.0
    },
    "2024-06-30": {
        "Tax Effect Of Unusual Items": 0.0,
        "Tax Rate For Calcs": 0.109,
        "Net Income From Continuing Operation Net Minority Interest": 113900000.0,
        "Reconciled Depreciation": 3000000.0,
        "EBIT": 144700000.0,
        "Net Interest Income": -15700000.0,
        "Interest Expense": 15700000.0,
        "Normalized Income": 113900000.0,
        "Net Income From Continuing And Discontinued Operation": 113900000.0,
        "Total Expenses": 610700000.0,
        "Diluted Average Shares": 178711254.0,
        "Basic Average Shares": 170173022.0,
        "Diluted EPS": 0.57,
        "Basic EPS": 0.6,
        "Diluted NI Availto Com Stockholders": 102700000.0,
        "Net Income Common Stockholders": 102700000.0,
        "Otherunder Preferred Stock Dividend": 7200000.0,
        "Preferred Stock Dividends": 4000000.0,
        "Net Income": 113900000.0,
        "Minority Interests": -900000.0,
        "Net Income Including Noncontrolling Interests": 114800000.0,
        "Net Income Continuous Operations": 114800000.0,
        "Tax Provision": 14200000.0,
        "Pretax Income": 129000000.0,
        "Other Income Expense": 129500000.0,
        "Net Non Operating Interest Income Expense": -15700000.0,
        "Interest Expense Non Operating": 15700000.0,
        "Other Operating Expenses": 66600000.0,
        "Depreciation And Amortization In Income Statement": 3000000.0,
        "Amortization": 3000000.0,
        "Total Revenue": 739700000.0,
        "Operating Revenue": 739700000.0,
        "Loss Adjustment Expense": 364400000.0,
        "Net Policyholder Benefits And Claims": 364400000.0
    },
    "2024-09-30": {
        "Tax Effect Of Unusual Items": 0.0,
        "Tax Rate For Calcs": 0.216,
        "Net Income From Continuing Operation Net Minority Interest": 8500000.0,
        "Reconciled Depreciation": 3000000.0,
        "EBIT": 24900000.0,
        "Net Interest Income": -13800000.0,
        "Interest Expense": 13800000.0,
        "Normalized Income": 8500000.0,
        "Net Income From Continuing And Discontinued Operation": 8500000.0,
        "Total Expenses": 548100000.0,
        "Diluted Average Shares": 172803298.0,
        "Basic Average Shares": 165659401.0,
        "Diluted EPS": 0.03,
        "Basic EPS": 0.03,
        "Diluted NI Availto Com Stockholders": 4500000.0,
        "Net Income Common Stockholders": 4500000.0,
        "Otherunder Preferred Stock Dividend": NaN,
        "Preferred Stock Dividends": 4000000.0,
        "Net Income": 8500000.0,
        "Minority Interests": -200000.0,
        "Net Income Including Noncontrolling Interests": 8700000.0,
        "Net Income Continuous Operations": 8700000.0,
        "Tax Provision": 2400000.0,
        "Pretax Income": 11100000.0,
        "Other Income Expense": 18100000.0,
        "Net Non Operating Interest Income Expense": -13800000.0,
        "Interest Expense Non Operating": 13800000.0,
        "Other Operating Expenses": 51400000.0,
        "Depreciation And Amortization In Income Statement": 3000000.0,
        "Amortization": 3000000.0,
        "Total Revenue": 559200000.0,
        "Operating Revenue": 559200000.0,
        "Loss Adjustment Expense": 317500000.0,
        "Net Policyholder Benefits And Claims": 317500000.0
    }
}