{
    "2023-06-30": {
        "Tax Effect Of Unusual Items": -36700.668636,
        "Tax Rate For Calcs": 0.264034,
        "Normalized EBITDA": 7758000.0,
        "Total Unusual Items": -139000.0,
        "Total Unusual Items Excluding Goodwill": -139000.0,
        "Net Income From Continuing Operation Net Minority Interest": 4733000.0,
        "Reconciled Depreciation": 1265000.0,
        "Reconciled Cost Of Revenue": 6563000.0,
        "EBITDA": 7619000.0,
        "EBIT": 6354000.0,
        "Net Interest Income": 354000.0,
        "Interest Income": 354000.0,
        "Normalized Income": 4835299.331364,
        "Net Income From Continuing And Discontinued Operation": 4733000.0,
        "Total Expenses": 30109000.0,
        "Rent Expense Supplemental": 4766000.0,
        "Total Operating Income As Reported": 6215000.0,
        "Diluted Average Shares": 20255248.0,
        "Basic Average Shares": 19957786.0,
        "Diluted EPS": 0.23,
        "Basic EPS": 0.24,
        "Diluted NI Availto Com Stockholders": 4733000.0,
        "Net Income Common Stockholders": 4733000.0,
        "Net Income": 4733000.0,
        "Net Income Including Noncontrolling Interests": 4733000.0,
        "Net Income Continuous Operations": 4733000.0,
        "Tax Provision": 1698000.0,
        "Pretax Income": 6431000.0,
        "Other Income Expense": -277000.0,
        "Other Non Operating Income Expenses": -138000.0,
        "Special Income Charges": -139000.0,
        "Write Off": 31000.0,
        "Restructuring And Mergern Acquisition": 108000.0,
        "Net Non Operating Interest Income Expense": 354000.0,
        "Interest Income Non Operating": 354000.0,
        "Operating Income": 6354000.0,
        "Operating Expense": 23382000.0,
        "Other Operating Expenses": 765000.0,
        "Other Taxes": 277000.0,
        "Depreciation Amortization Depletion Income Statement": 1101000.0,
        "Depreciation And Amortization In Income Statement": 1101000.0,
        "Depreciation Income Statement": 1101000.0,
        "Research And Development": 2853000.0,
        "Selling General And Administration": 18386000.0,
        "Selling And Marketing Expense": 4354000.0,
        "General And Administrative Expense": 14032000.0,
        "Other Gand A": 2720000.0,
        "Rent And Landing Fees": 4766000.0,
        "Salaries And Wages": 6546000.0,
        "Gross Profit": 29736000.0,
        "Cost Of Revenue": 6727000.0,
        "Total Revenue": 36463000.0,
        "Operating Revenue": 36463000.0
    },
    "2023-03-31": {
        "Tax Effect Of Unusual Items": 47724.117414,
        "Tax Rate For Calcs": 0.381793,
        "Normalized EBITDA": 5703000.0,
        "Total Unusual Items": 125000.0,
        "Total Unusual Items Excluding Goodwill": 125000.0,
        "Net Income From Continuing Operation Net Minority Interest": 3117000.0,
        "Reconciled Depreciation": 1236000.0,
        "Reconciled Cost Of Revenue": 6372000.0,
        "EBITDA": 5828000.0,
        "EBIT": 4592000.0,
        "Net Interest Income": 272000.0,
        "Interest Income": 272000.0,
        "Normalized Income": 3039724.117414,
        "Net Income From Continuing And Discontinued Operation": 3117000.0,
        "Total Expenses": 28588000.0,
        "Rent Expense Supplemental": 4729000.0,
        "Total Operating Income As Reported": 4717000.0,
        "Diluted Average Shares": 20182692.0,
        "Basic Average Shares": 19897445.0,
        "Diluted EPS": 0.15,
        "Basic EPS": 0.16,
        "Diluted NI Availto Com Stockholders": 3117000.0,
        "Net Income Common Stockholders": 3117000.0,
        "Net Income": 3117000.0,
        "Net Income Including Noncontrolling Interests": 3117000.0,
        "Net Income Continuous Operations": 3117000.0,
        "Tax Provision": 1925000.0,
        "Pretax Income": 5042000.0,
        "Other Income Expense": 178000.0,
        "Other Non Operating Income Expenses": 53000.0,
        "Special Income Charges": 125000.0,
        "Write Off": -135000.0,
        "Restructuring And Mergern Acquisition": 10000.0,
        "Net Non Operating Interest Income Expense": 272000.0,
        "Interest Income Non Operating": 272000.0,
        "Operating Income": 4592000.0,
        "Operating Expense": 22052000.0,
        "Other Operating Expenses": 769000.0,
        "Other Taxes": 262000.0,
        "Depreciation Amortization Depletion Income Statement": 1072000.0,
        "Depreciation And Amortization In Income Statement": 1072000.0,
        "Amortization": NaN,
        "Amortization Of Intangibles Income Statement": NaN,
        "Depreciation Income Statement": 1072000.0,
        "Research And Development": 2493000.0,
        "Selling General And Administration": 17456000.0,
        "Selling And Marketing Expense": 1358000.0,
        "General And Administrative Expense": 16098000.0,
        "Other Gand A": 2482000.0,
        "Rent And Landing Fees": 4729000.0,
        "Salaries And Wages": 8887000.0,
        "Gross Profit": 26644000.0,
        "Cost Of Revenue": 6536000.0,
        "Total Revenue": 33180000.0,
        "Operating Revenue": 33180000.0
    },
    "2022-12-31": {
        "Tax Effect Of Unusual Items": NaN,
        "Tax Rate For Calcs": NaN,
        "Normalized EBITDA": NaN,
        "Total Unusual Items": NaN,
        "Total Unusual Items Excluding Goodwill": NaN,
        "Net Income From Continuing Operation Net Minority Interest": NaN,
        "Reconciled Depreciation": NaN,
        "Reconciled Cost Of Revenue": NaN,
        "EBITDA": NaN,
        "EBIT": NaN,
        "Net Interest Income": NaN,
        "Interest Income": NaN,
        "Normalized Income": NaN,
        "Net Income From Continuing And Discontinued Operation": NaN,
        "Total Expenses": NaN,
        "Rent Expense Supplemental": NaN,
        "Total Operating Income As Reported": NaN,
        "Diluted Average Shares": NaN,
        "Basic Average Shares": NaN,
        "Diluted EPS": NaN,
        "Basic EPS": NaN,
        "Diluted NI Availto Com Stockholders": NaN,
        "Net Income Common Stockholders": NaN,
        "Net Income": NaN,
        "Net Income Including Noncontrolling Interests": NaN,
        "Net Income Continuous Operations": NaN,
        "Tax Provision": NaN,
        "Pretax Income": NaN,
        "Other Income Expense": NaN,
        "Other Non Operating Income Expenses": NaN,
        "Special Income Charges": NaN,
        "Write Off": NaN,
        "Restructuring And Mergern Acquisition": NaN,
        "Net Non Operating Interest Income Expense": NaN,
        "Interest Income Non Operating": NaN,
        "Operating Income": NaN,
        "Operating Expense": NaN,
        "Other Operating Expenses": NaN,
        "Other Taxes": NaN,
        "Depreciation Amortization Depletion Income Statement": NaN,
        "Depreciation And Amortization In Income Statement": NaN,
        "Amortization": 0.0,
        "Amortization Of Intangibles Income Statement": 0.0,
        "Depreciation Income Statement": NaN,
        "Research And Development": NaN,
        "Selling General And Administration": NaN,
        "Selling And Marketing Expense": NaN,
        "General And Administrative Expense": NaN,
        "Other Gand A": NaN,
        "Rent And Landing Fees": NaN,
        "Salaries And Wages": NaN,
        "Gross Profit": NaN,
        "Cost Of Revenue": NaN,
        "Total Revenue": NaN,
        "Operating Revenue": NaN
    },
    "2022-09-30": {
        "Tax Effect Of Unusual Items": NaN,
        "Tax Rate For Calcs": NaN,
        "Normalized EBITDA": NaN,
        "Total Unusual Items": NaN,
        "Total Unusual Items Excluding Goodwill": NaN,
        "Net Income From Continuing Operation Net Minority Interest": NaN,
        "Reconciled Depreciation": NaN,
        "Reconciled Cost Of Revenue": NaN,
        "EBITDA": NaN,
        "EBIT": NaN,
        "Net Interest Income": NaN,
        "Interest Income": NaN,
        "Normalized Income": NaN,
        "Net Income From Continuing And Discontinued Operation": NaN,
        "Total Expenses": NaN,
        "Rent Expense Supplemental": NaN,
        "Total Operating Income As Reported": NaN,
        "Diluted Average Shares": NaN,
        "Basic Average Shares": NaN,
        "Diluted EPS": NaN,
        "Basic EPS": NaN,
        "Diluted NI Availto Com Stockholders": NaN,
        "Net Income Common Stockholders": NaN,
        "Net Income": NaN,
        "Net Income Including Noncontrolling Interests": NaN,
        "Net Income Continuous Operations": NaN,
        "Tax Provision": NaN,
        "Pretax Income": NaN,
        "Other Income Expense": NaN,
        "Other Non Operating Income Expenses": NaN,
        "Special Income Charges": NaN,
        "Write Off": NaN,
        "Restructuring And Mergern Acquisition": NaN,
        "Net Non Operating Interest Income Expense": NaN,
        "Interest Income Non Operating": NaN,
        "Operating Income": NaN,
        "Operating Expense": NaN,
        "Other Operating Expenses": NaN,
        "Other Taxes": NaN,
        "Depreciation Amortization Depletion Income Statement": NaN,
        "Depreciation And Amortization In Income Statement": NaN,
        "Amortization": 0.0,
        "Amortization Of Intangibles Income Statement": 0.0,
        "Depreciation Income Statement": NaN,
        "Research And Development": NaN,
        "Selling General And Administration": NaN,
        "Selling And Marketing Expense": NaN,
        "General And Administrative Expense": NaN,
        "Other Gand A": NaN,
        "Rent And Landing Fees": NaN,
        "Salaries And Wages": NaN,
        "Gross Profit": NaN,
        "Cost Of Revenue": NaN,
        "Total Revenue": NaN,
        "Operating Revenue": NaN
    },
    "2022-06-30": {
        "Tax Effect Of Unusual Items": -117894.131185,
        "Tax Rate For Calcs": 0.261987,
        "Normalized EBITDA": 4183000.0,
        "Total Unusual Items": -450000.0,
        "Total Unusual Items Excluding Goodwill": -450000.0,
        "Net Income From Continuing Operation Net Minority Interest": 1924000.0,
        "Reconciled Depreciation": 871000.0,
        "Reconciled Cost Of Revenue": 6980000.0,
        "EBITDA": 3733000.0,
        "EBIT": 2862000.0,
        "Net Interest Income": 170000.0,
        "Interest Income": 170000.0,
        "Normalized Income": 2256105.868815,
        "Net Income From Continuing And Discontinued Operation": 1924000.0,
        "Total Expenses": 30848000.0,
        "Rent Expense Supplemental": 5324000.0,
        "Total Operating Income As Reported": 2412000.0,
        "Diluted Average Shares": 19807430.0,
        "Basic Average Shares": 19693659.0,
        "Diluted EPS": 0.1,
        "Basic EPS": 0.1,
        "Diluted NI Availto Com Stockholders": 1924000.0,
        "Net Income Common Stockholders": 1924000.0,
        "Net Income": 1924000.0,
        "Net Income Including Noncontrolling Interests": 1924000.0,
        "Net Income Continuous Operations": 1924000.0,
        "Tax Provision": 683000.0,
        "Pretax Income": 2607000.0,
        "Other Income Expense": -425000.0,
        "Other Non Operating Income Expenses": 25000.0,
        "Special Income Charges": -450000.0,
        "Write Off": 170000.0,
        "Impairment Of Capital Assets": NaN,
        "Restructuring And Mergern Acquisition": 450000.0,
        "Net Non Operating Interest Income Expense": 170000.0,
        "Interest Income Non Operating": 170000.0,
        "Operating Income": 2862000.0,
        "Operating Expense": 23868000.0,
        "Other Operating Expenses": 6880000.0,
        "Other Taxes": 254000.0,
        "Depreciation Amortization Depletion Income Statement": 871000.0,
        "Depreciation And Amortization In Income Statement": 871000.0,
        "Amortization": 0.0,
        "Amortization Of Intangibles Income Statement": 0.0,
        "Depreciation Income Statement": 701000.0,
        "Research And Development": 2624000.0,
        "Selling General And Administration": 13493000.0,
        "Selling And Marketing Expense": 3874000.0,
        "General And Administrative Expense": 9619000.0,
        "Other Gand A": 9619000.0,
        "Rent And Landing Fees": 5324000.0,
        "Salaries And Wages": 6786000.0,
        "Gross Profit": 26730000.0,
        "Cost Of Revenue": 6980000.0,
        "Total Revenue": 33710000.0,
        "Operating Revenue": 33710000.0
    },
    "2022-03-31": {
        "Diluted EPS": -0.37,
        "Total Revenue": 34,
        "Gross Profit": 22,
        "Operating Income": -9,
        "EBIT": -8,
        "Net Income": -7
    },
    "2021-12-31": {
        "Diluted EPS": -0.85,
        "Total Revenue": 35,
        "Gross Profit": 26,
        "Operating Income": -21,
        "EBIT": -2,
        "Net Income": -17
    },
    "2021-09-30": {
        "Diluted EPS": -0.13,
        "Total Revenue": 36,
        "Gross Profit": 28,
        "Operating Income": -4,
        "EBIT": -5,
        "Net Income": -2
    },
    "2021-06-30": {
        "Diluted EPS": -0.04,
        "Total Revenue": 36,
        "Gross Profit": 28,
        "Operating Income": -2,
        "EBIT": 5,
        "Net Income": -1
    },
    "2021-03-31": {
        "Diluted EPS": -0.12,
        "Total Revenue": 36,
        "Gross Profit": 28,
        "Operating Income": -2,
        "EBIT": 1,
        "Net Income": -2
    },
    "2020-12-31": {
        "Diluted EPS": -2.44,
        "Total Revenue": 37,
        "Gross Profit": 27,
        "Operating Income": -24,
        "EBIT": 3,
        "Net Income": -47
    },
    "2020-09-30": {
        "Diluted EPS": 0.16,
        "Total Revenue": 38,
        "Gross Profit": 31,
        "Operating Income": 3,
        "EBIT": 5,
        "Net Income": 3
    },
    "2020-06-30": {
        "Diluted EPS": 0.2,
        "Total Revenue": 36,
        "Gross Profit": 30,
        "Operating Income": 3,
        "EBIT": 5,
        "Net Income": 4
    },
    "2020-03-31": {
        "Diluted EPS": -0.24,
        "Total Revenue": 37,
        "Gross Profit": 29,
        "Operating Income": -4,
        "EBIT": -2,
        "Net Income": -5
    },
    "2019-12-31": {
        "Diluted EPS": -0.5,
        "Total Revenue": 40,
        "Gross Profit": 37,
        "Operating Income": -12,
        "EBIT": -1,
        "Net Income": -10
    },
    "2019-09-30": {
        "Diluted EPS": -0.07,
        "Total Revenue": 39,
        "Gross Profit": 32,
        "Operating Income": -3,
        "EBIT": 0,
        "Net Income": -1
    },
    "2019-06-30": {
        "Diluted EPS": -0.03,
        "Total Revenue": 40,
        "Gross Profit": 32,
        "Operating Income": -2,
        "EBIT": 0,
        "Net Income": -1
    },
    "2019-03-31": {
        "Diluted EPS": 0.04,
        "Total Revenue": 42,
        "Gross Profit": 26,
        "Operating Income": 1,
        "EBIT": 3,
        "Net Income": 1
    },
    "2018-12-31": {
        "Diluted EPS": 0.0,
        "Total Revenue": 43,
        "Gross Profit": 42,
        "Operating Income": 0,
        "EBIT": 3,
        "Net Income": 0
    },
    "2018-09-30": {
        "Diluted EPS": -0.04,
        "Total Revenue": 42,
        "Gross Profit": 34,
        "Operating Income": -2,
        "EBIT": 1,
        "Net Income": -1
    },
    "2018-06-30": {
        "Diluted EPS": -0.06,
        "Total Revenue": 41,
        "Gross Profit": 33,
        "Operating Income": -2,
        "EBIT": 0,
        "Net Income": -1
    },
    "2018-03-31": {
        "Diluted EPS": 0.02,
        "Total Revenue": 43,
        "Gross Profit": 27,
        "Operating Income": 1,
        "EBIT": 3,
        "Net Income": 0
    },
    "2017-12-31": {
        "Diluted EPS": -1.06,
        "Total Revenue": 44,
        "Gross Profit": 61,
        "Operating Income": 4,
        "EBIT": 6,
        "Net Income": -21
    },
    "2017-09-30": {
        "Diluted EPS": 0.19,
        "Total Revenue": 44,
        "Gross Profit": 29,
        "Operating Income": 3,
        "EBIT": 6,
        "Net Income": 4
    },
    "2017-06-30": {
        "Diluted EPS": 0.07,
        "Total Revenue": 42,
        "Gross Profit": 27,
        "Operating Income": 2,
        "EBIT": 5,
        "Net Income": 1
    },
    "2017-03-31": {
        "Diluted EPS": 0.04,
        "Total Revenue": 41,
        "Gross Profit": 26,
        "Operating Income": 1,
        "EBIT": 5,
        "Net Income": 1
    },
    "2016-12-31": {
        "Diluted EPS": 0.14,
        "Total Revenue": 44,
        "Gross Profit": 61,
        "Operating Income": 5,
        "EBIT": 8,
        "Net Income": 3
    },
    "2016-09-30": {
        "Diluted EPS": 0.2,
        "Total Revenue": 45,
        "Gross Profit": 29,
        "Operating Income": 6,
        "EBIT": 9,
        "Net Income": 4
    },
    "2016-06-30": {
        "Diluted EPS": 0.17,
        "Total Revenue": 45,
        "Gross Profit": 29,
        "Operating Income": 6,
        "EBIT": 9,
        "Net Income": 3
    },
    "2016-03-31": {
        "Diluted EPS": 0.17,
        "Total Revenue": 45,
        "Gross Profit": 29,
        "Operating Income": 6,
        "EBIT": 9,
        "Net Income": 3
    },
    "2015-12-31": {
        "Diluted EPS": 3.2,
        "Total Revenue": 47,
        "Gross Profit": 39,
        "Operating Income": 7,
        "EBIT": 8,
        "Net Income": 69
    },
    "2015-09-30": {
        "Diluted EPS": 0.2,
        "Total Revenue": 46,
        "Gross Profit": 27,
        "Operating Income": 7,
        "EBIT": 10,
        "Net Income": 4
    },
    "2015-06-30": {
        "Diluted EPS": 0.16,
        "Total Revenue": 48,
        "Gross Profit": 28,
        "Operating Income": 6,
        "EBIT": 10,
        "Net Income": 3
    },
    "2015-03-31": {
        "Diluted EPS": 0.18,
        "Total Revenue": 48,
        "Gross Profit": 28,
        "Operating Income": 6,
        "EBIT": 10,
        "Net Income": 4
    },
    "2014-12-31": {
        "Diluted EPS": 0.34,
        "Total Revenue": 51,
        "Gross Profit": 39,
        "Operating Income": 5,
        "EBIT": 6,
        "Net Income": 7
    },
    "2014-09-30": {
        "Diluted EPS": 0.21,
        "Total Revenue": 50,
        "Gross Profit": 31,
        "Operating Income": 8,
        "EBIT": 13,
        "Net Income": 5
    },
    "2014-06-30": {
        "Diluted EPS": 0.19,
        "Total Revenue": 49,
        "Gross Profit": 30,
        "Operating Income": 7,
        "EBIT": 12,
        "Net Income": 4
    },
    "2014-03-31": {
        "Diluted EPS": 0.22,
        "Total Revenue": 50,
        "Gross Profit": 32,
        "Operating Income": 8,
        "EBIT": 13,
        "Net Income": 5
    },
    "2013-12-31": {
        "Diluted EPS": 0.36,
        "Total Revenue": 55,
        "Gross Profit": 36,
        "Operating Income": 12,
        "EBIT": 14,
        "Net Income": 8
    },
    "2013-09-30": {
        "Diluted EPS": 0.26,
        "Total Revenue": 50,
        "Gross Profit": 31,
        "Operating Income": 10,
        "EBIT": 14,
        "Net Income": 6
    },
    "2013-06-30": {
        "Diluted EPS": 0.31,
        "Total Revenue": 52,
        "Gross Profit": 33,
        "Operating Income": 12,
        "EBIT": 16,
        "Net Income": 7
    },
    "2013-03-31": {
        "Diluted EPS": 0.32,
        "Total Revenue": 53,
        "Gross Profit": 34,
        "Operating Income": 12,
        "EBIT": 16,
        "Net Income": 7
    },
    "2012-12-31": {
        "Diluted EPS": 0.1,
        "Total Revenue": 52,
        "Gross Profit": 29,
        "Operating Income": 5,
        "EBIT": 12,
        "Net Income": 2
    },
    "2012-09-30": {
        "Diluted EPS": 0.36,
        "Total Revenue": 55,
        "Gross Profit": 36,
        "Operating Income": 13,
        "EBIT": 18,
        "Net Income": 8
    },
    "2012-06-30": {
        "Diluted EPS": 0.37,
        "Total Revenue": 56,
        "Gross Profit": 37,
        "Operating Income": 14,
        "EBIT": 18,
        "Net Income": 8
    },
    "2012-03-31": {
        "Diluted EPS": 0.37,
        "Total Revenue": 57,
        "Gross Profit": 38,
        "Operating Income": 14,
        "EBIT": 19,
        "Net Income": 8
    },
    "2011-12-31": {
        "Diluted EPS": 0.62,
        "Total Revenue": 50,
        "Gross Profit": 30,
        "Operating Income": 6,
        "EBIT": 11,
        "Net Income": 14
    },
    "2011-09-30": {
        "Diluted EPS": 0.46,
        "Total Revenue": 61,
        "Gross Profit": 40,
        "Operating Income": 16,
        "EBIT": 22,
        "Net Income": 10
    },
    "2011-06-30": {
        "Diluted EPS": 0.82,
        "Total Revenue": 65,
        "Gross Profit": 42,
        "Operating Income": 16,
        "EBIT": 22,
        "Net Income": 19
    },
    "2011-03-31": {
        "Diluted EPS": 1.82,
        "Total Revenue": 57,
        "Gross Profit": 38,
        "Operating Income": 13,
        "EBIT": 18,
        "Net Income": 41
    },
    "2010-12-31": {
        "Diluted EPS": 1.79,
        "Total Revenue": 55,
        "Gross Profit": 37,
        "Operating Income": 13,
        "EBIT": 17,
        "Net Income": 41
    },
    "2010-09-30": {
        "Diluted EPS": 0.69,
        "Total Revenue": 57,
        "Gross Profit": 39,
        "Operating Income": 16,
        "EBIT": 22,
        "Net Income": 15
    },
    "2010-06-30": {
        "Diluted EPS": 0.58,
        "Total Revenue": 59,
        "Gross Profit": 41,
        "Operating Income": 14,
        "EBIT": 21,
        "Net Income": 13
    },
    "2010-03-31": {
        "Diluted EPS": 0.39,
        "Total Revenue": 63,
        "Gross Profit": 43,
        "Operating Income": 15,
        "EBIT": 22,
        "Net Income": 9
    },
    "2009-12-31": {
        "Diluted EPS": 0.14,
        "Total Revenue": 65,
        "Gross Profit": 44,
        "Operating Income": 12,
        "EBIT": 21,
        "Net Income": 4
    },
    "2009-09-30": {
        "Diluted EPS": 0.4,
        "Total Revenue": 69,
        "Gross Profit": 47,
        "Operating Income": 15,
        "EBIT": 26,
        "Net Income": 9
    },
    "2009-06-30": {
        "Diluted EPS": 1.93,
        "Total Revenue": 75,
        "Gross Profit": 52,
        "Operating Income": 13,
        "EBIT": 24,
        "Net Income": 45
    },
    "2009-03-31": {
        "Diluted EPS": 0.43,
        "Total Revenue": 80,
        "Gross Profit": 55,
        "Operating Income": 17,
        "EBIT": 29,
        "Net Income": 10
    },
    "2023-09-30": {
        "Tax Effect Of Unusual Items": NaN,
        "Tax Rate For Calcs": NaN,
        "Normalized EBITDA": NaN,
        "Total Unusual Items": NaN,
        "Total Unusual Items Excluding Goodwill": NaN,
        "Net Income From Continuing Operation Net Minority Interest": NaN,
        "Reconciled Depreciation": NaN,
        "Reconciled Cost Of Revenue": NaN,
        "EBITDA": NaN,
        "EBIT": NaN,
        "Net Interest Income": NaN,
        "Interest Income": NaN,
        "Normalized Income": NaN,
        "Net Income From Continuing And Discontinued Operation": NaN,
        "Total Expenses": NaN,
        "Rent Expense Supplemental": 4736000.0,
        "Total Operating Income As Reported": NaN,
        "Diluted Average Shares": NaN,
        "Basic Average Shares": NaN,
        "Diluted EPS": NaN,
        "Basic EPS": NaN,
        "Diluted NI Availto Com Stockholders": NaN,
        "Net Income Common Stockholders": NaN,
        "Net Income": NaN,
        "Net Income Including Noncontrolling Interests": NaN,
        "Net Income Continuous Operations": NaN,
        "Tax Provision": NaN,
        "Pretax Income": NaN,
        "Other Income Expense": NaN,
        "Other Non Operating Income Expenses": NaN,
        "Special Income Charges": NaN,
        "Write Off": 27000.0,
        "Restructuring And Mergern Acquisition": NaN,
        "Net Non Operating Interest Income Expense": NaN,
        "Interest Income Non Operating": NaN,
        "Operating Income": NaN,
        "Operating Expense": NaN,
        "Other Operating Expenses": NaN,
        "Other Taxes": 241000.0,
        "Depreciation Amortization Depletion Income Statement": NaN,
        "Depreciation And Amortization In Income Statement": NaN,
        "Depreciation Income Statement": NaN,
        "Research And Development": NaN,
        "Selling General And Administration": NaN,
        "Selling And Marketing Expense": NaN,
        "General And Administrative Expense": NaN,
        "Other Gand A": NaN,
        "Rent And Landing Fees": 4736000.0,
        "Salaries And Wages": 9100000.0,
        "Gross Profit": NaN,
        "Cost Of Revenue": NaN,
        "Total Revenue": NaN,
        "Operating Revenue": NaN
    },
    "2023-12-31": {
        "Tax Effect Of Unusual Items": NaN,
        "Tax Rate For Calcs": NaN,
        "Normalized EBITDA": NaN,
        "Total Unusual Items": NaN,
        "Total Unusual Items Excluding Goodwill": NaN,
        "Net Income From Continuing Operation Net Minority Interest": NaN,
        "Reconciled Depreciation": NaN,
        "Reconciled Cost Of Revenue": NaN,
        "EBITDA": NaN,
        "EBIT": NaN,
        "Net Interest Income": NaN,
        "Interest Income": NaN,
        "Normalized Income": NaN,
        "Net Income From Continuing And Discontinued Operation": NaN,
        "Total Expenses": NaN,
        "Rent Expense Supplemental": 4529000.0,
        "Total Operating Income As Reported": NaN,
        "Diluted Average Shares": NaN,
        "Basic Average Shares": NaN,
        "Diluted EPS": NaN,
        "Basic EPS": NaN,
        "Diluted NI Availto Com Stockholders": NaN,
        "Net Income Common Stockholders": NaN,
        "Net Income": NaN,
        "Net Income Including Noncontrolling Interests": NaN,
        "Net Income Continuous Operations": NaN,
        "Tax Provision": NaN,
        "Pretax Income": NaN,
        "Other Income Expense": NaN,
        "Other Non Operating Income Expenses": NaN,
        "Special Income Charges": NaN,
        "Write Off": 404000.0,
        "Restructuring And Mergern Acquisition": NaN,
        "Net Non Operating Interest Income Expense": NaN,
        "Interest Income Non Operating": NaN,
        "Operating Income": NaN,
        "Operating Expense": NaN,
        "Other Operating Expenses": NaN,
        "Other Taxes": 246000.0,
        "Depreciation Amortization Depletion Income Statement": NaN,
        "Depreciation And Amortization In Income Statement": NaN,
        "Depreciation Income Statement": NaN,
        "Research And Development": NaN,
        "Selling General And Administration": NaN,
        "Selling And Marketing Expense": NaN,
        "General And Administrative Expense": NaN,
        "Other Gand A": NaN,
        "Rent And Landing Fees": 4529000.0,
        "Salaries And Wages": 9336000.0,
        "Gross Profit": NaN,
        "Cost Of Revenue": NaN,
        "Total Revenue": NaN,
        "Operating Revenue": NaN
    },
    "2024-03-31": {
        "Tax Effect Of Unusual Items": NaN,
        "Tax Rate For Calcs": NaN,
        "Normalized EBITDA": NaN,
        "Total Unusual Items": NaN,
        "Total Unusual Items Excluding Goodwill": NaN,
        "Net Income From Continuing Operation Net Minority Interest": NaN,
        "Reconciled Depreciation": NaN,
        "Reconciled Cost Of Revenue": NaN,
        "EBITDA": NaN,
        "EBIT": NaN,
        "Net Interest Income": NaN,
        "Interest Income": NaN,
        "Normalized Income": NaN,
        "Net Income From Continuing And Discontinued Operation": NaN,
        "Total Expenses": NaN,
        "Rent Expense Supplemental": 4466000.0,
        "Total Operating Income As Reported": NaN,
        "Diluted Average Shares": NaN,
        "Basic Average Shares": NaN,
        "Diluted EPS": NaN,
        "Basic EPS": NaN,
        "Diluted NI Availto Com Stockholders": NaN,
        "Net Income Common Stockholders": NaN,
        "Net Income": NaN,
        "Net Income Including Noncontrolling Interests": NaN,
        "Net Income Continuous Operations": NaN,
        "Tax Provision": NaN,
        "Pretax Income": NaN,
        "Other Income Expense": NaN,
        "Other Non Operating Income Expenses": NaN,
        "Special Income Charges": NaN,
        "Write Off": 131000.0,
        "Restructuring And Mergern Acquisition": NaN,
        "Net Non Operating Interest Income Expense": NaN,
        "Interest Income Non Operating": NaN,
        "Operating Income": NaN,
        "Operating Expense": NaN,
        "Other Operating Expenses": NaN,
        "Other Taxes": 242000.0,
        "Depreciation Amortization Depletion Income Statement": NaN,
        "Depreciation And Amortization In Income Statement": NaN,
        "Depreciation Income Statement": NaN,
        "Research And Development": NaN,
        "Selling General And Administration": NaN,
        "Selling And Marketing Expense": NaN,
        "General And Administrative Expense": NaN,
        "Other Gand A": NaN,
        "Rent And Landing Fees": 4466000.0,
        "Salaries And Wages": 9248000.0,
        "Gross Profit": NaN,
        "Cost Of Revenue": NaN,
        "Total Revenue": NaN,
        "Operating Revenue": NaN
    },
    "2024-06-30": {
        "Tax Effect Of Unusual Items": NaN,
        "Tax Rate For Calcs": NaN,
        "Normalized EBITDA": NaN,
        "Total Unusual Items": NaN,
        "Total Unusual Items Excluding Goodwill": NaN,
        "Net Income From Continuing Operation Net Minority Interest": NaN,
        "Reconciled Depreciation": NaN,
        "Reconciled Cost Of Revenue": NaN,
        "EBITDA": NaN,
        "EBIT": NaN,
        "Net Interest Income": NaN,
        "Interest Income": NaN,
        "Normalized Income": NaN,
        "Net Income From Continuing And Discontinued Operation": NaN,
        "Total Expenses": NaN,
        "Rent Expense Supplemental": 4464000.0,
        "Total Operating Income As Reported": NaN,
        "Diluted Average Shares": NaN,
        "Basic Average Shares": NaN,
        "Diluted EPS": NaN,
        "Basic EPS": NaN,
        "Diluted NI Availto Com Stockholders": NaN,
        "Net Income Common Stockholders": NaN,
        "Net Income": NaN,
        "Net Income Including Noncontrolling Interests": NaN,
        "Net Income Continuous Operations": NaN,
        "Tax Provision": NaN,
        "Pretax Income": NaN,
        "Other Income Expense": NaN,
        "Other Non Operating Income Expenses": NaN,
        "Special Income Charges": NaN,
        "Write Off": -138000.0,
        "Restructuring And Mergern Acquisition": NaN,
        "Net Non Operating Interest Income Expense": NaN,
        "Interest Income Non Operating": NaN,
        "Operating Income": NaN,
        "Operating Expense": NaN,
        "Other Operating Expenses": NaN,
        "Other Taxes": 231000.0,
        "Depreciation Amortization Depletion Income Statement": NaN,
        "Depreciation And Amortization In Income Statement": NaN,
        "Depreciation Income Statement": 892000.0,
        "Research And Development": NaN,
        "Selling General And Administration": NaN,
        "Selling And Marketing Expense": NaN,
        "General And Administrative Expense": NaN,
        "Other Gand A": NaN,
        "Rent And Landing Fees": 4464000.0,
        "Salaries And Wages": 6441000.0,
        "Gross Profit": NaN,
        "Cost Of Revenue": NaN,
        "Total Revenue": NaN,
        "Operating Revenue": NaN
    },
    "2024-09-30": {
        "Tax Effect Of Unusual Items": -109073.786408,
        "Tax Rate For Calcs": 0.28932,
        "Normalized EBITDA": 6790000.0,
        "Total Unusual Items": -377000.0,
        "Total Unusual Items Excluding Goodwill": -377000.0,
        "Net Income From Continuing Operation Net Minority Interest": 3660000.0,
        "Reconciled Depreciation": 1075000.0,
        "Reconciled Cost Of Revenue": 6959000.0,
        "EBITDA": 6413000.0,
        "EBIT": 5338000.0,
        "Net Interest Income": 264000.0,
        "Interest Income": 264000.0,
        "Normalized Income": 3927926.213592,
        "Net Income From Continuing And Discontinued Operation": 3660000.0,
        "Total Expenses": 29532000.0,
        "Rent Expense Supplemental": 4403000.0,
        "Total Operating Income As Reported": 4961000.0,
        "Diluted Average Shares": 20523873.0,
        "Basic Average Shares": 20264055.0,
        "Diluted EPS": 0.18,
        "Basic EPS": 0.18,
        "Diluted NI Availto Com Stockholders": 3660000.0,
        "Net Income Common Stockholders": 3660000.0,
        "Net Income": 3660000.0,
        "Net Income Including Noncontrolling Interests": 3660000.0,
        "Net Income Continuous Operations": 3660000.0,
        "Tax Provision": 1490000.0,
        "Pretax Income": 5150000.0,
        "Other Income Expense": -452000.0,
        "Other Non Operating Income Expenses": -75000.0,
        "Special Income Charges": -377000.0,
        "Write Off": 52000.0,
        "Restructuring And Mergern Acquisition": 325000.0,
        "Net Non Operating Interest Income Expense": 264000.0,
        "Interest Income Non Operating": 264000.0,
        "Operating Income": 5338000.0,
        "Operating Expense": 22399000.0,
        "Other Operating Expenses": 833000.0,
        "Other Taxes": 314000.0,
        "Depreciation Amortization Depletion Income Statement": 901000.0,
        "Depreciation And Amortization In Income Statement": 901000.0,
        "Depreciation Income Statement": 901000.0,
        "Research And Development": 2831000.0,
        "Selling General And Administration": 17520000.0,
        "Selling And Marketing Expense": 1228000.0,
        "General And Administrative Expense": 16292000.0,
        "Other Gand A": 2821000.0,
        "Rent And Landing Fees": 4403000.0,
        "Salaries And Wages": 9068000.0,
        "Gross Profit": 27737000.0,
        "Cost Of Revenue": 7133000.0,
        "Total Revenue": 34870000.0,
        "Operating Revenue": 34870000.0
    },
    "2024-12-31": {
        "Tax Effect Of Unusual Items": 10689.03437,
        "Tax Rate For Calcs": 0.254501,
        "Normalized EBITDA": 6015000.0,
        "Total Unusual Items": 42000.0,
        "Total Unusual Items Excluding Goodwill": 42000.0,
        "Net Income From Continuing Operation Net Minority Interest": 3644000.0,
        "Reconciled Depreciation": 938000.0,
        "Reconciled Cost Of Revenue": 7518000.0,
        "EBITDA": 6057000.0,
        "EBIT": 4596000.0,
        "Net Interest Income": 245000.0,
        "Interest Income": 245000.0,
        "Normalized Income": 3612689.03437,
        "Net Income From Continuing And Discontinued Operation": 3644000.0,
        "Total Expenses": 29296000.0,
        "Rent Expense Supplemental": NaN,
        "Total Operating Income As Reported": 4638000.0,
        "Diluted Average Shares": 20577508.0,
        "Basic Average Shares": 20276596.0,
        "Diluted EPS": 0.18,
        "Basic EPS": 0.18,
        "Diluted NI Availto Com Stockholders": 3644000.0,
        "Net Income Common Stockholders": 3644000.0,
        "Net Income": 3644000.0,
        "Net Income Including Noncontrolling Interests": 3644000.0,
        "Net Income Continuous Operations": 3644000.0,
        "Tax Provision": 1244000.0,
        "Pretax Income": 4888000.0,
        "Other Income Expense": 47000.0,
        "Other Non Operating Income Expenses": 5000.0,
        "Special Income Charges": 42000.0,
        "Write Off": NaN,
        "Restructuring And Mergern Acquisition": 3000.0,
        "Net Non Operating Interest Income Expense": 245000.0,
        "Interest Income Non Operating": 245000.0,
        "Operating Income": 4596000.0,
        "Operating Expense": 22301000.0,
        "Other Operating Expenses": 22000000.0,
        "Other Taxes": NaN,
        "Depreciation Amortization Depletion Income Statement": 1461000.0,
        "Depreciation And Amortization In Income Statement": 1461000.0,
        "Depreciation Income Statement": NaN,
        "Research And Development": 2590000.0,
        "Selling General And Administration": -2963000.0,
        "Selling And Marketing Expense": 12381000.0,
        "General And Administrative Expense": -15344000.0,
        "Other Gand A": 25445000.0,
        "Rent And Landing Fees": NaN,
        "Salaries And Wages": NaN,
        "Gross Profit": 26897000.0,
        "Cost Of Revenue": 6995000.0,
        "Total Revenue": 33892000.0,
        "Operating Revenue": 33892000.0
    },
    "2025-03-31": {
        "Tax Effect Of Unusual Items": -9680.619907,
        "Tax Rate For Calcs": 0.169835,
        "Normalized EBITDA": 6991000.0,
        "Total Unusual Items": -57000.0,
        "Total Unusual Items Excluding Goodwill": -57000.0,
        "Net Income From Continuing Operation Net Minority Interest": 5196000.0,
        "Reconciled Depreciation": 859000.0,
        "Reconciled Cost Of Revenue": 7190000.0,
        "EBITDA": 6934000.0,
        "EBIT": 6075000.0,
        "Net Interest Income": 219000.0,
        "Interest Income": 219000.0,
        "Normalized Income": 5243319.380093,
        "Net Income From Continuing And Discontinued Operation": 5196000.0,
        "Total Expenses": 30219000.0,
        "Rent Expense Supplemental": NaN,
        "Total Operating Income As Reported": 6018000.0,
        "Diluted Average Shares": 20656794.0,
        "Basic Average Shares": 20440306.0,
        "Diluted EPS": 0.25,
        "Basic EPS": 0.25,
        "Diluted NI Availto Com Stockholders": 5196000.0,
        "Net Income Common Stockholders": 5196000.0,
        "Net Income": 5196000.0,
        "Net Income Including Noncontrolling Interests": 5196000.0,
        "Net Income Continuous Operations": 5196000.0,
        "Tax Provision": 1063000.0,
        "Pretax Income": 6259000.0,
        "Other Income Expense": -35000.0,
        "Other Non Operating Income Expenses": 22000.0,
        "Special Income Charges": -57000.0,
        "Write Off": NaN,
        "Restructuring And Mergern Acquisition": 57000.0,
        "Net Non Operating Interest Income Expense": 219000.0,
        "Interest Income Non Operating": 219000.0,
        "Operating Income": 6075000.0,
        "Operating Expense": 23007000.0,
        "Other Operating Expenses": 5872000.0,
        "Other Taxes": NaN,
        "Depreciation Amortization Depletion Income Statement": 837000.0,
        "Depreciation And Amortization In Income Statement": 837000.0,
        "Depreciation Income Statement": 837000.0,
        "Research And Development": 3055000.0,
        "Selling General And Administration": 13243000.0,
        "Selling And Marketing Expense": 4845000.0,
        "General And Administrative Expense": 8398000.0,
        "Other Gand A": 8398000.0,
        "Rent And Landing Fees": NaN,
        "Salaries And Wages": NaN,
        "Gross Profit": 29082000.0,
        "Cost Of Revenue": 7212000.0,
        "Total Revenue": 36294000.0,
        "Operating Revenue": 36294000.0
    },
    "2025-06-30": {
        "Tax Effect Of Unusual Items": -5734.879348,
        "Tax Rate For Calcs": 0.286744,
        "Normalized EBITDA": 6286000.0,
        "Total Unusual Items": -20000.0,
        "Total Unusual Items Excluding Goodwill": -20000.0,
        "Net Income From Continuing Operation Net Minority Interest": 4552000.0,
        "Reconciled Depreciation": 854000.0,
        "Reconciled Cost Of Revenue": 7308000.0,
        "EBITDA": 6266000.0,
        "EBIT": 5412000.0,
        "Net Interest Income": 256000.0,
        "Interest Income": 256000.0,
        "Normalized Income": 4566265.120652,
        "Net Income From Continuing And Discontinued Operation": 4552000.0,
        "Total Expenses": 30274000.0,
        "Rent Expense Supplemental": NaN,
        "Total Operating Income As Reported": 5392000.0,
        "Diluted Average Shares": 20750971.0,
        "Basic Average Shares": 20580044.0,
        "Diluted EPS": 0.22,
        "Basic EPS": 0.22,
        "Diluted NI Availto Com Stockholders": 4552000.0,
        "Net Income Common Stockholders": 4552000.0,
        "Net Income": 4552000.0,
        "Net Income Including Noncontrolling Interests": 4552000.0,
        "Net Income Continuous Operations": 4552000.0,
        "Tax Provision": 1830000.0,
        "Pretax Income": 6382000.0,
        "Other Income Expense": 714000.0,
        "Other Non Operating Income Expenses": 734000.0,
        "Special Income Charges": -20000.0,
        "Write Off": NaN,
        "Restructuring And Mergern Acquisition": 20000.0,
        "Net Non Operating Interest Income Expense": 256000.0,
        "Interest Income Non Operating": 256000.0,
        "Operating Income": 5412000.0,
        "Operating Expense": 22943000.0,
        "Other Operating Expenses": 5918000.0,
        "Other Taxes": NaN,
        "Depreciation Amortization Depletion Income Statement": 831000.0,
        "Depreciation And Amortization In Income Statement": 831000.0,
        "Depreciation Income Statement": 831000.0,
        "Research And Development": 3024000.0,
        "Selling General And Administration": 13170000.0,
        "Selling And Marketing Expense": 4267000.0,
        "General And Administrative Expense": 8903000.0,
        "Other Gand A": 8903000.0,
        "Rent And Landing Fees": NaN,
        "Salaries And Wages": NaN,
        "Gross Profit": 28355000.0,
        "Cost Of Revenue": 7331000.0,
        "Total Revenue": 35686000.0,
        "Operating Revenue": 35686000.0
    },
    "2025-09-30": {
        "Tax Effect Of Unusual Items": -51412.008734,
        "Tax Rate For Calcs": 0.300655,
        "Normalized EBITDA": 5559000.0,
        "Total Unusual Items": -171000.0,
        "Total Unusual Items Excluding Goodwill": -171000.0,
        "Net Income From Continuing Operation Net Minority Interest": 3203000.0,
        "Reconciled Depreciation": 858000.0,
        "Reconciled Cost Of Revenue": 7337000.0,
        "EBITDA": 5388000.0,
        "EBIT": 4530000.0,
        "Net Interest Income": 193000.0,
        "Interest Income": 193000.0,
        "Normalized Income": 3322587.991266,
        "Net Income From Continuing And Discontinued Operation": 3203000.0,
        "Total Expenses": 29337000.0,
        "Rent Expense Supplemental": NaN,
        "Total Operating Income As Reported": 4359000.0,
        "Diluted Average Shares": 21029219.0,
        "Basic Average Shares": 20590924.0,
        "Diluted EPS": 0.15,
        "Basic EPS": 0.16,
        "Diluted NI Availto Com Stockholders": 3203000.0,
        "Net Income Common Stockholders": 3203000.0,
        "Net Income": 3203000.0,
        "Net Income Including Noncontrolling Interests": 3203000.0,
        "Net Income Continuous Operations": 3203000.0,
        "Tax Provision": 1377000.0,
        "Pretax Income": 4580000.0,
        "Other Income Expense": -143000.0,
        "Other Non Operating Income Expenses": 28000.0,
        "Special Income Charges": -171000.0,
        "Write Off": NaN,
        "Restructuring And Mergern Acquisition": 171000.0,
        "Net Non Operating Interest Income Expense": 193000.0,
        "Interest Income Non Operating": 193000.0,
        "Operating Income": 4530000.0,
        "Operating Expense": 21978000.0,
        "Other Operating Expenses": 5708000.0,
        "Other Taxes": NaN,
        "Depreciation Amortization Depletion Income Statement": 836000.0,
        "Depreciation And Amortization In Income Statement": 836000.0,
        "Depreciation Income Statement": 836000.0,
        "Research And Development": 2993000.0,
        "Selling General And Administration": 12441000.0,
        "Selling And Marketing Expense": 4151000.0,
        "General And Administrative Expense": 8290000.0,
        "Other Gand A": 8290000.0,
        "Rent And Landing Fees": NaN,
        "Salaries And Wages": NaN,
        "Gross Profit": 26508000.0,
        "Cost Of Revenue": 7359000.0,
        "Total Revenue": 33867000.0,
        "Operating Revenue": 33867000.0
    }
}