{
    "2023-03-31": {
        "Tax Effect Of Unusual Items": NaN,
        "Tax Rate For Calcs": NaN,
        "Normalized EBITDA": NaN,
        "Net Income From Continuing Operation Net Minority Interest": NaN,
        "Reconciled Depreciation": NaN,
        "EBITDA": NaN,
        "EBIT": NaN,
        "Normalized Income": NaN,
        "Net Income From Continuing And Discontinued Operation": NaN,
        "Total Expenses": NaN,
        "Total Operating Income As Reported": NaN,
        "Diluted Average Shares": 94227313.0,
        "Basic Average Shares": 94227313.0,
        "Diluted EPS": -0.16,
        "Basic EPS": -0.16,
        "Diluted NI Availto Com Stockholders": NaN,
        "Net Income Common Stockholders": NaN,
        "Net Income": NaN,
        "Net Income Including Noncontrolling Interests": NaN,
        "Net Income Continuous Operations": NaN,
        "Pretax Income": NaN,
        "Other Income Expense": NaN,
        "Other Non Operating Income Expenses": NaN,
        "Operating Income": NaN,
        "Operating Expense": NaN,
        "Research And Development": NaN,
        "Selling General And Administration": NaN,
        "General And Administrative Expense": NaN,
        "Other Gand A": NaN,
        "Total Revenue": NaN,
        "Operating Revenue": NaN
    },
    "2022-06-30": {
        "Tax Effect Of Unusual Items": 0.0,
        "Tax Rate For Calcs": 0.0,
        "Normalized EBITDA": -6344000.0,
        "Net Income From Continuing Operation Net Minority Interest": -6420000.0,
        "Reconciled Depreciation": -37000.0,
        "EBITDA": -6344000.0,
        "EBIT": -6344000.0,
        "Normalized Income": -6420000.0,
        "Net Income From Continuing And Discontinued Operation": -6420000.0,
        "Total Expenses": 6808000.0,
        "Total Operating Income As Reported": -6344000.0,
        "Diluted Average Shares": 93770165.0,
        "Basic Average Shares": 93770165.0,
        "Diluted EPS": -0.068465,
        "Basic EPS": -0.068465,
        "Diluted NI Availto Com Stockholders": -6420000.0,
        "Net Income Common Stockholders": -6420000.0,
        "Net Income": -6420000.0,
        "Net Income Including Noncontrolling Interests": -6420000.0,
        "Net Income Continuous Operations": -6420000.0,
        "Pretax Income": -6420000.0,
        "Other Income Expense": -76000.0,
        "Other Non Operating Income Expenses": -76000.0,
        "Operating Income": -6344000.0,
        "Operating Expense": 6808000.0,
        "Research And Development": 4350000.0,
        "Selling General And Administration": 2458000.0,
        "General And Administrative Expense": 2458000.0,
        "Other Gand A": 2458000.0,
        "Total Revenue": 464000.0,
        "Operating Revenue": 464000.0
    },
    "2022-12-31": {
        "Tax Effect Of Unusual Items": 0.0,
        "Tax Rate For Calcs": 0.0,
        "Normalized EBITDA": -15144000.0,
        "Net Income From Continuing Operation Net Minority Interest": -14429000.0,
        "Reconciled Depreciation": 299000.0,
        "EBITDA": -15144000.0,
        "EBIT": -15443000.0,
        "Normalized Income": -14429000.0,
        "Net Income From Continuing And Discontinued Operation": -14429000.0,
        "Total Expenses": 15443000.0,
        "Total Operating Income As Reported": -15443000.0,
        "Diluted Average Shares": NaN,
        "Basic Average Shares": NaN,
        "Diluted EPS": NaN,
        "Basic EPS": NaN,
        "Diluted NI Availto Com Stockholders": -14429000.0,
        "Net Income Common Stockholders": -14429000.0,
        "Net Income": -14429000.0,
        "Net Income Including Noncontrolling Interests": -14429000.0,
        "Net Income Continuous Operations": -14429000.0,
        "Pretax Income": -14429000.0,
        "Other Income Expense": 1014000.0,
        "Other Non Operating Income Expenses": 1154000.0,
        "Operating Income": -15443000.0,
        "Operating Expense": 15443000.0,
        "Research And Development": 4710000.0,
        "Selling General And Administration": 10733000.0,
        "General And Administrative Expense": 10733000.0,
        "Other Gand A": 10733000.0,
        "Total Revenue": 0.0,
        "Operating Revenue": 0.0
    },
    "2022-09-30": {
        "Tax Effect Of Unusual Items": NaN,
        "Tax Rate For Calcs": NaN,
        "Normalized EBITDA": NaN,
        "Net Income From Continuing Operation Net Minority Interest": NaN,
        "Reconciled Depreciation": NaN,
        "EBITDA": NaN,
        "EBIT": NaN,
        "Normalized Income": NaN,
        "Net Income From Continuing And Discontinued Operation": NaN,
        "Total Expenses": NaN,
        "Total Operating Income As Reported": NaN,
        "Diluted Average Shares": 93770165.0,
        "Basic Average Shares": 93770165.0,
        "Diluted EPS": -0.070204,
        "Basic EPS": -0.070204,
        "Diluted NI Availto Com Stockholders": NaN,
        "Net Income Common Stockholders": NaN,
        "Net Income": NaN,
        "Net Income Including Noncontrolling Interests": NaN,
        "Net Income Continuous Operations": NaN,
        "Pretax Income": NaN,
        "Other Income Expense": NaN,
        "Other Non Operating Income Expenses": NaN,
        "Operating Income": NaN,
        "Operating Expense": NaN,
        "Research And Development": NaN,
        "Selling General And Administration": NaN,
        "General And Administrative Expense": NaN,
        "Other Gand A": NaN,
        "Total Revenue": NaN,
        "Operating Revenue": NaN
    },
    "2022-03-31": {
        "Diluted EPS": -0.24,
        "Total Revenue": 1,
        "Gross Profit": 1,
        "Operating Income": -7,
        "EBIT": -7,
        "Net Income": -7
    },
    "2021-12-31": {
        "Diluted EPS": 1.19,
        "Total Revenue": NaN,
        "Gross Profit": NaN,
        "Operating Income": 41,
        "EBIT": 41,
        "Net Income": 46
    },
    "2021-09-30": {
        "Diluted EPS": -0.65,
        "Total Revenue": NaN,
        "Gross Profit": NaN,
        "Operating Income": -23,
        "EBIT": -22,
        "Net Income": -23
    },
    "2021-06-30": {
        "Diluted EPS": -0.7,
        "Total Revenue": NaN,
        "Gross Profit": NaN,
        "Operating Income": -25,
        "EBIT": -24,
        "Net Income": -24
    },
    "2021-03-31": {
        "Diluted EPS": -0.54,
        "Total Revenue": NaN,
        "Gross Profit": NaN,
        "Operating Income": -19,
        "EBIT": -19,
        "Net Income": -19
    },
    "2020-12-31": {
        "Diluted EPS": -1.37,
        "Total Revenue": NaN,
        "Gross Profit": NaN,
        "Operating Income": -13,
        "EBIT": -13,
        "Net Income": -13
    },
    "2020-09-30": {
        "Diluted EPS": -11.97,
        "Total Revenue": NaN,
        "Gross Profit": NaN,
        "Operating Income": -8,
        "EBIT": -8,
        "Net Income": -8
    },
    "2020-06-30": {
        "Diluted EPS": -9.65,
        "Total Revenue": NaN,
        "Gross Profit": NaN,
        "Operating Income": -6,
        "EBIT": -6,
        "Net Income": -6
    },
    "2020-03-31": {
        "Diluted EPS": -7.89,
        "Total Revenue": NaN,
        "Gross Profit": NaN,
        "Operating Income": -5,
        "EBIT": -5,
        "Net Income": -5
    },
    "2019-12-31": {
        "Diluted EPS": 0.0,
        "Total Revenue": NaN,
        "Gross Profit": NaN,
        "Operating Income": NaN,
        "EBIT": NaN,
        "Net Income": NaN
    },
    "2023-06-30": {
        "Tax Effect Of Unusual Items": NaN,
        "Tax Rate For Calcs": NaN,
        "Normalized EBITDA": NaN,
        "Net Income From Continuing Operation Net Minority Interest": NaN,
        "Reconciled Depreciation": NaN,
        "Reconciled Cost Of Revenue": NaN,
        "EBITDA": NaN,
        "EBIT": NaN,
        "Normalized Income": NaN,
        "Net Income From Continuing And Discontinued Operation": NaN,
        "Total Expenses": NaN,
        "Total Operating Income As Reported": NaN,
        "Diluted Average Shares": 94911268.0,
        "Basic Average Shares": 94911268.0,
        "Diluted EPS": -0.18,
        "Basic EPS": -0.18,
        "Diluted NI Availto Com Stockholders": NaN,
        "Net Income Common Stockholders": NaN,
        "Net Income": NaN,
        "Net Income Including Noncontrolling Interests": NaN,
        "Net Income Continuous Operations": NaN,
        "Pretax Income": NaN,
        "Other Income Expense": NaN,
        "Other Non Operating Income Expenses": NaN,
        "Operating Income": NaN,
        "Operating Expense": NaN,
        "Research And Development": NaN,
        "Selling General And Administration": NaN,
        "General And Administrative Expense": NaN,
        "Other Gand A": NaN,
        "Gross Profit": NaN,
        "Cost Of Revenue": NaN,
        "Total Revenue": NaN,
        "Operating Revenue": NaN
    },
    "2023-09-30": {
        "Tax Effect Of Unusual Items": NaN,
        "Tax Rate For Calcs": NaN,
        "Normalized EBITDA": NaN,
        "Net Income From Continuing Operation Net Minority Interest": NaN,
        "Reconciled Depreciation": NaN,
        "Reconciled Cost Of Revenue": 0.0,
        "EBITDA": NaN,
        "EBIT": NaN,
        "Normalized Income": NaN,
        "Net Income From Continuing And Discontinued Operation": NaN,
        "Total Expenses": NaN,
        "Total Operating Income As Reported": NaN,
        "Diluted Average Shares": 95576627.0,
        "Basic Average Shares": 95576627.0,
        "Diluted EPS": -0.16,
        "Basic EPS": -0.16,
        "Diluted NI Availto Com Stockholders": NaN,
        "Net Income Common Stockholders": NaN,
        "Net Income": NaN,
        "Net Income Including Noncontrolling Interests": NaN,
        "Net Income Continuous Operations": NaN,
        "Pretax Income": NaN,
        "Other Income Expense": NaN,
        "Other Non Operating Income Expenses": NaN,
        "Operating Income": NaN,
        "Operating Expense": NaN,
        "Research And Development": NaN,
        "Selling General And Administration": NaN,
        "General And Administrative Expense": 14976000.0,
        "Other Gand A": 14976000.0,
        "Gross Profit": 0.0,
        "Cost Of Revenue": 0.0,
        "Total Revenue": NaN,
        "Operating Revenue": NaN
    },
    "2023-12-31": {
        "Tax Effect Of Unusual Items": NaN,
        "Tax Rate For Calcs": NaN,
        "Normalized EBITDA": NaN,
        "Net Income From Continuing Operation Net Minority Interest": NaN,
        "Reconciled Depreciation": NaN,
        "Reconciled Cost Of Revenue": NaN,
        "EBITDA": NaN,
        "EBIT": NaN,
        "Normalized Income": NaN,
        "Net Income From Continuing And Discontinued Operation": NaN,
        "Total Expenses": NaN,
        "Total Operating Income As Reported": NaN,
        "Diluted Average Shares": NaN,
        "Basic Average Shares": NaN,
        "Diluted EPS": NaN,
        "Basic EPS": NaN,
        "Diluted NI Availto Com Stockholders": NaN,
        "Net Income Common Stockholders": NaN,
        "Net Income": NaN,
        "Net Income Including Noncontrolling Interests": NaN,
        "Net Income Continuous Operations": NaN,
        "Pretax Income": NaN,
        "Other Income Expense": NaN,
        "Other Non Operating Income Expenses": NaN,
        "Operating Income": NaN,
        "Operating Expense": NaN,
        "Research And Development": NaN,
        "Selling General And Administration": NaN,
        "General And Administrative Expense": 6822000.0,
        "Other Gand A": 6822000.0,
        "Gross Profit": NaN,
        "Cost Of Revenue": NaN,
        "Total Revenue": NaN,
        "Operating Revenue": NaN
    },
    "2024-03-31": {
        "Tax Effect Of Unusual Items": 0.0,
        "Tax Rate For Calcs": 0.0,
        "Normalized EBITDA": -13192000.0,
        "Net Income From Continuing Operation Net Minority Interest": -10292000.0,
        "Reconciled Depreciation": -1969000.0,
        "Reconciled Cost Of Revenue": 0.0,
        "EBITDA": -13192000.0,
        "EBIT": -13192000.0,
        "Normalized Income": -10292000.0,
        "Net Income From Continuing And Discontinued Operation": -10292000.0,
        "Total Expenses": 13192000.0,
        "Total Operating Income As Reported": -13192000.0,
        "Diluted Average Shares": 96486480.0,
        "Basic Average Shares": 96486480.0,
        "Diluted EPS": -0.11,
        "Basic EPS": -0.11,
        "Diluted NI Availto Com Stockholders": -10292000.0,
        "Net Income Common Stockholders": -10292000.0,
        "Net Income": -10292000.0,
        "Net Income Including Noncontrolling Interests": -10292000.0,
        "Net Income Continuous Operations": -10292000.0,
        "Pretax Income": -10292000.0,
        "Other Income Expense": 2900000.0,
        "Other Non Operating Income Expenses": 2900000.0,
        "Operating Income": -13192000.0,
        "Operating Expense": 13192000.0,
        "Research And Development": 5234000.0,
        "Selling General And Administration": 7958000.0,
        "General And Administrative Expense": 7958000.0,
        "Other Gand A": 7958000.0,
        "Gross Profit": 0.0,
        "Cost Of Revenue": 0.0,
        "Total Revenue": 0.0,
        "Operating Revenue": 0.0
    },
    "2024-06-30": {
        "Tax Effect Of Unusual Items": 0.0,
        "Tax Rate For Calcs": 0.0,
        "Normalized EBITDA": -15340000.0,
        "Net Income From Continuing Operation Net Minority Interest": -12516000.0,
        "Reconciled Depreciation": -1886000.0,
        "Reconciled Cost Of Revenue": NaN,
        "EBITDA": -15340000.0,
        "EBIT": -15340000.0,
        "Normalized Income": -12516000.0,
        "Net Income From Continuing And Discontinued Operation": -12516000.0,
        "Total Expenses": 15840000.0,
        "Total Operating Income As Reported": -15340000.0,
        "Diluted Average Shares": 96827687.0,
        "Basic Average Shares": 96827687.0,
        "Diluted EPS": -0.13,
        "Basic EPS": -0.13,
        "Diluted NI Availto Com Stockholders": -12516000.0,
        "Net Income Common Stockholders": -12516000.0,
        "Net Income": -12516000.0,
        "Net Income Including Noncontrolling Interests": -12516000.0,
        "Net Income Continuous Operations": -12516000.0,
        "Pretax Income": -12516000.0,
        "Other Income Expense": 2824000.0,
        "Other Non Operating Income Expenses": 2824000.0,
        "Operating Income": -15340000.0,
        "Operating Expense": 15840000.0,
        "Research And Development": 6896000.0,
        "Selling General And Administration": 8944000.0,
        "General And Administrative Expense": 8944000.0,
        "Other Gand A": 8944000.0,
        "Gross Profit": NaN,
        "Cost Of Revenue": NaN,
        "Total Revenue": 500000.0,
        "Operating Revenue": 500000.0
    },
    "2024-09-30": {
        "Tax Effect Of Unusual Items": 0.0,
        "Tax Rate For Calcs": 0.0,
        "Normalized EBITDA": -21748000.0,
        "Net Income From Continuing Operation Net Minority Interest": -19128000.0,
        "Reconciled Depreciation": -1805000.0,
        "Reconciled Cost Of Revenue": 112000.0,
        "EBITDA": -21748000.0,
        "EBIT": -21748000.0,
        "Normalized Income": -19128000.0,
        "Net Income From Continuing And Discontinued Operation": -19128000.0,
        "Total Expenses": 23816000.0,
        "Total Operating Income As Reported": -21748000.0,
        "Diluted Average Shares": 97032331.0,
        "Basic Average Shares": 97032331.0,
        "Diluted EPS": -0.2,
        "Basic EPS": -0.2,
        "Diluted NI Availto Com Stockholders": -19128000.0,
        "Net Income Common Stockholders": -19128000.0,
        "Net Income": -19128000.0,
        "Net Income Including Noncontrolling Interests": -19128000.0,
        "Net Income Continuous Operations": -19128000.0,
        "Pretax Income": -19128000.0,
        "Other Income Expense": 2620000.0,
        "Other Non Operating Income Expenses": 2620000.0,
        "Operating Income": -21748000.0,
        "Operating Expense": 23704000.0,
        "Research And Development": 4423000.0,
        "Selling General And Administration": 19281000.0,
        "General And Administrative Expense": 19281000.0,
        "Other Gand A": 19281000.0,
        "Gross Profit": 1956000.0,
        "Cost Of Revenue": 112000.0,
        "Total Revenue": 2068000.0,
        "Operating Revenue": 2068000.0
    },
    "2024-12-31": {
        "Tax Effect Of Unusual Items": 0.0,
        "Tax Rate For Calcs": 0.21,
        "Normalized EBITDA": 47197000.0,
        "Net Income From Continuing Operation Net Minority Interest": 49934000.0,
        "Reconciled Depreciation": -1515000.0,
        "Reconciled Cost Of Revenue": 865000.0,
        "EBITDA": 47197000.0,
        "EBIT": 47197000.0,
        "Normalized Income": 49934000.0,
        "Net Income From Continuing And Discontinued Operation": 49934000.0,
        "Total Expenses": 39384000.0,
        "Total Operating Income As Reported": 47197000.0,
        "Diluted Average Shares": NaN,
        "Basic Average Shares": NaN,
        "Diluted EPS": NaN,
        "Basic EPS": NaN,
        "Diluted NI Availto Com Stockholders": 49934000.0,
        "Net Income Common Stockholders": 49934000.0,
        "Net Income": 49934000.0,
        "Net Income Including Noncontrolling Interests": 49934000.0,
        "Net Income Continuous Operations": 49934000.0,
        "Pretax Income": 50222000.0,
        "Other Income Expense": 3025000.0,
        "Other Non Operating Income Expenses": 3025000.0,
        "Operating Income": 47197000.0,
        "Operating Expense": 38519000.0,
        "Research And Development": 3027000.0,
        "Selling General And Administration": 35492000.0,
        "General And Administrative Expense": NaN,
        "Other Gand A": NaN,
        "Gross Profit": 85716000.0,
        "Cost Of Revenue": 865000.0,
        "Total Revenue": 86581000.0,
        "Operating Revenue": 86581000.0
    },
    "2025-03-31": {
        "Tax Effect Of Unusual Items": 0.0,
        "Tax Rate For Calcs": 0.0,
        "Normalized EBITDA": -37177000.0,
        "Net Income From Continuing Operation Net Minority Interest": -33940000.0,
        "Reconciled Depreciation": -1681000.0,
        "Reconciled Cost Of Revenue": 1094000.0,
        "EBITDA": -37177000.0,
        "EBIT": -37177000.0,
        "Normalized Income": -33940000.0,
        "Net Income From Continuing And Discontinued Operation": -33940000.0,
        "Total Expenses": 45150000.0,
        "Total Operating Income As Reported": -37177000.0,
        "Diluted Average Shares": 98060636.0,
        "Basic Average Shares": 98060636.0,
        "Diluted EPS": -0.35,
        "Basic EPS": -0.35,
        "Diluted NI Availto Com Stockholders": -33940000.0,
        "Net Income Common Stockholders": -33940000.0,
        "Net Income": -33940000.0,
        "Net Income Including Noncontrolling Interests": -33940000.0,
        "Net Income Continuous Operations": -33940000.0,
        "Pretax Income": -33940000.0,
        "Other Income Expense": 3237000.0,
        "Other Non Operating Income Expenses": 3237000.0,
        "Operating Income": -37177000.0,
        "Operating Expense": 44056000.0,
        "Research And Development": 2952000.0,
        "Selling General And Administration": 41104000.0,
        "General And Administrative Expense": NaN,
        "Other Gand A": NaN,
        "Gross Profit": 6879000.0,
        "Cost Of Revenue": 1094000.0,
        "Total Revenue": 7973000.0,
        "Operating Revenue": 7973000.0
    }
}