{
    "2023-06-30": {
        "Tax Effect Of Unusual Items": NaN,
        "Tax Rate For Calcs": NaN,
        "Normalized EBITDA": NaN,
        "Total Unusual Items": NaN,
        "Total Unusual Items Excluding Goodwill": NaN,
        "Net Income From Continuing Operation Net Minority Interest": NaN,
        "Reconciled Depreciation": NaN,
        "Reconciled Cost Of Revenue": NaN,
        "EBITDA": NaN,
        "EBIT": NaN,
        "Normalized Income": NaN,
        "Net Income From Continuing And Discontinued Operation": NaN,
        "Total Expenses": NaN,
        "Total Operating Income As Reported": NaN,
        "Diluted Average Shares": NaN,
        "Basic Average Shares": NaN,
        "Diluted EPS": NaN,
        "Basic EPS": NaN,
        "Diluted NI Availto Com Stockholders": NaN,
        "Net Income Common Stockholders": NaN,
        "Net Income": NaN,
        "Net Income Including Noncontrolling Interests": NaN,
        "Net Income Continuous Operations": NaN,
        "Tax Provision": NaN,
        "Pretax Income": NaN,
        "Other Income Expense": NaN,
        "Other Non Operating Income Expenses": NaN,
        "Gain On Sale Of Security": NaN,
        "Operating Income": NaN,
        "Operating Expense": NaN,
        "Depreciation Amortization Depletion Income Statement": NaN,
        "Depreciation And Amortization In Income Statement": NaN,
        "Amortization": NaN,
        "Amortization Of Intangibles Income Statement": NaN,
        "Research And Development": NaN,
        "Selling General And Administration": NaN,
        "Selling And Marketing Expense": NaN,
        "General And Administrative Expense": NaN,
        "Other Gand A": NaN,
        "Salaries And Wages": 8483000.0,
        "Gross Profit": NaN,
        "Cost Of Revenue": NaN,
        "Total Revenue": NaN,
        "Operating Revenue": NaN
    },
    "2023-03-31": {
        "Tax Effect Of Unusual Items": 190730.201044,
        "Tax Rate For Calcs": 0.150894,
        "Normalized EBITDA": 23943000.0,
        "Total Unusual Items": 1264000.0,
        "Total Unusual Items Excluding Goodwill": 1264000.0,
        "Net Income From Continuing Operation Net Minority Interest": 15289000.0,
        "Reconciled Depreciation": 8477000.0,
        "Reconciled Cost Of Revenue": 38338000.0,
        "EBITDA": 25207000.0,
        "EBIT": 16730000.0,
        "Normalized Income": 14215730.201044,
        "Net Income From Continuing And Discontinued Operation": 15289000.0,
        "Total Expenses": 109138000.0,
        "Total Operating Income As Reported": 16730000.0,
        "Diluted Average Shares": 37155000.0,
        "Basic Average Shares": 36427000.0,
        "Diluted EPS": 0.41,
        "Basic EPS": 0.42,
        "Diluted NI Availto Com Stockholders": 15289000.0,
        "Net Income Common Stockholders": 15289000.0,
        "Net Income": 15289000.0,
        "Net Income Including Noncontrolling Interests": 15289000.0,
        "Net Income Continuous Operations": 15289000.0,
        "Tax Provision": 2717000.0,
        "Pretax Income": 18006000.0,
        "Other Income Expense": 1276000.0,
        "Other Non Operating Income Expenses": 12000.0,
        "Gain On Sale Of Security": 1264000.0,
        "Operating Income": 16730000.0,
        "Operating Expense": 66174000.0,
        "Depreciation Amortization Depletion Income Statement": 3851000.0,
        "Depreciation And Amortization In Income Statement": 3851000.0,
        "Amortization": 3851000.0,
        "Amortization Of Intangibles Income Statement": 3851000.0,
        "Research And Development": 12563000.0,
        "Selling General And Administration": 49760000.0,
        "Selling And Marketing Expense": 29083000.0,
        "General And Administrative Expense": 20677000.0,
        "Other Gand A": 20677000.0,
        "Salaries And Wages": NaN,
        "Gross Profit": 82904000.0,
        "Cost Of Revenue": 42964000.0,
        "Total Revenue": 125868000.0,
        "Operating Revenue": 125868000.0
    },
    "2022-12-31": {
        "Tax Effect Of Unusual Items": 431698.353077,
        "Tax Rate For Calcs": 0.233603,
        "Normalized EBITDA": 25436000.0,
        "Total Unusual Items": 1848000.0,
        "Total Unusual Items Excluding Goodwill": 1848000.0,
        "Net Income From Continuing Operation Net Minority Interest": 15915000.0,
        "Reconciled Depreciation": 8270000.0,
        "Reconciled Cost Of Revenue": 37103000.0,
        "EBITDA": 27284000.0,
        "EBIT": 19014000.0,
        "Normalized Income": 14498698.353077,
        "Net Income From Continuing And Discontinued Operation": 15915000.0,
        "Total Expenses": 103004000.0,
        "Total Operating Income As Reported": 19014000.0,
        "Diluted Average Shares": 36971000.0,
        "Basic Average Shares": 36159000.0,
        "Diluted EPS": 0.43,
        "Basic EPS": 0.44,
        "Diluted NI Availto Com Stockholders": 15915000.0,
        "Net Income Common Stockholders": 15915000.0,
        "Net Income": 15915000.0,
        "Net Income Including Noncontrolling Interests": 15915000.0,
        "Net Income Continuous Operations": 15915000.0,
        "Tax Provision": 4851000.0,
        "Pretax Income": 20766000.0,
        "Other Income Expense": 1752000.0,
        "Other Non Operating Income Expenses": -96000.0,
        "Gain On Sale Of Security": 1848000.0,
        "Operating Income": 19014000.0,
        "Operating Expense": 61463000.0,
        "Depreciation Amortization Depletion Income Statement": 3832000.0,
        "Depreciation And Amortization In Income Statement": 3832000.0,
        "Amortization": 3832000.0,
        "Amortization Of Intangibles Income Statement": 3832000.0,
        "Research And Development": 12480000.0,
        "Selling General And Administration": 45151000.0,
        "Selling And Marketing Expense": 27201000.0,
        "General And Administrative Expense": 17950000.0,
        "Other Gand A": 17950000.0,
        "Salaries And Wages": NaN,
        "Gross Profit": 80477000.0,
        "Cost Of Revenue": 41541000.0,
        "Total Revenue": 122018000.0,
        "Operating Revenue": 122018000.0
    },
    "2022-09-30": {
        "Tax Effect Of Unusual Items": NaN,
        "Tax Rate For Calcs": NaN,
        "Normalized EBITDA": NaN,
        "Total Unusual Items": NaN,
        "Total Unusual Items Excluding Goodwill": NaN,
        "Net Income From Continuing Operation Net Minority Interest": NaN,
        "Reconciled Depreciation": NaN,
        "Reconciled Cost Of Revenue": NaN,
        "EBITDA": NaN,
        "EBIT": NaN,
        "Normalized Income": NaN,
        "Net Income From Continuing And Discontinued Operation": NaN,
        "Total Expenses": NaN,
        "Total Operating Income As Reported": NaN,
        "Diluted Average Shares": NaN,
        "Basic Average Shares": NaN,
        "Diluted EPS": NaN,
        "Basic EPS": NaN,
        "Diluted NI Availto Com Stockholders": NaN,
        "Net Income Common Stockholders": NaN,
        "Net Income": NaN,
        "Net Income Including Noncontrolling Interests": NaN,
        "Net Income Continuous Operations": NaN,
        "Tax Provision": NaN,
        "Pretax Income": NaN,
        "Other Income Expense": NaN,
        "Other Non Operating Income Expenses": NaN,
        "Gain On Sale Of Security": NaN,
        "Operating Income": NaN,
        "Operating Expense": NaN,
        "Depreciation Amortization Depletion Income Statement": NaN,
        "Depreciation And Amortization In Income Statement": NaN,
        "Amortization": NaN,
        "Amortization Of Intangibles Income Statement": NaN,
        "Research And Development": NaN,
        "Selling General And Administration": NaN,
        "Selling And Marketing Expense": NaN,
        "General And Administrative Expense": NaN,
        "Other Gand A": NaN,
        "Salaries And Wages": 4418000.0,
        "Gross Profit": NaN,
        "Cost Of Revenue": NaN,
        "Total Revenue": NaN,
        "Operating Revenue": NaN
    },
    "2022-06-30": {
        "Tax Effect Of Unusual Items": -306078.947368,
        "Tax Rate For Calcs": 0.265003,
        "Normalized EBITDA": 23541000.0,
        "Total Unusual Items": -1155000.0,
        "Total Unusual Items Excluding Goodwill": -1155000.0,
        "Net Income From Continuing Operation Net Minority Interest": 10753000.0,
        "Reconciled Depreciation": 6418000.0,
        "Reconciled Cost Of Revenue": 33580000.0,
        "EBITDA": 22386000.0,
        "EBIT": 15968000.0,
        "Normalized Income": 11601921.052632,
        "Net Income From Continuing And Discontinued Operation": 10753000.0,
        "Total Expenses": 93210000.0,
        "Total Operating Income As Reported": 15968000.0,
        "Diluted Average Shares": 36862000.0,
        "Basic Average Shares": 36085000.0,
        "Diluted EPS": 0.29,
        "Basic EPS": 0.3,
        "Diluted NI Availto Com Stockholders": 10753000.0,
        "Net Income Common Stockholders": 10753000.0,
        "Net Income": 10753000.0,
        "Net Income Including Noncontrolling Interests": 10753000.0,
        "Net Income Continuous Operations": 10753000.0,
        "Tax Provision": 3877000.0,
        "Pretax Income": 14630000.0,
        "Other Income Expense": -1338000.0,
        "Other Non Operating Income Expenses": -183000.0,
        "Gain On Sale Of Security": -1155000.0,
        "Operating Income": 15968000.0,
        "Operating Expense": 55680000.0,
        "Depreciation Amortization Depletion Income Statement": 2468000.0,
        "Depreciation And Amortization In Income Statement": 2468000.0,
        "Amortization": 2468000.0,
        "Amortization Of Intangibles Income Statement": 2468000.0,
        "Research And Development": 11432000.0,
        "Selling General And Administration": 41780000.0,
        "Selling And Marketing Expense": 24582000.0,
        "General And Administrative Expense": 17198000.0,
        "Other Gand A": 17198000.0,
        "Salaries And Wages": NaN,
        "Gross Profit": 71648000.0,
        "Cost Of Revenue": 37530000.0,
        "Total Revenue": 109178000.0,
        "Operating Revenue": 109178000.0
    },
    "2022-03-31": {
        "Diluted EPS": 0.34,
        "Total Revenue": 105,
        "Gross Profit": 70,
        "Operating Income": 17,
        "EBIT": 23,
        "Net Income": 13
    },
    "2021-12-31": {
        "Diluted EPS": 0.34,
        "Total Revenue": 103,
        "Gross Profit": 67,
        "Operating Income": 15,
        "EBIT": 22,
        "Net Income": 13
    },
    "2021-09-30": {
        "Diluted EPS": 0.31,
        "Total Revenue": 98,
        "Gross Profit": 64,
        "Operating Income": 14,
        "EBIT": 20,
        "Net Income": 11
    },
    "2021-06-30": {
        "Diluted EPS": 0.28,
        "Total Revenue": 95,
        "Gross Profit": 63,
        "Operating Income": 14,
        "EBIT": 20,
        "Net Income": 10
    },
    "2021-03-31": {
        "Diluted EPS": 0.28,
        "Total Revenue": 90,
        "Gross Profit": 60,
        "Operating Income": 13,
        "EBIT": 19,
        "Net Income": 10
    },
    "2020-12-31": {
        "Diluted EPS": 0.38,
        "Total Revenue": 83,
        "Gross Profit": 56,
        "Operating Income": 14,
        "EBIT": 19,
        "Net Income": 13
    },
    "2020-09-30": {
        "Diluted EPS": 0.31,
        "Total Revenue": 80,
        "Gross Profit": 55,
        "Operating Income": 14,
        "EBIT": 18,
        "Net Income": 11
    },
    "2020-06-30": {
        "Diluted EPS": 0.31,
        "Total Revenue": 76,
        "Gross Profit": 51,
        "Operating Income": 11,
        "EBIT": 16,
        "Net Income": 11
    },
    "2020-03-31": {
        "Diluted EPS": 0.26,
        "Total Revenue": 74,
        "Gross Profit": 51,
        "Operating Income": 12,
        "EBIT": 16,
        "Net Income": 10
    },
    "2019-12-31": {
        "Diluted EPS": 0.26,
        "Total Revenue": 73,
        "Gross Profit": 49,
        "Operating Income": 11,
        "EBIT": 15,
        "Net Income": 9
    },
    "2019-09-30": {
        "Diluted EPS": 0.25,
        "Total Revenue": 71,
        "Gross Profit": 48,
        "Operating Income": 11,
        "EBIT": 15,
        "Net Income": 9
    },
    "2019-06-30": {
        "Diluted EPS": 0.24,
        "Total Revenue": 69,
        "Gross Profit": 45,
        "Operating Income": 9,
        "EBIT": 13,
        "Net Income": 9
    },
    "2019-03-31": {
        "Diluted EPS": 0.19,
        "Total Revenue": 67,
        "Gross Profit": 46,
        "Operating Income": 7,
        "EBIT": 11,
        "Net Income": 7
    },
    "2018-12-31": {
        "Diluted EPS": 0.2,
        "Total Revenue": 65,
        "Gross Profit": 44,
        "Operating Income": 8,
        "EBIT": 12,
        "Net Income": 7
    },
    "2018-09-30": {
        "Diluted EPS": 0.23,
        "Total Revenue": 63,
        "Gross Profit": 42,
        "Operating Income": 8,
        "EBIT": 11,
        "Net Income": 8
    },
    "2018-06-30": {
        "Diluted EPS": 0.16,
        "Total Revenue": 61,
        "Gross Profit": 41,
        "Operating Income": 6,
        "EBIT": 9,
        "Net Income": 5
    },
    "2018-03-31": {
        "Diluted EPS": 0.1,
        "Total Revenue": 59,
        "Gross Profit": 39,
        "Operating Income": 4,
        "EBIT": 8,
        "Net Income": 3
    },
    "2017-12-31": {
        "Diluted EPS": -0.2,
        "Total Revenue": 58,
        "Gross Profit": 39,
        "Operating Income": 0,
        "EBIT": 3,
        "Net Income": -7
    },
    "2017-09-30": {
        "Diluted EPS": 0.07,
        "Total Revenue": 56,
        "Gross Profit": 37,
        "Operating Income": 3,
        "EBIT": 6,
        "Net Income": 2
    },
    "2017-06-30": {
        "Diluted EPS": 0.06,
        "Total Revenue": 54,
        "Gross Profit": 36,
        "Operating Income": 3,
        "EBIT": 6,
        "Net Income": 2
    },
    "2017-03-31": {
        "Diluted EPS": 0.09,
        "Total Revenue": 52,
        "Gross Profit": 35,
        "Operating Income": 3,
        "EBIT": 6,
        "Net Income": 3
    },
    "2016-12-31": {
        "Diluted EPS": 0.04,
        "Total Revenue": 51,
        "Gross Profit": 34,
        "Operating Income": 2,
        "EBIT": 4,
        "Net Income": 1
    },
    "2016-09-30": {
        "Diluted EPS": 0.07,
        "Total Revenue": 49,
        "Gross Profit": 33,
        "Operating Income": 3,
        "EBIT": 5,
        "Net Income": 3
    },
    "2016-06-30": {
        "Diluted EPS": 0.01,
        "Total Revenue": 47,
        "Gross Profit": 31,
        "Operating Income": 1,
        "EBIT": 4,
        "Net Income": 0
    },
    "2016-03-31": {
        "Diluted EPS": 0.03,
        "Total Revenue": 46,
        "Gross Profit": 31,
        "Operating Income": 1,
        "EBIT": 4,
        "Net Income": 1
    },
    "2015-12-31": {
        "Diluted EPS": 0.07,
        "Total Revenue": 42,
        "Gross Profit": 29,
        "Operating Income": 3,
        "EBIT": 5,
        "Net Income": 2
    },
    "2015-09-30": {
        "Diluted EPS": 0.04,
        "Total Revenue": 40,
        "Gross Profit": 28,
        "Operating Income": 2,
        "EBIT": 5,
        "Net Income": 1
    },
    "2015-06-30": {
        "Diluted EPS": 0.02,
        "Total Revenue": 39,
        "Gross Profit": 27,
        "Operating Income": 1,
        "EBIT": 3,
        "Net Income": 1
    },
    "2015-03-31": {
        "Diluted EPS": 0.02,
        "Total Revenue": 37,
        "Gross Profit": 25,
        "Operating Income": 1,
        "EBIT": 3,
        "Net Income": 1
    },
    "2014-12-31": {
        "Diluted EPS": 0.03,
        "Total Revenue": 35,
        "Gross Profit": 24,
        "Operating Income": 1,
        "EBIT": 4,
        "Net Income": 1
    },
    "2014-09-30": {
        "Diluted EPS": 0.03,
        "Total Revenue": 33,
        "Gross Profit": 23,
        "Operating Income": 1,
        "EBIT": 3,
        "Net Income": 1
    },
    "2014-06-30": {
        "Diluted EPS": 0.02,
        "Total Revenue": 31,
        "Gross Profit": 21,
        "Operating Income": 1,
        "EBIT": 3,
        "Net Income": 1
    },
    "2014-03-31": {
        "Diluted EPS": 0.01,
        "Total Revenue": 29,
        "Gross Profit": 20,
        "Operating Income": 1,
        "EBIT": 3,
        "Net Income": 0
    },
    "2013-12-31": {
        "Diluted EPS": 0.01,
        "Total Revenue": 28,
        "Gross Profit": 19,
        "Operating Income": 1,
        "EBIT": 3,
        "Net Income": 0
    },
    "2013-09-30": {
        "Diluted EPS": 0.01,
        "Total Revenue": 27,
        "Gross Profit": 19,
        "Operating Income": 0,
        "EBIT": 3,
        "Net Income": 0
    },
    "2013-06-30": {
        "Diluted EPS": 0.01,
        "Total Revenue": 26,
        "Gross Profit": 18,
        "Operating Income": 0,
        "EBIT": 2,
        "Net Income": 0
    },
    "2013-03-31": {
        "Diluted EPS": 0.01,
        "Total Revenue": 24,
        "Gross Profit": 17,
        "Operating Income": 0,
        "EBIT": 2,
        "Net Income": 0
    },
    "2012-12-31": {
        "Diluted EPS": 0.02,
        "Total Revenue": 22,
        "Gross Profit": 16,
        "Operating Income": 0,
        "EBIT": 2,
        "Net Income": 0
    },
    "2012-09-30": {
        "Diluted EPS": 0.01,
        "Total Revenue": 20,
        "Gross Profit": 14,
        "Operating Income": 0,
        "EBIT": 2,
        "Net Income": 0
    },
    "2012-06-30": {
        "Diluted EPS": 0.02,
        "Total Revenue": 18,
        "Gross Profit": 13,
        "Operating Income": 1,
        "EBIT": 2,
        "Net Income": 0
    },
    "2012-03-31": {
        "Diluted EPS": 0.01,
        "Total Revenue": 17,
        "Gross Profit": 12,
        "Operating Income": 0,
        "EBIT": 1,
        "Net Income": 0
    },
    "2011-12-31": {
        "Diluted EPS": 0.52,
        "Total Revenue": 16,
        "Gross Profit": 12,
        "Operating Income": 0,
        "EBIT": 1,
        "Net Income": 13
    },
    "2011-09-30": {
        "Diluted EPS": 0.01,
        "Total Revenue": 16,
        "Gross Profit": 11,
        "Operating Income": 0,
        "EBIT": 1,
        "Net Income": 0
    },
    "2011-06-30": {
        "Diluted EPS": -0.01,
        "Total Revenue": 14,
        "Gross Profit": 10,
        "Operating Income": 0,
        "EBIT": 1,
        "Net Income": 0
    },
    "2011-03-31": {
        "Diluted EPS": 0.02,
        "Total Revenue": 13,
        "Gross Profit": 9,
        "Operating Income": 1,
        "EBIT": 1,
        "Net Income": 0
    },
    "2010-12-31": {
        "Diluted EPS": 0.02,
        "Total Revenue": 12,
        "Gross Profit": 9,
        "Operating Income": 0,
        "EBIT": 1,
        "Net Income": 0
    },
    "2010-09-30": {
        "Diluted EPS": 0.04,
        "Total Revenue": 11,
        "Gross Profit": 8,
        "Operating Income": 1,
        "EBIT": 1,
        "Net Income": 1
    },
    "2010-06-30": {
        "Diluted EPS": 0.03,
        "Total Revenue": 11,
        "Gross Profit": 8,
        "Operating Income": 1,
        "EBIT": 1,
        "Net Income": 1
    },
    "2010-03-31": {
        "Diluted EPS": 0.05,
        "Total Revenue": 10,
        "Gross Profit": 7,
        "Operating Income": 1,
        "EBIT": 1,
        "Net Income": 1
    },
    "2009-12-31": {
        "Diluted EPS": 0.01,
        "Total Revenue": 10,
        "Gross Profit": 7,
        "Operating Income": 1,
        "EBIT": 1,
        "Net Income": 0
    },
    "2009-09-30": {
        "Diluted EPS": 0.02,
        "Total Revenue": 10,
        "Gross Profit": 7,
        "Operating Income": 0,
        "EBIT": 1,
        "Net Income": 0
    },
    "2009-06-30": {
        "Diluted EPS": 0.04,
        "Total Revenue": 10,
        "Gross Profit": 7,
        "Operating Income": 1,
        "EBIT": 1,
        "Net Income": 1
    },
    "2009-03-31": {
        "Diluted EPS": -0.08,
        "Total Revenue": 9,
        "Gross Profit": 6,
        "Operating Income": 0,
        "EBIT": 0,
        "Net Income": 0
    },
    "2023-09-30": {
        "Tax Effect Of Unusual Items": NaN,
        "Tax Rate For Calcs": NaN,
        "Normalized EBITDA": NaN,
        "Total Unusual Items": NaN,
        "Total Unusual Items Excluding Goodwill": NaN,
        "Net Income From Continuing Operation Net Minority Interest": NaN,
        "Reconciled Depreciation": NaN,
        "Reconciled Cost Of Revenue": NaN,
        "EBITDA": NaN,
        "EBIT": NaN,
        "Normalized Income": NaN,
        "Net Income From Continuing And Discontinued Operation": NaN,
        "Total Expenses": NaN,
        "Total Operating Income As Reported": NaN,
        "Diluted Average Shares": NaN,
        "Basic Average Shares": NaN,
        "Diluted EPS": NaN,
        "Basic EPS": NaN,
        "Diluted NI Availto Com Stockholders": NaN,
        "Net Income Common Stockholders": NaN,
        "Net Income": NaN,
        "Net Income Including Noncontrolling Interests": NaN,
        "Net Income Continuous Operations": NaN,
        "Tax Provision": NaN,
        "Pretax Income": NaN,
        "Other Income Expense": NaN,
        "Other Non Operating Income Expenses": NaN,
        "Gain On Sale Of Security": NaN,
        "Operating Income": NaN,
        "Operating Expense": NaN,
        "Depreciation Amortization Depletion Income Statement": NaN,
        "Depreciation And Amortization In Income Statement": NaN,
        "Amortization": NaN,
        "Amortization Of Intangibles Income Statement": NaN,
        "Research And Development": NaN,
        "Selling General And Administration": NaN,
        "Selling And Marketing Expense": NaN,
        "General And Administrative Expense": NaN,
        "Other Gand A": NaN,
        "Salaries And Wages": 7132000.0,
        "Gross Profit": NaN,
        "Cost Of Revenue": NaN,
        "Total Revenue": NaN,
        "Operating Revenue": NaN
    },
    "2023-12-31": {
        "Tax Effect Of Unusual Items": 970895.941688,
        "Tax Rate For Calcs": 0.278273,
        "Normalized EBITDA": 29061000.0,
        "Total Unusual Items": 3489000.0,
        "Total Unusual Items Excluding Goodwill": 3489000.0,
        "Net Income From Continuing Operation Net Minority Interest": 19011000.0,
        "Reconciled Depreciation": 9665000.0,
        "Reconciled Cost Of Revenue": 44373000.0,
        "EBITDA": 32550000.0,
        "EBIT": 22885000.0,
        "Normalized Income": 16492895.941688,
        "Net Income From Continuing And Discontinued Operation": 19011000.0,
        "Total Expenses": 122080000.0,
        "Total Operating Income As Reported": 22885000.0,
        "Diluted Average Shares": 37640000.0,
        "Basic Average Shares": 36831000.0,
        "Diluted EPS": 0.51,
        "Basic EPS": 0.52,
        "Diluted NI Availto Com Stockholders": 19011000.0,
        "Net Income Common Stockholders": 19011000.0,
        "Net Income": 19011000.0,
        "Net Income Including Noncontrolling Interests": 19011000.0,
        "Net Income Continuous Operations": 19011000.0,
        "Tax Provision": 7330000.0,
        "Pretax Income": 26341000.0,
        "Other Income Expense": 3456000.0,
        "Other Non Operating Income Expenses": -33000.0,
        "Gain On Sale Of Security": 3489000.0,
        "Operating Income": 22885000.0,
        "Operating Expense": 73040000.0,
        "Depreciation Amortization Depletion Income Statement": 4998000.0,
        "Depreciation And Amortization In Income Statement": 4998000.0,
        "Amortization": 4998000.0,
        "Amortization Of Intangibles Income Statement": 4998000.0,
        "Research And Development": 14216000.0,
        "Selling General And Administration": 53826000.0,
        "Selling And Marketing Expense": 40593000.0,
        "General And Administrative Expense": 13233000.0,
        "Other Gand A": 36348000.0,
        "Salaries And Wages": NaN,
        "Gross Profit": 95925000.0,
        "Cost Of Revenue": 49040000.0,
        "Total Revenue": 144965000.0,
        "Operating Revenue": 144965000.0
    },
    "2024-03-31": {
        "Tax Effect Of Unusual Items": 91359.913677,
        "Tax Rate For Calcs": 0.028702,
        "Normalized EBITDA": 21252000.0,
        "Total Unusual Items": 3183000.0,
        "Total Unusual Items Excluding Goodwill": 3183000.0,
        "Net Income From Continuing Operation Net Minority Interest": 18003000.0,
        "Reconciled Depreciation": 9032000.0,
        "Reconciled Cost Of Revenue": 46793000.0,
        "EBITDA": 24435000.0,
        "EBIT": 15403000.0,
        "Normalized Income": 14911359.913677,
        "Net Income From Continuing And Discontinued Operation": 18003000.0,
        "Total Expenses": 134173000.0,
        "Total Operating Income As Reported": 15403000.0,
        "Diluted Average Shares": 37686000.0,
        "Basic Average Shares": 37049000.0,
        "Diluted EPS": 0.48,
        "Basic EPS": 0.49,
        "Diluted NI Availto Com Stockholders": 18003000.0,
        "Net Income Common Stockholders": 18003000.0,
        "Net Income": 18003000.0,
        "Net Income Including Noncontrolling Interests": 18003000.0,
        "Net Income Continuous Operations": 18003000.0,
        "Tax Provision": 532000.0,
        "Pretax Income": 18535000.0,
        "Other Income Expense": 3132000.0,
        "Other Non Operating Income Expenses": -51000.0,
        "Gain On Sale Of Security": 3183000.0,
        "Operating Income": 15403000.0,
        "Operating Expense": 82686000.0,
        "Depreciation Amortization Depletion Income Statement": 4338000.0,
        "Depreciation And Amortization In Income Statement": 4338000.0,
        "Amortization": 4338000.0,
        "Amortization Of Intangibles Income Statement": 4338000.0,
        "Research And Development": 16009000.0,
        "Selling General And Administration": 62339000.0,
        "Selling And Marketing Expense": 36432000.0,
        "General And Administrative Expense": 25907000.0,
        "Other Gand A": 25907000.0,
        "Gross Profit": 98089000.0,
        "Cost Of Revenue": 51487000.0,
        "Total Revenue": 149576000.0,
        "Operating Revenue": 149576000.0
    },
    "2024-06-30": {
        "Tax Effect Of Unusual Items": 1366821.975681,
        "Tax Rate For Calcs": 0.33757,
        "Normalized EBITDA": 28639000.0,
        "Total Unusual Items": 4049000.0,
        "Total Unusual Items Excluding Goodwill": 4049000.0,
        "Net Income From Continuing Operation Net Minority Interest": 18032000.0,
        "Reconciled Depreciation": 9523000.0,
        "Reconciled Cost Of Revenue": 47335000.0,
        "EBITDA": 32688000.0,
        "EBIT": 23165000.0,
        "Normalized Income": 15349821.975681,
        "Net Income From Continuing And Discontinued Operation": 18032000.0,
        "Total Expenses": 130431000.0,
        "Total Operating Income As Reported": 23165000.0,
        "Diluted Average Shares": 37683000.0,
        "Basic Average Shares": 37078000.0,
        "Diluted EPS": 0.48,
        "Basic EPS": 0.49,
        "Diluted NI Availto Com Stockholders": 18032000.0,
        "Net Income Common Stockholders": 18032000.0,
        "Net Income": 18032000.0,
        "Net Income Including Noncontrolling Interests": 18032000.0,
        "Net Income Continuous Operations": 18032000.0,
        "Tax Provision": 9189000.0,
        "Pretax Income": 27221000.0,
        "Other Income Expense": 4056000.0,
        "Other Non Operating Income Expenses": 7000.0,
        "Gain On Sale Of Security": 4049000.0,
        "Operating Income": 23165000.0,
        "Operating Expense": 78413000.0,
        "Depreciation Amortization Depletion Income Statement": 4840000.0,
        "Depreciation And Amortization In Income Statement": 4840000.0,
        "Amortization": 4840000.0,
        "Amortization Of Intangibles Income Statement": 4840000.0,
        "Research And Development": 14366000.0,
        "Selling General And Administration": 59207000.0,
        "Selling And Marketing Expense": 35691000.0,
        "General And Administrative Expense": 23516000.0,
        "Other Gand A": 23516000.0,
        "Gross Profit": 101578000.0,
        "Cost Of Revenue": 52018000.0,
        "Total Revenue": 153596000.0,
        "Operating Revenue": 153596000.0
    },
    "2024-09-30": {
        "Tax Effect Of Unusual Items": 758673.515282,
        "Tax Rate For Calcs": 0.200654,
        "Normalized EBITDA": 32893000.0,
        "Total Unusual Items": 3781000.0,
        "Total Unusual Items Excluding Goodwill": 3781000.0,
        "Net Income From Continuing Operation Net Minority Interest": 23460000.0,
        "Reconciled Depreciation": 11103000.0,
        "Reconciled Cost Of Revenue": 46991000.0,
        "EBITDA": 36674000.0,
        "EBIT": 25571000.0,
        "Normalized Income": 20437673.515282,
        "Net Income From Continuing And Discontinued Operation": 23460000.0,
        "Total Expenses": 138115000.0,
        "Total Operating Income As Reported": 25571000.0,
        "Diluted Average Shares": 37996000.0,
        "Basic Average Shares": 37447000.0,
        "Diluted EPS": 0.62,
        "Basic EPS": 0.63,
        "Diluted NI Availto Com Stockholders": 23460000.0,
        "Net Income Common Stockholders": 23460000.0,
        "Net Income": 23460000.0,
        "Net Income Including Noncontrolling Interests": 23460000.0,
        "Net Income Continuous Operations": 23460000.0,
        "Tax Provision": 5889000.0,
        "Pretax Income": 29349000.0,
        "Other Income Expense": 3778000.0,
        "Other Non Operating Income Expenses": -3000.0,
        "Gain On Sale Of Security": 3781000.0,
        "Operating Income": 25571000.0,
        "Operating Expense": 86491000.0,
        "Depreciation Amortization Depletion Income Statement": 6470000.0,
        "Depreciation And Amortization In Income Statement": 6470000.0,
        "Amortization": 6470000.0,
        "Amortization Of Intangibles Income Statement": 6470000.0,
        "Research And Development": 15292000.0,
        "Selling General And Administration": 64729000.0,
        "Selling And Marketing Expense": 37577000.0,
        "General And Administrative Expense": 27152000.0,
        "Other Gand A": 27152000.0,
        "Gross Profit": 112062000.0,
        "Cost Of Revenue": 51624000.0,
        "Total Revenue": 163686000.0,
        "Operating Revenue": 163686000.0
    },
    "2024-12-31": {
        "Tax Effect Of Unusual Items": -88325.961183,
        "Tax Rate For Calcs": 0.279513,
        "Normalized EBITDA": 37633000.0,
        "Total Unusual Items": -316000.0,
        "Total Unusual Items Excluding Goodwill": -316000.0,
        "Net Income From Continuing Operation Net Minority Interest": 17559000.0,
        "Reconciled Depreciation": 12573000.0,
        "Reconciled Cost Of Revenue": 50874000.0,
        "EBITDA": 37317000.0,
        "EBIT": 24744000.0,
        "Normalized Income": 17786674.038817,
        "Net Income From Continuing And Discontinued Operation": 17559000.0,
        "Total Expenses": 146163000.0,
        "Total Operating Income As Reported": 24744000.0,
        "Diluted Average Shares": 38133000.0,
        "Basic Average Shares": 37646000.0,
        "Diluted EPS": 0.46,
        "Basic EPS": 0.47,
        "Diluted NI Availto Com Stockholders": 17559000.0,
        "Net Income Common Stockholders": 17559000.0,
        "Net Income": 17559000.0,
        "Net Income Including Noncontrolling Interests": 17559000.0,
        "Net Income Continuous Operations": 17559000.0,
        "Tax Provision": 6812000.0,
        "Pretax Income": 24371000.0,
        "Other Income Expense": -373000.0,
        "Other Non Operating Income Expenses": -57000.0,
        "Gain On Sale Of Security": -316000.0,
        "Operating Income": 24744000.0,
        "Operating Expense": 90578000.0,
        "Depreciation Amortization Depletion Income Statement": 7862000.0,
        "Depreciation And Amortization In Income Statement": 7862000.0,
        "Amortization": 7862000.0,
        "Amortization Of Intangibles Income Statement": 7862000.0,
        "Research And Development": 17142000.0,
        "Selling General And Administration": 65574000.0,
        "Selling And Marketing Expense": 39220000.0,
        "General And Administrative Expense": 26354000.0,
        "Other Gand A": 26354000.0,
        "Gross Profit": 115322000.0,
        "Cost Of Revenue": 55585000.0,
        "Total Revenue": 170907000.0,
        "Operating Revenue": 170907000.0
    },
    "2025-03-31": {
        "Tax Effect Of Unusual Items": 469300.323119,
        "Tax Rate For Calcs": 0.211874,
        "Normalized EBITDA": 37286000.0,
        "Total Unusual Items": 2215000.0,
        "Total Unusual Items Excluding Goodwill": 2215000.0,
        "Net Income From Continuing Operation Net Minority Interest": 22196000.0,
        "Reconciled Depreciation": 13545000.0,
        "Reconciled Cost Of Revenue": 51957000.0,
        "EBITDA": 39501000.0,
        "EBIT": 25956000.0,
        "Normalized Income": 20450300.323119,
        "Net Income From Continuing And Discontinued Operation": 22196000.0,
        "Total Expenses": 155593000.0,
        "Total Operating Income As Reported": 25956000.0,
        "Diluted Average Shares": 38163000.0,
        "Basic Average Shares": 37990000.0,
        "Diluted EPS": 0.58,
        "Basic EPS": 0.58,
        "Diluted NI Availto Com Stockholders": 22196000.0,
        "Net Income Common Stockholders": 22196000.0,
        "Net Income": 22196000.0,
        "Net Income Including Noncontrolling Interests": 22196000.0,
        "Net Income Continuous Operations": 22196000.0,
        "Tax Provision": 5967000.0,
        "Pretax Income": 28163000.0,
        "Other Income Expense": 2207000.0,
        "Other Non Operating Income Expenses": -8000.0,
        "Gain On Sale Of Security": 2215000.0,
        "Operating Income": 25956000.0,
        "Operating Expense": 98679000.0,
        "Depreciation Amortization Depletion Income Statement": 8588000.0,
        "Depreciation And Amortization In Income Statement": 8588000.0,
        "Amortization": 8588000.0,
        "Amortization Of Intangibles Income Statement": 8588000.0,
        "Research And Development": 17439000.0,
        "Selling General And Administration": 72652000.0,
        "Selling And Marketing Expense": 41634000.0,
        "General And Administrative Expense": 31018000.0,
        "Other Gand A": 31018000.0,
        "Gross Profit": 124635000.0,
        "Cost Of Revenue": 56914000.0,
        "Total Revenue": 181549000.0,
        "Operating Revenue": 181549000.0
    },
    "2025-06-30": {
        "Tax Effect Of Unusual Items": 219155.379364,
        "Tax Rate For Calcs": 0.275667,
        "Normalized EBITDA": 40175000.0,
        "Total Unusual Items": 795000.0,
        "Total Unusual Items Excluding Goodwill": 795000.0,
        "Net Income From Continuing Operation Net Minority Interest": 19733000.0,
        "Reconciled Depreciation": 14500000.0,
        "Reconciled Cost Of Revenue": 54835000.0,
        "EBITDA": 40970000.0,
        "EBIT": 26470000.0,
        "Normalized Income": 19157155.379364,
        "Net Income From Continuing And Discontinued Operation": 19733000.0,
        "Total Expenses": 160930000.0,
        "Total Operating Income As Reported": 26470000.0,
        "Diluted Average Shares": 38099000.0,
        "Basic Average Shares": 37965000.0,
        "Diluted EPS": 0.52,
        "Basic EPS": 0.52,
        "Diluted NI Availto Com Stockholders": 19733000.0,
        "Net Income Common Stockholders": 19733000.0,
        "Net Income": 19733000.0,
        "Net Income Including Noncontrolling Interests": 19733000.0,
        "Net Income Continuous Operations": 19733000.0,
        "Tax Provision": 7510000.0,
        "Pretax Income": 27243000.0,
        "Other Income Expense": 773000.0,
        "Other Non Operating Income Expenses": -22000.0,
        "Gain On Sale Of Security": 795000.0,
        "Operating Income": 26470000.0,
        "Operating Expense": 101104000.0,
        "Depreciation Amortization Depletion Income Statement": 9509000.0,
        "Depreciation And Amortization In Income Statement": 9509000.0,
        "Amortization": 9509000.0,
        "Amortization Of Intangibles Income Statement": 9509000.0,
        "Research And Development": 17271000.0,
        "Selling General And Administration": 74324000.0,
        "Selling And Marketing Expense": 43434000.0,
        "General And Administrative Expense": 30890000.0,
        "Other Gand A": 30890000.0,
        "Gross Profit": 127574000.0,
        "Cost Of Revenue": 59826000.0,
        "Total Revenue": 187400000.0,
        "Operating Revenue": 187400000.0
    },
    "2025-09-30": {
        "Tax Effect Of Unusual Items": 271666.266063,
        "Tax Rate For Calcs": 0.212074,
        "Normalized EBITDA": 44757000.0,
        "Total Unusual Items": 1281000.0,
        "Total Unusual Items Excluding Goodwill": 1281000.0,
        "Net Income From Continuing Operation Net Minority Interest": 25569000.0,
        "Reconciled Depreciation": 14847000.0,
        "Reconciled Cost Of Revenue": 52578000.0,
        "EBITDA": 46038000.0,
        "EBIT": 31191000.0,
        "Normalized Income": 24559666.266063,
        "Net Income From Continuing And Discontinued Operation": 25569000.0,
        "Total Expenses": 158713000.0,
        "Total Operating Income As Reported": 31191000.0,
        "Diluted Average Shares": 37993000.0,
        "Basic Average Shares": 37895000.0,
        "Diluted EPS": 0.67,
        "Basic EPS": 0.67,
        "Diluted NI Availto Com Stockholders": 25569000.0,
        "Net Income Common Stockholders": 25569000.0,
        "Net Income": 25569000.0,
        "Net Income Including Noncontrolling Interests": 25569000.0,
        "Net Income Continuous Operations": 25569000.0,
        "Tax Provision": 6882000.0,
        "Pretax Income": 32451000.0,
        "Other Income Expense": 1260000.0,
        "Other Non Operating Income Expenses": -21000.0,
        "Gain On Sale Of Security": 1281000.0,
        "Operating Income": 31191000.0,
        "Operating Expense": 100781000.0,
        "Depreciation Amortization Depletion Income Statement": 9493000.0,
        "Depreciation And Amortization In Income Statement": 9493000.0,
        "Amortization": 9493000.0,
        "Amortization Of Intangibles Income Statement": 9493000.0,
        "Research And Development": 17276000.0,
        "Selling General And Administration": 74012000.0,
        "Selling And Marketing Expense": 42322000.0,
        "General And Administrative Expense": 31690000.0,
        "Other Gand A": 31690000.0,
        "Gross Profit": 131972000.0,
        "Cost Of Revenue": 57932000.0,
        "Total Revenue": 189904000.0,
        "Operating Revenue": 189904000.0
    }
}