{
    "2023-03-31": {
        "Tax Effect Of Unusual Items": NaN,
        "Tax Rate For Calcs": NaN,
        "Normalized EBITDA": NaN,
        "Net Income From Continuing Operation Net Minority Interest": NaN,
        "Reconciled Depreciation": NaN,
        "Reconciled Cost Of Revenue": NaN,
        "EBITDA": NaN,
        "EBIT": NaN,
        "Net Interest Income": NaN,
        "Interest Expense": NaN,
        "Interest Income": NaN,
        "Normalized Income": NaN,
        "Net Income From Continuing And Discontinued Operation": NaN,
        "Total Expenses": NaN,
        "Total Operating Income As Reported": NaN,
        "Diluted Average Shares": 55176425.0,
        "Basic Average Shares": 55176425.0,
        "Diluted EPS": -0.19,
        "Basic EPS": -0.19,
        "Diluted NI Availto Com Stockholders": NaN,
        "Net Income Common Stockholders": NaN,
        "Net Income": NaN,
        "Net Income Including Noncontrolling Interests": NaN,
        "Net Income Continuous Operations": NaN,
        "Tax Provision": NaN,
        "Pretax Income": NaN,
        "Other Income Expense": NaN,
        "Other Non Operating Income Expenses": NaN,
        "Net Non Operating Interest Income Expense": NaN,
        "Interest Expense Non Operating": NaN,
        "Interest Income Non Operating": NaN,
        "Operating Income": NaN,
        "Operating Expense": NaN,
        "Research And Development": NaN,
        "Selling General And Administration": NaN,
        "Selling And Marketing Expense": NaN,
        "General And Administrative Expense": NaN,
        "Other Gand A": NaN,
        "Gross Profit": NaN,
        "Cost Of Revenue": NaN,
        "Total Revenue": NaN,
        "Operating Revenue": NaN
    },
    "2022-12-31": {
        "Tax Effect Of Unusual Items": 0.0,
        "Tax Rate For Calcs": 0.21,
        "Normalized EBITDA": -10480000.0,
        "Net Income From Continuing Operation Net Minority Interest": -11942000.0,
        "Reconciled Depreciation": 1328000.0,
        "Reconciled Cost Of Revenue": 15415000.0,
        "EBITDA": -10480000.0,
        "EBIT": -11808000.0,
        "Net Interest Income": 1338000.0,
        "Interest Expense": 25000.0,
        "Interest Income": 1363000.0,
        "Normalized Income": -11942000.0,
        "Net Income From Continuing And Discontinued Operation": -11942000.0,
        "Total Expenses": 82809000.0,
        "Total Operating Income As Reported": -13149000.0,
        "Diluted Average Shares": NaN,
        "Basic Average Shares": NaN,
        "Diluted EPS": NaN,
        "Basic EPS": NaN,
        "Diluted NI Availto Com Stockholders": -11942000.0,
        "Net Income Common Stockholders": -11942000.0,
        "Net Income": -11942000.0,
        "Net Income Including Noncontrolling Interests": -11942000.0,
        "Net Income Continuous Operations": -11942000.0,
        "Tax Provision": 109000.0,
        "Pretax Income": -11833000.0,
        "Other Income Expense": -22000.0,
        "Other Non Operating Income Expenses": -22000.0,
        "Net Non Operating Interest Income Expense": 1338000.0,
        "Interest Expense Non Operating": 25000.0,
        "Interest Income Non Operating": 1363000.0,
        "Operating Income": -13149000.0,
        "Operating Expense": 67394000.0,
        "Research And Development": 16719000.0,
        "Selling General And Administration": 50675000.0,
        "Selling And Marketing Expense": 35322000.0,
        "General And Administrative Expense": 15353000.0,
        "Other Gand A": 15353000.0,
        "Gross Profit": 54245000.0,
        "Cost Of Revenue": 15415000.0,
        "Total Revenue": 69660000.0,
        "Operating Revenue": 69660000.0
    },
    "2022-09-30": {
        "Tax Effect Of Unusual Items": NaN,
        "Tax Rate For Calcs": NaN,
        "Normalized EBITDA": NaN,
        "Net Income From Continuing Operation Net Minority Interest": NaN,
        "Reconciled Depreciation": NaN,
        "Reconciled Cost Of Revenue": NaN,
        "EBITDA": NaN,
        "EBIT": NaN,
        "Net Interest Income": NaN,
        "Interest Expense": NaN,
        "Interest Income": NaN,
        "Normalized Income": NaN,
        "Net Income From Continuing And Discontinued Operation": NaN,
        "Total Expenses": NaN,
        "Total Operating Income As Reported": NaN,
        "Diluted Average Shares": 54716770.0,
        "Basic Average Shares": 54716770.0,
        "Diluted EPS": -0.25,
        "Basic EPS": -0.25,
        "Diluted NI Availto Com Stockholders": NaN,
        "Net Income Common Stockholders": NaN,
        "Net Income": NaN,
        "Net Income Including Noncontrolling Interests": NaN,
        "Net Income Continuous Operations": NaN,
        "Tax Provision": NaN,
        "Pretax Income": NaN,
        "Other Income Expense": NaN,
        "Other Non Operating Income Expenses": NaN,
        "Net Non Operating Interest Income Expense": NaN,
        "Interest Expense Non Operating": NaN,
        "Interest Income Non Operating": NaN,
        "Operating Income": NaN,
        "Operating Expense": NaN,
        "Research And Development": NaN,
        "Selling General And Administration": NaN,
        "Selling And Marketing Expense": NaN,
        "General And Administrative Expense": NaN,
        "Other Gand A": NaN,
        "Gross Profit": NaN,
        "Cost Of Revenue": NaN,
        "Total Revenue": NaN,
        "Operating Revenue": NaN
    },
    "2022-06-30": {
        "Tax Effect Of Unusual Items": 0.0,
        "Tax Rate For Calcs": 0.4,
        "Normalized EBITDA": -13350000.0,
        "Net Income From Continuing Operation Net Minority Interest": -14610000.0,
        "Reconciled Depreciation": 1152000.0,
        "Reconciled Cost Of Revenue": 15140000.0,
        "EBITDA": -13350000.0,
        "EBIT": -14502000.0,
        "Net Interest Income": 293000.0,
        "Interest Expense": 28000.0,
        "Interest Income": 321000.0,
        "Normalized Income": -14610000.0,
        "Net Income From Continuing And Discontinued Operation": -14610000.0,
        "Total Expenses": 75965000.0,
        "Total Operating Income As Reported": -14533000.0,
        "Diluted Average Shares": 54502809.0,
        "Basic Average Shares": 54502809.0,
        "Diluted EPS": -0.27,
        "Basic EPS": -0.27,
        "Diluted NI Availto Com Stockholders": -14610000.0,
        "Net Income Common Stockholders": -14610000.0,
        "Net Income": -14610000.0,
        "Net Income Including Noncontrolling Interests": -14610000.0,
        "Net Income Continuous Operations": -14610000.0,
        "Tax Provision": 80000.0,
        "Pretax Income": -14530000.0,
        "Other Income Expense": -290000.0,
        "Other Non Operating Income Expenses": -290000.0,
        "Net Non Operating Interest Income Expense": 293000.0,
        "Interest Expense Non Operating": 28000.0,
        "Interest Income Non Operating": 321000.0,
        "Operating Income": -14533000.0,
        "Operating Expense": 60825000.0,
        "Research And Development": 15374000.0,
        "Selling General And Administration": 45451000.0,
        "Selling And Marketing Expense": 30350000.0,
        "General And Administrative Expense": 15101000.0,
        "Other Gand A": 15101000.0,
        "Gross Profit": 46292000.0,
        "Cost Of Revenue": 15140000.0,
        "Total Revenue": 61432000.0,
        "Operating Revenue": 61432000.0
    },
    "2022-03-31": {
        "Diluted EPS": -0.18,
        "Total Revenue": 57,
        "Gross Profit": 43,
        "Operating Income": -10,
        "EBIT": -4,
        "Net Income": -10
    },
    "2021-12-31": {
        "Diluted EPS": -0.18,
        "Total Revenue": 53,
        "Gross Profit": 40,
        "Operating Income": -10,
        "EBIT": -5,
        "Net Income": -10
    },
    "2021-09-30": {
        "Diluted EPS": -0.13,
        "Total Revenue": 49,
        "Gross Profit": 37,
        "Operating Income": -7,
        "EBIT": -2,
        "Net Income": -7
    },
    "2021-06-30": {
        "Diluted EPS": -0.1,
        "Total Revenue": 45,
        "Gross Profit": 34,
        "Operating Income": -5,
        "EBIT": -1,
        "Net Income": -5
    },
    "2021-03-31": {
        "Diluted EPS": -0.12,
        "Total Revenue": 41,
        "Gross Profit": 31,
        "Operating Income": -6,
        "EBIT": -2,
        "Net Income": -6
    },
    "2020-12-31": {
        "Diluted EPS": -0.12,
        "Total Revenue": 37,
        "Gross Profit": 28,
        "Operating Income": -6,
        "EBIT": -2,
        "Net Income": -6
    },
    "2020-09-30": {
        "Diluted EPS": -0.13,
        "Total Revenue": 34,
        "Gross Profit": 25,
        "Operating Income": -7,
        "EBIT": -3,
        "Net Income": -7
    },
    "2020-06-30": {
        "Diluted EPS": -0.16,
        "Total Revenue": 31,
        "Gross Profit": 23,
        "Operating Income": -8,
        "EBIT": -5,
        "Net Income": -8
    },
    "2020-03-31": {
        "Diluted EPS": -0.21,
        "Total Revenue": 31,
        "Gross Profit": 22,
        "Operating Income": -11,
        "EBIT": -8,
        "Net Income": -10
    },
    "2019-12-31": {
        "Diluted EPS": -1.11,
        "Total Revenue": 28,
        "Gross Profit": 19,
        "Operating Income": -26,
        "EBIT": -23,
        "Net Income": -26
    },
    "2019-09-30": {
        "Diluted EPS": -0.3,
        "Total Revenue": 26,
        "Gross Profit": 19,
        "Operating Income": -5,
        "EBIT": -3,
        "Net Income": -5
    },
    "2019-06-30": {
        "Diluted EPS": -0.64,
        "Total Revenue": 25,
        "Gross Profit": 19,
        "Operating Income": -11,
        "EBIT": -8,
        "Net Income": -11
    },
    "2019-03-31": {
        "Diluted EPS": -0.31,
        "Total Revenue": 23,
        "Gross Profit": 18,
        "Operating Income": -5,
        "EBIT": -3,
        "Net Income": -5
    },
    "2018-12-31": {
        "Diluted EPS": 0.0,
        "Total Revenue": NaN,
        "Gross Profit": NaN,
        "Operating Income": NaN,
        "EBIT": NaN,
        "Net Income": NaN
    },
    "2017-12-31": {
        "Diluted EPS": 0.0,
        "Total Revenue": NaN,
        "Gross Profit": NaN,
        "Operating Income": NaN,
        "EBIT": NaN,
        "Net Income": NaN
    },
    "2023-06-30": {
        "Tax Effect Of Unusual Items": NaN,
        "Tax Rate For Calcs": NaN,
        "Normalized EBITDA": NaN,
        "Net Income From Continuing Operation Net Minority Interest": NaN,
        "Reconciled Depreciation": NaN,
        "Reconciled Cost Of Revenue": NaN,
        "EBITDA": NaN,
        "EBIT": NaN,
        "Net Interest Income": NaN,
        "Interest Expense": NaN,
        "Interest Income": NaN,
        "Normalized Income": NaN,
        "Net Income From Continuing And Discontinued Operation": NaN,
        "Total Expenses": NaN,
        "Total Operating Income As Reported": NaN,
        "Diluted Average Shares": 55499399.0,
        "Basic Average Shares": 55499399.0,
        "Diluted EPS": -0.24,
        "Basic EPS": -0.24,
        "Diluted NI Availto Com Stockholders": NaN,
        "Net Income Common Stockholders": NaN,
        "Net Income": NaN,
        "Net Income Including Noncontrolling Interests": NaN,
        "Net Income Continuous Operations": NaN,
        "Tax Provision": NaN,
        "Pretax Income": NaN,
        "Other Income Expense": NaN,
        "Other Non Operating Income Expenses": NaN,
        "Net Non Operating Interest Income Expense": NaN,
        "Interest Expense Non Operating": NaN,
        "Interest Income Non Operating": NaN,
        "Operating Income": NaN,
        "Operating Expense": NaN,
        "Research And Development": NaN,
        "Selling General And Administration": NaN,
        "Selling And Marketing Expense": NaN,
        "General And Administrative Expense": NaN,
        "Other Gand A": NaN,
        "Gross Profit": NaN,
        "Cost Of Revenue": NaN,
        "Total Revenue": NaN,
        "Operating Revenue": NaN
    },
    "2023-09-30": {
        "Tax Effect Of Unusual Items": NaN,
        "Tax Rate For Calcs": NaN,
        "Normalized EBITDA": NaN,
        "Net Income From Continuing Operation Net Minority Interest": NaN,
        "Reconciled Depreciation": NaN,
        "Reconciled Cost Of Revenue": NaN,
        "EBITDA": NaN,
        "EBIT": NaN,
        "Net Interest Income": NaN,
        "Interest Expense": NaN,
        "Interest Income": NaN,
        "Normalized Income": NaN,
        "Net Income From Continuing And Discontinued Operation": NaN,
        "Total Expenses": NaN,
        "Total Operating Income As Reported": NaN,
        "Diluted Average Shares": 55831230.0,
        "Basic Average Shares": 55831230.0,
        "Diluted EPS": -0.41,
        "Basic EPS": -0.41,
        "Diluted NI Availto Com Stockholders": NaN,
        "Net Income Common Stockholders": NaN,
        "Net Income": NaN,
        "Net Income Including Noncontrolling Interests": NaN,
        "Net Income Continuous Operations": NaN,
        "Tax Provision": NaN,
        "Pretax Income": NaN,
        "Other Income Expense": NaN,
        "Other Non Operating Income Expenses": NaN,
        "Net Non Operating Interest Income Expense": NaN,
        "Interest Expense Non Operating": NaN,
        "Interest Income Non Operating": NaN,
        "Operating Income": NaN,
        "Operating Expense": NaN,
        "Research And Development": NaN,
        "Selling General And Administration": NaN,
        "Selling And Marketing Expense": NaN,
        "General And Administrative Expense": NaN,
        "Other Gand A": NaN,
        "Gross Profit": NaN,
        "Cost Of Revenue": NaN,
        "Total Revenue": NaN,
        "Operating Revenue": NaN
    },
    "2023-12-31": {
        "Tax Effect Of Unusual Items": 0.0,
        "Tax Rate For Calcs": 0.21,
        "Normalized EBITDA": -14267000.0,
        "Net Income From Continuing Operation Net Minority Interest": -20077000.0,
        "Reconciled Depreciation": 2864000.0,
        "Reconciled Cost Of Revenue": 20961000.0,
        "EBITDA": -14267000.0,
        "EBIT": -17131000.0,
        "Net Interest Income": -334000.0,
        "Interest Expense": 1544000.0,
        "Interest Income": 1210000.0,
        "Normalized Income": -20077000.0,
        "Net Income From Continuing And Discontinued Operation": -20077000.0,
        "Total Expenses": 111807000.0,
        "Total Operating Income As Reported": -18223000.0,
        "Diluted Average Shares": NaN,
        "Basic Average Shares": NaN,
        "Diluted EPS": NaN,
        "Basic EPS": NaN,
        "Diluted NI Availto Com Stockholders": -20077000.0,
        "Net Income Common Stockholders": -20077000.0,
        "Net Income": -20077000.0,
        "Net Income Including Noncontrolling Interests": -20077000.0,
        "Net Income Continuous Operations": -20077000.0,
        "Tax Provision": 1402000.0,
        "Pretax Income": -18675000.0,
        "Other Income Expense": -118000.0,
        "Other Non Operating Income Expenses": -118000.0,
        "Net Non Operating Interest Income Expense": -334000.0,
        "Interest Expense Non Operating": 1544000.0,
        "Interest Income Non Operating": 1210000.0,
        "Operating Income": -18223000.0,
        "Operating Expense": 90846000.0,
        "Research And Development": 22661000.0,
        "Selling General And Administration": 68185000.0,
        "Selling And Marketing Expense": 47380000.0,
        "General And Administrative Expense": 20805000.0,
        "Other Gand A": 20805000.0,
        "Gross Profit": 72623000.0,
        "Cost Of Revenue": 20961000.0,
        "Total Revenue": 93584000.0,
        "Operating Revenue": 93584000.0
    },
    "2024-03-31": {
        "Tax Effect Of Unusual Items": 0.0,
        "Tax Rate For Calcs": 0.009413,
        "Normalized EBITDA": -9765000.0,
        "Net Income From Continuing Operation Net Minority Interest": -13575000.0,
        "Reconciled Depreciation": 2893000.0,
        "Reconciled Cost Of Revenue": 22428000.0,
        "EBITDA": -9765000.0,
        "EBIT": -12658000.0,
        "Net Interest Income": -11000.0,
        "Interest Expense": 1046000.0,
        "Interest Income": 1035000.0,
        "Normalized Income": -13575000.0,
        "Net Income From Continuing And Discontinued Operation": -13575000.0,
        "Total Expenses": 110071000.0,
        "Total Operating Income As Reported": -13287000.0,
        "Diluted Average Shares": 56344242.0,
        "Basic Average Shares": 56344242.0,
        "Diluted EPS": -0.24,
        "Basic EPS": -0.24,
        "Diluted NI Availto Com Stockholders": -13575000.0,
        "Net Income Common Stockholders": -13575000.0,
        "Net Income": -13575000.0,
        "Net Income Including Noncontrolling Interests": -13575000.0,
        "Net Income Continuous Operations": -13575000.0,
        "Tax Provision": -129000.0,
        "Pretax Income": -13704000.0,
        "Other Income Expense": -406000.0,
        "Other Non Operating Income Expenses": -406000.0,
        "Net Non Operating Interest Income Expense": -11000.0,
        "Interest Expense Non Operating": 1046000.0,
        "Interest Income Non Operating": 1035000.0,
        "Operating Income": -13287000.0,
        "Operating Expense": 87643000.0,
        "Research And Development": 23769000.0,
        "Selling General And Administration": 63874000.0,
        "Selling And Marketing Expense": 44540000.0,
        "General And Administrative Expense": 19334000.0,
        "Other Gand A": 19334000.0,
        "Gross Profit": 74356000.0,
        "Cost Of Revenue": 22428000.0,
        "Total Revenue": 96784000.0,
        "Operating Revenue": 96784000.0
    },
    "2024-06-30": {
        "Tax Effect Of Unusual Items": 0.0,
        "Tax Rate For Calcs": 0.21,
        "Normalized EBITDA": -12735000.0,
        "Net Income From Continuing Operation Net Minority Interest": -16892000.0,
        "Reconciled Depreciation": 2982000.0,
        "Reconciled Cost Of Revenue": 22402000.0,
        "EBITDA": -12735000.0,
        "EBIT": -15717000.0,
        "Net Interest Income": 81000.0,
        "Interest Expense": 972000.0,
        "Interest Income": 1053000.0,
        "Normalized Income": -16892000.0,
        "Net Income From Continuing And Discontinued Operation": -16892000.0,
        "Total Expenses": 115909000.0,
        "Total Operating Income As Reported": -16513000.0,
        "Diluted Average Shares": 56699148.0,
        "Basic Average Shares": 56699148.0,
        "Diluted EPS": -0.3,
        "Basic EPS": -0.3,
        "Diluted NI Availto Com Stockholders": -16892000.0,
        "Net Income Common Stockholders": -16892000.0,
        "Net Income": -16892000.0,
        "Net Income Including Noncontrolling Interests": -16892000.0,
        "Net Income Continuous Operations": -16892000.0,
        "Tax Provision": 203000.0,
        "Pretax Income": -16689000.0,
        "Other Income Expense": -257000.0,
        "Other Non Operating Income Expenses": -257000.0,
        "Net Non Operating Interest Income Expense": 81000.0,
        "Interest Expense Non Operating": 972000.0,
        "Interest Income Non Operating": 1053000.0,
        "Operating Income": -16513000.0,
        "Operating Expense": 93507000.0,
        "Research And Development": 25126000.0,
        "Selling General And Administration": 68381000.0,
        "Selling And Marketing Expense": 46194000.0,
        "General And Administrative Expense": 22187000.0,
        "Other Gand A": 22187000.0,
        "Gross Profit": 76994000.0,
        "Cost Of Revenue": 22402000.0,
        "Total Revenue": 99396000.0,
        "Operating Revenue": 99396000.0
    },
    "2024-09-30": {
        "Tax Effect Of Unusual Items": 0.0,
        "Tax Rate For Calcs": 0.21,
        "Normalized EBITDA": -12994000.0,
        "Net Income From Continuing Operation Net Minority Interest": -17087000.0,
        "Reconciled Depreciation": 2988000.0,
        "Reconciled Cost Of Revenue": 23232000.0,
        "EBITDA": -12994000.0,
        "EBIT": -15982000.0,
        "Net Interest Income": 156000.0,
        "Interest Expense": 851000.0,
        "Interest Income": 1007000.0,
        "Normalized Income": -17087000.0,
        "Net Income From Continuing And Discontinued Operation": -17087000.0,
        "Total Expenses": 119517000.0,
        "Total Operating Income As Reported": -16879000.0,
        "Diluted Average Shares": 57179710.0,
        "Basic Average Shares": 57179710.0,
        "Diluted EPS": -0.3,
        "Basic EPS": -0.3,
        "Diluted NI Availto Com Stockholders": -17087000.0,
        "Net Income Common Stockholders": -17087000.0,
        "Net Income": -17087000.0,
        "Net Income Including Noncontrolling Interests": -17087000.0,
        "Net Income Continuous Operations": -17087000.0,
        "Tax Provision": 254000.0,
        "Pretax Income": -16833000.0,
        "Other Income Expense": -110000.0,
        "Other Non Operating Income Expenses": -110000.0,
        "Net Non Operating Interest Income Expense": 156000.0,
        "Interest Expense Non Operating": 851000.0,
        "Interest Income Non Operating": 1007000.0,
        "Operating Income": -16879000.0,
        "Operating Expense": 96285000.0,
        "Research And Development": 26272000.0,
        "Selling General And Administration": 70013000.0,
        "Selling And Marketing Expense": 47499000.0,
        "General And Administrative Expense": 22514000.0,
        "Other Gand A": 22514000.0,
        "Gross Profit": 79406000.0,
        "Cost Of Revenue": 23232000.0,
        "Total Revenue": 102638000.0,
        "Operating Revenue": 102638000.0
    },
    "2024-12-31": {
        "Tax Effect Of Unusual Items": 0.0,
        "Tax Rate For Calcs": 0.21,
        "Normalized EBITDA": -10414000.0,
        "Net Income From Continuing Operation Net Minority Interest": -14417000.0,
        "Reconciled Depreciation": 3005000.0,
        "Reconciled Cost Of Revenue": 23413000.0,
        "EBITDA": -10414000.0,
        "EBIT": -13419000.0,
        "Net Interest Income": 222000.0,
        "Interest Expense": 656000.0,
        "Interest Income": 878000.0,
        "Normalized Income": -14417000.0,
        "Net Income From Continuing And Discontinued Operation": -14417000.0,
        "Total Expenses": 120767000.0,
        "Total Operating Income As Reported": -13677000.0,
        "Diluted Average Shares": 57511942.0,
        "Basic Average Shares": 57511942.0,
        "Diluted EPS": -0.25,
        "Basic EPS": -0.25,
        "Diluted NI Availto Com Stockholders": -14417000.0,
        "Net Income Common Stockholders": -14417000.0,
        "Net Income": -14417000.0,
        "Net Income Including Noncontrolling Interests": -14417000.0,
        "Net Income Continuous Operations": -14417000.0,
        "Tax Provision": 342000.0,
        "Pretax Income": -14075000.0,
        "Other Income Expense": -620000.0,
        "Other Non Operating Income Expenses": -620000.0,
        "Net Non Operating Interest Income Expense": 222000.0,
        "Interest Expense Non Operating": 656000.0,
        "Interest Income Non Operating": 878000.0,
        "Operating Income": -13677000.0,
        "Operating Expense": 97354000.0,
        "Research And Development": 27627000.0,
        "Selling General And Administration": 69727000.0,
        "Selling And Marketing Expense": 45889000.0,
        "General And Administrative Expense": 23838000.0,
        "Other Gand A": 23838000.0,
        "Gross Profit": 83677000.0,
        "Cost Of Revenue": 23413000.0,
        "Total Revenue": 107090000.0,
        "Operating Revenue": 107090000.0
    }
}