{
    "2023-03-31": {
        "Tax Effect Of Unusual Items": -731632.0,
        "Tax Rate For Calcs": 0.176,
        "Normalized EBITDA": 59254000.0,
        "Total Unusual Items": -4157000.0,
        "Total Unusual Items Excluding Goodwill": -4157000.0,
        "Net Income From Continuing Operation Net Minority Interest": 11337000.0,
        "Reconciled Depreciation": 29745000.0,
        "Reconciled Cost Of Revenue": 2460728000.0,
        "EBITDA": 55097000.0,
        "EBIT": 25352000.0,
        "Net Interest Income": -11589000.0,
        "Interest Expense": 11589000.0,
        "Normalized Income": 14762368.0,
        "Net Income From Continuing And Discontinued Operation": 11337000.0,
        "Total Expenses": 2878924000.0,
        "Total Operating Income As Reported": 24313000.0,
        "Diluted Average Shares": 35147000.0,
        "Basic Average Shares": 34237000.0,
        "Diluted EPS": 0.32,
        "Basic EPS": 0.33,
        "Diluted NI Availto Com Stockholders": 11235000.0,
        "Net Income Common Stockholders": 11235000.0,
        "Otherunder Preferred Stock Dividend": 102000.0,
        "Net Income": 11337000.0,
        "Net Income Including Noncontrolling Interests": 11337000.0,
        "Net Income Continuous Operations": 11337000.0,
        "Tax Provision": 2426000.0,
        "Pretax Income": 13763000.0,
        "Other Income Expense": -3118000.0,
        "Other Non Operating Income Expenses": 1039000.0,
        "Special Income Charges": -4157000.0,
        "Gain On Sale Of Ppe": 61000.0,
        "Other Special Charges": 314000.0,
        "Write Off": 3745000.0,
        "Restructuring And Mergern Acquisition": 159000.0,
        "Net Non Operating Interest Income Expense": -11589000.0,
        "Interest Expense Non Operating": 11589000.0,
        "Operating Income": 28470000.0,
        "Operating Expense": 418196000.0,
        "Selling General And Administration": 418196000.0,
        "Gross Profit": 446666000.0,
        "Cost Of Revenue": 2460728000.0,
        "Total Revenue": 2907394000.0,
        "Operating Revenue": 2907394000.0
    },
    "2022-12-31": {
        "Tax Effect Of Unusual Items": NaN,
        "Tax Rate For Calcs": NaN,
        "Normalized EBITDA": NaN,
        "Total Unusual Items": NaN,
        "Total Unusual Items Excluding Goodwill": NaN,
        "Net Income From Continuing Operation Net Minority Interest": NaN,
        "Reconciled Depreciation": NaN,
        "Reconciled Cost Of Revenue": NaN,
        "EBITDA": NaN,
        "EBIT": NaN,
        "Net Interest Income": NaN,
        "Interest Expense": NaN,
        "Normalized Income": NaN,
        "Net Income From Continuing And Discontinued Operation": NaN,
        "Total Expenses": NaN,
        "Total Operating Income As Reported": NaN,
        "Diluted Average Shares": NaN,
        "Basic Average Shares": NaN,
        "Diluted EPS": NaN,
        "Basic EPS": NaN,
        "Diluted NI Availto Com Stockholders": NaN,
        "Net Income Common Stockholders": NaN,
        "Otherunder Preferred Stock Dividend": NaN,
        "Net Income": NaN,
        "Net Income Including Noncontrolling Interests": NaN,
        "Net Income Continuous Operations": NaN,
        "Tax Provision": NaN,
        "Pretax Income": NaN,
        "Other Income Expense": NaN,
        "Other Non Operating Income Expenses": NaN,
        "Special Income Charges": NaN,
        "Gain On Sale Of Ppe": NaN,
        "Other Special Charges": 271000.0,
        "Write Off": NaN,
        "Restructuring And Mergern Acquisition": NaN,
        "Net Non Operating Interest Income Expense": NaN,
        "Interest Expense Non Operating": NaN,
        "Operating Income": NaN,
        "Operating Expense": NaN,
        "Selling General And Administration": NaN,
        "Gross Profit": NaN,
        "Cost Of Revenue": NaN,
        "Total Revenue": NaN,
        "Operating Revenue": NaN
    },
    "2022-09-30": {
        "Tax Effect Of Unusual Items": NaN,
        "Tax Rate For Calcs": NaN,
        "Normalized EBITDA": NaN,
        "Total Unusual Items": NaN,
        "Total Unusual Items Excluding Goodwill": NaN,
        "Net Income From Continuing Operation Net Minority Interest": NaN,
        "Reconciled Depreciation": NaN,
        "Reconciled Cost Of Revenue": NaN,
        "EBITDA": NaN,
        "EBIT": NaN,
        "Net Interest Income": NaN,
        "Interest Expense": NaN,
        "Normalized Income": NaN,
        "Net Income From Continuing And Discontinued Operation": NaN,
        "Total Expenses": NaN,
        "Total Operating Income As Reported": NaN,
        "Diluted Average Shares": NaN,
        "Basic Average Shares": NaN,
        "Diluted EPS": NaN,
        "Basic EPS": NaN,
        "Diluted NI Availto Com Stockholders": NaN,
        "Net Income Common Stockholders": NaN,
        "Otherunder Preferred Stock Dividend": NaN,
        "Net Income": NaN,
        "Net Income Including Noncontrolling Interests": NaN,
        "Net Income Continuous Operations": NaN,
        "Tax Provision": NaN,
        "Pretax Income": NaN,
        "Other Income Expense": NaN,
        "Other Non Operating Income Expenses": NaN,
        "Special Income Charges": NaN,
        "Gain On Sale Of Ppe": NaN,
        "Other Special Charges": 58000.0,
        "Write Off": NaN,
        "Restructuring And Mergern Acquisition": NaN,
        "Net Non Operating Interest Income Expense": NaN,
        "Interest Expense Non Operating": NaN,
        "Operating Income": NaN,
        "Operating Expense": NaN,
        "Selling General And Administration": NaN,
        "Gross Profit": NaN,
        "Cost Of Revenue": NaN,
        "Total Revenue": NaN,
        "Operating Revenue": NaN
    },
    "2022-06-30": {
        "Tax Effect Of Unusual Items": -882661.019303,
        "Tax Rate For Calcs": 0.289682,
        "Normalized EBITDA": 14776000.0,
        "Total Unusual Items": -3047000.0,
        "Total Unusual Items Excluding Goodwill": -3047000.0,
        "Net Income From Continuing Operation Net Minority Interest": 5115000.0,
        "Reconciled Depreciation": 21968000.0,
        "Reconciled Cost Of Revenue": 1919647000.0,
        "EBITDA": 11729000.0,
        "EBIT": 11729000.0,
        "Net Interest Income": -4528000.0,
        "Interest Expense": 4528000.0,
        "Normalized Income": 7279338.980697,
        "Net Income From Continuing And Discontinued Operation": 5115000.0,
        "Total Expenses": 2258514000.0,
        "Total Operating Income As Reported": 12329000.0,
        "Diluted Average Shares": 36155000.0,
        "Basic Average Shares": 35564000.0,
        "Diluted EPS": 0.14,
        "Basic EPS": 0.14,
        "Diluted NI Availto Com Stockholders": 5115000.0,
        "Net Income Common Stockholders": 5115000.0,
        "Otherunder Preferred Stock Dividend": 54000.0,
        "Net Income": 5115000.0,
        "Net Income Including Noncontrolling Interests": 5115000.0,
        "Net Income Continuous Operations": 5115000.0,
        "Tax Provision": 2086000.0,
        "Pretax Income": 7201000.0,
        "Other Income Expense": -3647000.0,
        "Other Non Operating Income Expenses": -600000.0,
        "Special Income Charges": -3047000.0,
        "Gain On Sale Of Ppe": 615000.0,
        "Other Special Charges": -102000.0,
        "Write Off": 3480000.0,
        "Restructuring And Mergern Acquisition": 3047000.0,
        "Net Non Operating Interest Income Expense": -4528000.0,
        "Interest Expense Non Operating": 4528000.0,
        "Operating Income": 15376000.0,
        "Operating Expense": 338867000.0,
        "Selling General And Administration": 338867000.0,
        "General And Administrative Expense": NaN,
        "Other Gand A": NaN,
        "Salaries And Wages": NaN,
        "Gross Profit": 354243000.0,
        "Cost Of Revenue": 1919647000.0,
        "Total Revenue": 2273890000.0,
        "Operating Revenue": 2273890000.0
    },
    "2022-03-31": {
        "Diluted EPS": 0.53,
        "Total Revenue": NaN,
        "Gross Profit": 451,
        "Operating Income": 28,
        "EBIT": 57,
        "Net Income": 19
    },
    "2021-12-31": {
        "Diluted EPS": 0.62,
        "Total Revenue": NaN,
        "Gross Profit": 323,
        "Operating Income": 33,
        "EBIT": 55,
        "Net Income": 23
    },
    "2021-09-30": {
        "Diluted EPS": 0.42,
        "Total Revenue": NaN,
        "Gross Profit": 329,
        "Operating Income": 23,
        "EBIT": 44,
        "Net Income": 15
    },
    "2021-06-30": {
        "Diluted EPS": 0.47,
        "Total Revenue": NaN,
        "Gross Profit": 334,
        "Operating Income": 26,
        "EBIT": 47,
        "Net Income": 17
    },
    "2021-03-31": {
        "Diluted EPS": 0.54,
        "Total Revenue": NaN,
        "Gross Profit": 418,
        "Operating Income": 30,
        "EBIT": 58,
        "Net Income": 19
    },
    "2020-12-31": {
        "Diluted EPS": 0.33,
        "Total Revenue": NaN,
        "Gross Profit": 338,
        "Operating Income": 17,
        "EBIT": 38,
        "Net Income": 13
    },
    "2020-09-30": {
        "Diluted EPS": 0.56,
        "Total Revenue": NaN,
        "Gross Profit": 325,
        "Operating Income": 29,
        "EBIT": 50,
        "Net Income": 20
    },
    "2020-06-30": {
        "Diluted EPS": 0.8,
        "Total Revenue": NaN,
        "Gross Profit": 338,
        "Operating Income": 34,
        "EBIT": 54,
        "Net Income": 28
    },
    "2020-03-31": {
        "Diluted EPS": 0.43,
        "Total Revenue": NaN,
        "Gross Profit": 424,
        "Operating Income": 22,
        "EBIT": 50,
        "Net Income": 15
    },
    "2019-12-31": {
        "Diluted EPS": 0.15,
        "Total Revenue": NaN,
        "Gross Profit": 287,
        "Operating Income": 12,
        "EBIT": 30,
        "Net Income": 5
    },
    "2019-09-30": {
        "Diluted EPS": -0.01,
        "Total Revenue": NaN,
        "Gross Profit": 290,
        "Operating Income": 16,
        "EBIT": 37,
        "Net Income": 0
    },
    "2019-06-30": {
        "Diluted EPS": -0.19,
        "Total Revenue": NaN,
        "Gross Profit": 289,
        "Operating Income": 7,
        "EBIT": 28,
        "Net Income": -7
    },
    "2019-03-31": {
        "Diluted EPS": 0.21,
        "Total Revenue": NaN,
        "Gross Profit": 378,
        "Operating Income": 22,
        "EBIT": 50,
        "Net Income": 7
    },
    "2018-12-31": {
        "Diluted EPS": -0.39,
        "Total Revenue": NaN,
        "Gross Profit": 245,
        "Operating Income": -12,
        "EBIT": 7,
        "Net Income": -14
    },
    "2018-09-30": {
        "Diluted EPS": 0.49,
        "Total Revenue": NaN,
        "Gross Profit": 256,
        "Operating Income": 27,
        "EBIT": 46,
        "Net Income": 17
    },
    "2018-06-30": {
        "Diluted EPS": 0.49,
        "Total Revenue": NaN,
        "Gross Profit": 266,
        "Operating Income": 30,
        "EBIT": 49,
        "Net Income": 18
    },
    "2018-03-31": {
        "Diluted EPS": 0.34,
        "Total Revenue": NaN,
        "Gross Profit": 343,
        "Operating Income": 26,
        "EBIT": 51,
        "Net Income": 12
    },
    "2017-12-31": {
        "Diluted EPS": 0.95,
        "Total Revenue": NaN,
        "Gross Profit": 255,
        "Operating Income": 19,
        "EBIT": 37,
        "Net Income": 35
    },
    "2017-09-30": {
        "Diluted EPS": -3.32,
        "Total Revenue": NaN,
        "Gross Profit": 262,
        "Operating Income": -194,
        "EBIT": -174,
        "Net Income": -124
    },
    "2017-06-30": {
        "Diluted EPS": 0.56,
        "Total Revenue": NaN,
        "Gross Profit": 271,
        "Operating Income": 39,
        "EBIT": 59,
        "Net Income": 21
    },
    "2017-03-31": {
        "Diluted EPS": 0.4,
        "Total Revenue": NaN,
        "Gross Profit": 357,
        "Operating Income": 30,
        "EBIT": 55,
        "Net Income": 15
    },
    "2016-12-31": {
        "Diluted EPS": 0.34,
        "Total Revenue": NaN,
        "Gross Profit": 259,
        "Operating Income": 25,
        "EBIT": 44,
        "Net Income": 13
    },
    "2016-09-30": {
        "Diluted EPS": 0.44,
        "Total Revenue": NaN,
        "Gross Profit": 255,
        "Operating Income": 30,
        "EBIT": 48,
        "Net Income": 17
    },
    "2016-06-30": {
        "Diluted EPS": 0.47,
        "Total Revenue": NaN,
        "Gross Profit": 263,
        "Operating Income": 33,
        "EBIT": 51,
        "Net Income": 17
    },
    "2016-03-31": {
        "Diluted EPS": 0.26,
        "Total Revenue": NaN,
        "Gross Profit": 334,
        "Operating Income": 22,
        "EBIT": 46,
        "Net Income": 10
    },
    "2015-12-31": {
        "Diluted EPS": 0.44,
        "Total Revenue": NaN,
        "Gross Profit": 258,
        "Operating Income": 33,
        "EBIT": 52,
        "Net Income": 17
    },
    "2015-09-30": {
        "Diluted EPS": 0.41,
        "Total Revenue": NaN,
        "Gross Profit": 259,
        "Operating Income": 29,
        "EBIT": 49,
        "Net Income": 15
    },
    "2015-06-30": {
        "Diluted EPS": 0.54,
        "Total Revenue": NaN,
        "Gross Profit": 262,
        "Operating Income": 37,
        "EBIT": 57,
        "Net Income": 20
    },
    "2015-03-31": {
        "Diluted EPS": 0.27,
        "Total Revenue": NaN,
        "Gross Profit": 336,
        "Operating Income": 24,
        "EBIT": 50,
        "Net Income": 10
    },
    "2014-12-31": {
        "Diluted EPS": 0.31,
        "Total Revenue": NaN,
        "Gross Profit": 282,
        "Operating Income": 21,
        "EBIT": 41,
        "Net Income": 12
    },
    "2014-09-30": {
        "Diluted EPS": 0.45,
        "Total Revenue": NaN,
        "Gross Profit": 261,
        "Operating Income": 34,
        "EBIT": 54,
        "Net Income": 17
    },
    "2014-06-30": {
        "Diluted EPS": 0.46,
        "Total Revenue": NaN,
        "Gross Profit": 265,
        "Operating Income": 33,
        "EBIT": 52,
        "Net Income": 17
    },
    "2014-03-31": {
        "Diluted EPS": 0.33,
        "Total Revenue": NaN,
        "Gross Profit": 347,
        "Operating Income": 28,
        "EBIT": 56,
        "Net Income": 12
    },
    "2013-12-31": {
        "Diluted EPS": -1.03,
        "Total Revenue": 536,
        "Gross Profit": 51,
        "Operating Income": -32,
        "EBIT": -26,
        "Net Income": -22
    },
    "2013-09-30": {
        "Diluted EPS": 0.3,
        "Total Revenue": 630,
        "Gross Profit": 130,
        "Operating Income": 12,
        "EBIT": 22,
        "Net Income": 7
    },
    "2013-06-30": {
        "Diluted EPS": 0.36,
        "Total Revenue": 651,
        "Gross Profit": 133,
        "Operating Income": 15,
        "EBIT": 25,
        "Net Income": 8
    },
    "2013-03-31": {
        "Diluted EPS": 0.4,
        "Total Revenue": 780,
        "Gross Profit": 172,
        "Operating Income": 21,
        "EBIT": 34,
        "Net Income": 9
    },
    "2012-12-31": {
        "Diluted EPS": 0.16,
        "Total Revenue": 790,
        "Gross Profit": 161,
        "Operating Income": 790,
        "EBIT": 802,
        "Net Income": 3
    },
    "2012-09-30": {
        "Diluted EPS": 0.47,
        "Total Revenue": 622,
        "Gross Profit": 130,
        "Operating Income": 19,
        "EBIT": 27,
        "Net Income": 10
    },
    "2012-06-30": {
        "Diluted EPS": 0.27,
        "Total Revenue": 604,
        "Gross Profit": 122,
        "Operating Income": 12,
        "EBIT": 12,
        "Net Income": 6
    },
    "2012-03-31": {
        "Diluted EPS": 0.0,
        "Total Revenue": NaN,
        "Gross Profit": NaN,
        "Operating Income": NaN,
        "EBIT": NaN,
        "Net Income": NaN
    },
    "2011-12-31": {
        "Diluted EPS": 0.22,
        "Total Revenue": 797,
        "Gross Profit": 163,
        "Operating Income": 797,
        "EBIT": 809,
        "Net Income": 5
    },
    "2011-09-30": {
        "Diluted EPS": 0.45,
        "Total Revenue": 620,
        "Gross Profit": 133,
        "Operating Income": 20,
        "EBIT": 28,
        "Net Income": 10
    },
    "2011-06-30": {
        "Diluted EPS": 0.26,
        "Total Revenue": 603,
        "Gross Profit": 125,
        "Operating Income": 14,
        "EBIT": 14,
        "Net Income": 6
    },
    "2011-03-31": {
        "Diluted EPS": 0.0,
        "Total Revenue": NaN,
        "Gross Profit": NaN,
        "Operating Income": NaN,
        "EBIT": NaN,
        "Net Income": NaN
    },
    "2010-12-31": {
        "Diluted EPS": 0.32,
        "Total Revenue": 782,
        "Gross Profit": 165,
        "Operating Income": 782,
        "EBIT": 793,
        "Net Income": 7
    },
    "2010-09-30": {
        "Diluted EPS": 0.5,
        "Total Revenue": 602,
        "Gross Profit": 135,
        "Operating Income": 22,
        "EBIT": 30,
        "Net Income": 11
    },
    "2010-06-30": {
        "Diluted EPS": 0.26,
        "Total Revenue": 577,
        "Gross Profit": 127,
        "Operating Income": 13,
        "EBIT": 13,
        "Net Income": 6
    },
    "2010-03-31": {
        "Diluted EPS": 0.0,
        "Total Revenue": NaN,
        "Gross Profit": NaN,
        "Operating Income": NaN,
        "EBIT": NaN,
        "Net Income": NaN
    },
    "2009-12-31": {
        "Diluted EPS": 0.22,
        "Total Revenue": 787,
        "Gross Profit": 165,
        "Operating Income": 787,
        "EBIT": 798,
        "Net Income": 5
    },
    "2009-09-30": {
        "Diluted EPS": 0.46,
        "Total Revenue": 610,
        "Gross Profit": 136,
        "Operating Income": 21,
        "EBIT": 29,
        "Net Income": 10
    },
    "2009-06-30": {
        "Diluted EPS": 0.31,
        "Total Revenue": 596,
        "Gross Profit": 131,
        "Operating Income": 15,
        "EBIT": 15,
        "Net Income": 7
    },
    "2009-03-31": {
        "Diluted EPS": 0.0,
        "Total Revenue": NaN,
        "Gross Profit": NaN,
        "Operating Income": NaN,
        "EBIT": NaN,
        "Net Income": NaN
    },
    "2023-06-30": {
        "Tax Effect Of Unusual Items": 620571.713001,
        "Tax Rate For Calcs": 0.282206,
        "Normalized EBITDA": 56730000.0,
        "Total Unusual Items": 2199000.0,
        "Total Unusual Items Excluding Goodwill": 2199000.0,
        "Net Income From Continuing Operation Net Minority Interest": 19468000.0,
        "Reconciled Depreciation": 22458000.0,
        "Reconciled Cost Of Revenue": 1960012000.0,
        "EBITDA": 58929000.0,
        "EBIT": 36471000.0,
        "Net Interest Income": -9349000.0,
        "Interest Expense": 9349000.0,
        "Normalized Income": 17889571.713001,
        "Net Income From Continuing And Discontinued Operation": 19468000.0,
        "Total Expenses": 2278807000.0,
        "Total Operating Income As Reported": 35786000.0,
        "Diluted Average Shares": 34395000.0,
        "Basic Average Shares": 33879000.0,
        "Diluted EPS": 0.56,
        "Basic EPS": 0.57,
        "Diluted NI Availto Com Stockholders": 19328000.0,
        "Net Income Common Stockholders": 19328000.0,
        "Otherunder Preferred Stock Dividend": 140000.0,
        "Net Income": 19468000.0,
        "Net Income Including Noncontrolling Interests": 19468000.0,
        "Net Income Continuous Operations": 19468000.0,
        "Tax Provision": 7654000.0,
        "Pretax Income": 27122000.0,
        "Other Income Expense": 2884000.0,
        "Other Non Operating Income Expenses": 685000.0,
        "Special Income Charges": 2199000.0,
        "Gain On Sale Of Ppe": 2529000.0,
        "Other Special Charges": 286000.0,
        "Write Off": 0.0,
        "Restructuring And Mergern Acquisition": 44000.0,
        "Net Non Operating Interest Income Expense": -9349000.0,
        "Interest Expense Non Operating": 9349000.0,
        "Operating Income": 33587000.0,
        "Operating Expense": 318795000.0,
        "Selling General And Administration": 318795000.0,
        "Gross Profit": 352382000.0,
        "Cost Of Revenue": 1960012000.0,
        "Total Revenue": 2312394000.0,
        "Operating Revenue": 2312394000.0
    },
    "2023-09-30": {
        "Tax Effect Of Unusual Items": NaN,
        "Tax Rate For Calcs": NaN,
        "Normalized EBITDA": NaN,
        "Total Unusual Items": NaN,
        "Total Unusual Items Excluding Goodwill": NaN,
        "Net Income From Continuing Operation Net Minority Interest": NaN,
        "Reconciled Depreciation": NaN,
        "Reconciled Cost Of Revenue": NaN,
        "EBITDA": NaN,
        "EBIT": NaN,
        "Net Interest Income": NaN,
        "Interest Expense": NaN,
        "Normalized Income": NaN,
        "Net Income From Continuing And Discontinued Operation": NaN,
        "Total Expenses": NaN,
        "Total Operating Income As Reported": NaN,
        "Diluted Average Shares": 34523000.0,
        "Basic Average Shares": 34020000.0,
        "Diluted EPS": 0.32,
        "Basic EPS": 0.33,
        "Diluted NI Availto Com Stockholders": NaN,
        "Net Income Common Stockholders": NaN,
        "Otherunder Preferred Stock Dividend": NaN,
        "Net Income": NaN,
        "Net Income Including Noncontrolling Interests": NaN,
        "Net Income Continuous Operations": NaN,
        "Tax Provision": NaN,
        "Pretax Income": NaN,
        "Other Income Expense": NaN,
        "Other Non Operating Income Expenses": NaN,
        "Special Income Charges": NaN,
        "Gain On Sale Of Ppe": NaN,
        "Other Special Charges": NaN,
        "Write Off": NaN,
        "Restructuring And Mergern Acquisition": NaN,
        "Net Non Operating Interest Income Expense": NaN,
        "Interest Expense Non Operating": NaN,
        "Operating Income": NaN,
        "Operating Expense": NaN,
        "Selling General And Administration": NaN,
        "Gross Profit": NaN,
        "Cost Of Revenue": NaN,
        "Total Revenue": NaN,
        "Operating Revenue": NaN
    },
    "2023-12-31": {
        "Tax Effect Of Unusual Items": -2667762.940735,
        "Tax Rate For Calcs": 0.297211,
        "Normalized EBITDA": 56702000.0,
        "Total Unusual Items": -8976000.0,
        "Total Unusual Items Excluding Goodwill": -8976000.0,
        "Net Income From Continuing Operation Net Minority Interest": 10305000.0,
        "Reconciled Depreciation": 23394000.0,
        "Reconciled Cost Of Revenue": 1906214000.0,
        "EBITDA": 47726000.0,
        "EBIT": 24332000.0,
        "Net Interest Income": -9669000.0,
        "Interest Expense": 9669000.0,
        "Normalized Income": 16613237.059265,
        "Net Income From Continuing And Discontinued Operation": 10305000.0,
        "Total Expenses": 2212665000.0,
        "Total Operating Income As Reported": 23542000.0,
        "Diluted Average Shares": 34670000.0,
        "Basic Average Shares": 34039000.0,
        "Diluted EPS": 0.3,
        "Basic EPS": 0.3,
        "Diluted NI Availto Com Stockholders": 10230000.0,
        "Net Income Common Stockholders": 10230000.0,
        "Otherunder Preferred Stock Dividend": 75000.0,
        "Net Income": 10305000.0,
        "Net Income Including Noncontrolling Interests": 10305000.0,
        "Net Income Continuous Operations": 10305000.0,
        "Tax Provision": 4358000.0,
        "Pretax Income": 14663000.0,
        "Other Income Expense": -8186000.0,
        "Other Non Operating Income Expenses": 790000.0,
        "Special Income Charges": -8976000.0,
        "Gain On Sale Of Ppe": 144000.0,
        "Other Special Charges": -12000.0,
        "Write Off": 8004000.0,
        "Restructuring And Mergern Acquisition": 1128000.0,
        "Net Non Operating Interest Income Expense": -9669000.0,
        "Interest Expense Non Operating": 9669000.0,
        "Operating Income": 32518000.0,
        "Operating Expense": 306451000.0,
        "Selling General And Administration": 306451000.0,
        "Gross Profit": 338969000.0,
        "Cost Of Revenue": 1906214000.0,
        "Total Revenue": 2245183000.0,
        "Operating Revenue": 2245183000.0
    },
    "2024-03-31": {
        "Tax Effect Of Unusual Items": -1743170.0,
        "Tax Rate For Calcs": 0.286,
        "Normalized EBITDA": 68405000.0,
        "Total Unusual Items": -6095000.0,
        "Total Unusual Items Excluding Goodwill": -6095000.0,
        "Net Income From Continuing Operation Net Minority Interest": 12971000.0,
        "Reconciled Depreciation": 30646000.0,
        "Reconciled Cost Of Revenue": 2365919000.0,
        "EBITDA": 62310000.0,
        "EBIT": 31664000.0,
        "Net Interest Income": -13487000.0,
        "Interest Expense": 13487000.0,
        "Normalized Income": 17322830.0,
        "Net Income From Continuing And Discontinued Operation": 12971000.0,
        "Total Expenses": 2769552000.0,
        "Total Operating Income As Reported": 30616000.0,
        "Diluted Average Shares": 34376000.0,
        "Basic Average Shares": 33923000.0,
        "Diluted EPS": 0.37,
        "Basic EPS": 0.38,
        "Diluted NI Availto Com Stockholders": 12889000.0,
        "Net Income Common Stockholders": 12889000.0,
        "Otherunder Preferred Stock Dividend": 82000.0,
        "Net Income": 12971000.0,
        "Net Income Including Noncontrolling Interests": 12971000.0,
        "Net Income Continuous Operations": 12971000.0,
        "Tax Provision": 5206000.0,
        "Pretax Income": 18177000.0,
        "Other Income Expense": -5047000.0,
        "Other Non Operating Income Expenses": 1048000.0,
        "Special Income Charges": -6095000.0,
        "Gain On Sale Of Ppe": -51000.0,
        "Other Special Charges": -404000.0,
        "Write Off": 6121000.0,
        "Restructuring And Mergern Acquisition": 327000.0,
        "Net Non Operating Interest Income Expense": -13487000.0,
        "Interest Expense Non Operating": 13487000.0,
        "Operating Income": 36711000.0,
        "Operating Expense": 403633000.0,
        "Selling General And Administration": 403633000.0,
        "Gross Profit": 440344000.0,
        "Cost Of Revenue": 2365919000.0,
        "Total Revenue": 2806263000.0,
        "Operating Revenue": 2806263000.0
    },
    "2024-06-30": {
        "Tax Effect Of Unusual Items": -2511360.0,
        "Tax Rate For Calcs": 0.288,
        "Normalized EBITDA": 58738000.0,
        "Total Unusual Items": -8720000.0,
        "Total Unusual Items Excluding Goodwill": -8720000.0,
        "Net Income From Continuing Operation Net Minority Interest": 11489000.0,
        "Reconciled Depreciation": 23342000.0,
        "Reconciled Cost Of Revenue": 1877753000.0,
        "EBITDA": 50018000.0,
        "EBIT": 26676000.0,
        "Net Interest Income": -10541000.0,
        "Interest Expense": 10541000.0,
        "Normalized Income": 17697640.0,
        "Net Income From Continuing And Discontinued Operation": 11489000.0,
        "Total Expenses": 2195910000.0,
        "Total Operating Income As Reported": 26126000.0,
        "Diluted Average Shares": 33777000.0,
        "Basic Average Shares": 33545000.0,
        "Diluted EPS": 0.34,
        "Basic EPS": 0.34,
        "Diluted NI Availto Com Stockholders": 11427000.0,
        "Net Income Common Stockholders": 11427000.0,
        "Otherunder Preferred Stock Dividend": 62000.0,
        "Net Income": 11489000.0,
        "Net Income Including Noncontrolling Interests": 11489000.0,
        "Net Income Continuous Operations": 11489000.0,
        "Tax Provision": 4646000.0,
        "Pretax Income": 16135000.0,
        "Other Income Expense": -8170000.0,
        "Other Non Operating Income Expenses": 550000.0,
        "Special Income Charges": -8720000.0,
        "Gain On Sale Of Ppe": 96000.0,
        "Other Special Charges": -687000.0,
        "Write Off": 6863000.0,
        "Restructuring And Mergern Acquisition": 2640000.0,
        "Net Non Operating Interest Income Expense": -10541000.0,
        "Interest Expense Non Operating": 10541000.0,
        "Operating Income": 34846000.0,
        "Operating Expense": 318157000.0,
        "Selling General And Administration": 318157000.0,
        "Gross Profit": 353003000.0,
        "Cost Of Revenue": 1877753000.0,
        "Total Revenue": 2230756000.0,
        "Operating Revenue": 2230756000.0
    },
    "2024-09-30": {
        "Tax Effect Of Unusual Items": -1604327.0,
        "Tax Rate For Calcs": 0.283,
        "Normalized EBITDA": 54963000.0,
        "Total Unusual Items": -5669000.0,
        "Total Unusual Items Excluding Goodwill": -5669000.0,
        "Net Income From Continuing Operation Net Minority Interest": 10920000.0,
        "Reconciled Depreciation": 24159000.0,
        "Reconciled Cost Of Revenue": 1896032000.0,
        "EBITDA": 49294000.0,
        "EBIT": 25135000.0,
        "Net Interest Income": -9915000.0,
        "Interest Expense": 9915000.0,
        "Normalized Income": 14984673.0,
        "Net Income From Continuing And Discontinued Operation": 10920000.0,
        "Total Expenses": 2220093000.0,
        "Total Operating Income As Reported": 24919000.0,
        "Diluted Average Shares": 34102000.0,
        "Basic Average Shares": 33580000.0,
        "Diluted EPS": 0.32,
        "Basic EPS": 0.33,
        "Diluted NI Availto Com Stockholders": 10863000.0,
        "Net Income Common Stockholders": 10863000.0,
        "Otherunder Preferred Stock Dividend": 57000.0,
        "Net Income": 10920000.0,
        "Net Income Including Noncontrolling Interests": 10920000.0,
        "Net Income Continuous Operations": 10920000.0,
        "Tax Provision": 4300000.0,
        "Pretax Income": 15220000.0,
        "Other Income Expense": -5453000.0,
        "Other Non Operating Income Expenses": 216000.0,
        "Special Income Charges": -5669000.0,
        "Gain On Sale Of Ppe": -11000.0,
        "Other Special Charges": -394000.0,
        "Write Off": 75000.0,
        "Restructuring And Mergern Acquisition": 5977000.0,
        "Net Non Operating Interest Income Expense": -9915000.0,
        "Interest Expense Non Operating": 9915000.0,
        "Operating Income": 30588000.0,
        "Operating Expense": 324061000.0,
        "Selling General And Administration": 324061000.0,
        "Gross Profit": 354649000.0,
        "Cost Of Revenue": 1896032000.0,
        "Total Revenue": 2250681000.0,
        "Operating Revenue": 2250681000.0
    },
    "2024-12-31": {
        "Tax Effect Of Unusual Items": -5047849.378035,
        "Tax Rate For Calcs": 0.088971,
        "Normalized EBITDA": 54378000.0,
        "Total Unusual Items": -56736000.0,
        "Total Unusual Items Excluding Goodwill": -56736000.0,
        "Net Income From Continuing Operation Net Minority Interest": -35081000.0,
        "Reconciled Depreciation": 25265000.0,
        "Reconciled Cost Of Revenue": 1897122000.0,
        "EBITDA": -2358000.0,
        "EBIT": -27623000.0,
        "Net Interest Income": -10884000.0,
        "Interest Expense": 10884000.0,
        "Normalized Income": 16607150.621965,
        "Net Income From Continuing And Discontinued Operation": -35081000.0,
        "Total Expenses": 2232588000.0,
        "Total Operating Income As Reported": -27700000.0,
        "Diluted Average Shares": NaN,
        "Basic Average Shares": NaN,
        "Diluted EPS": NaN,
        "Basic EPS": NaN,
        "Diluted NI Availto Com Stockholders": -34881000.0,
        "Net Income Common Stockholders": -34881000.0,
        "Otherunder Preferred Stock Dividend": -200000.0,
        "Net Income": -35081000.0,
        "Net Income Including Noncontrolling Interests": -35081000.0,
        "Net Income Continuous Operations": -35081000.0,
        "Tax Provision": -3426000.0,
        "Pretax Income": -38507000.0,
        "Other Income Expense": -56659000.0,
        "Other Non Operating Income Expenses": 77000.0,
        "Special Income Charges": -56736000.0,
        "Gain On Sale Of Ppe": -1588000.0,
        "Other Special Charges": 1783000.0,
        "Write Off": 7861000.0,
        "Restructuring And Mergern Acquisition": -212000.0,
        "Net Non Operating Interest Income Expense": -10884000.0,
        "Interest Expense Non Operating": 10884000.0,
        "Operating Income": 29036000.0,
        "Operating Expense": 335466000.0,
        "Selling General And Administration": 335466000.0,
        "Gross Profit": 364502000.0,
        "Cost Of Revenue": 1897122000.0,
        "Total Revenue": 2261624000.0,
        "Operating Revenue": 2261624000.0
    }
}