{
    "2023-04-30": {
        "Tax Effect Of Unusual Items": NaN,
        "Tax Rate For Calcs": NaN,
        "Normalized EBITDA": NaN,
        "Net Income From Continuing Operation Net Minority Interest": NaN,
        "Reconciled Depreciation": NaN,
        "Reconciled Cost Of Revenue": NaN,
        "EBITDA": NaN,
        "EBIT": NaN,
        "Net Interest Income": NaN,
        "Interest Expense": NaN,
        "Normalized Income": NaN,
        "Net Income From Continuing And Discontinued Operation": NaN,
        "Total Expenses": NaN,
        "Total Operating Income As Reported": NaN,
        "Diluted Average Shares": 37610000.0,
        "Basic Average Shares": 37610000.0,
        "Diluted EPS": -0.42,
        "Basic EPS": -0.42,
        "Diluted NI Availto Com Stockholders": NaN,
        "Net Income Common Stockholders": NaN,
        "Net Income": NaN,
        "Net Income Including Noncontrolling Interests": NaN,
        "Net Income Continuous Operations": NaN,
        "Tax Provision": NaN,
        "Pretax Income": NaN,
        "Other Income Expense": NaN,
        "Other Non Operating Income Expenses": NaN,
        "Net Non Operating Interest Income Expense": NaN,
        "Interest Expense Non Operating": NaN,
        "Operating Income": NaN,
        "Operating Expense": NaN,
        "Selling General And Administration": NaN,
        "Gross Profit": NaN,
        "Cost Of Revenue": NaN,
        "Total Revenue": NaN,
        "Operating Revenue": NaN
    },
    "2023-01-31": {
        "Tax Effect Of Unusual Items": NaN,
        "Tax Rate For Calcs": NaN,
        "Normalized EBITDA": NaN,
        "Net Income From Continuing Operation Net Minority Interest": NaN,
        "Reconciled Depreciation": NaN,
        "Reconciled Cost Of Revenue": NaN,
        "EBITDA": NaN,
        "EBIT": NaN,
        "Net Interest Income": NaN,
        "Interest Expense": NaN,
        "Normalized Income": NaN,
        "Net Income From Continuing And Discontinued Operation": NaN,
        "Total Expenses": NaN,
        "Total Operating Income As Reported": NaN,
        "Diluted Average Shares": 37944000.0,
        "Basic Average Shares": 37642000.0,
        "Diluted EPS": 0.29,
        "Basic EPS": 0.29,
        "Diluted NI Availto Com Stockholders": NaN,
        "Net Income Common Stockholders": NaN,
        "Net Income": NaN,
        "Net Income Including Noncontrolling Interests": NaN,
        "Net Income Continuous Operations": NaN,
        "Tax Provision": NaN,
        "Pretax Income": NaN,
        "Net Non Operating Interest Income Expense": NaN,
        "Interest Expense Non Operating": NaN,
        "Operating Income": NaN,
        "Operating Expense": NaN,
        "Selling General And Administration": NaN,
        "Gross Profit": NaN,
        "Cost Of Revenue": NaN,
        "Total Revenue": NaN,
        "Operating Revenue": NaN
    },
    "2022-10-31": {
        "Tax Effect Of Unusual Items": NaN,
        "Tax Rate For Calcs": NaN,
        "Normalized EBITDA": NaN,
        "Net Income From Continuing Operation Net Minority Interest": NaN,
        "Reconciled Depreciation": NaN,
        "Reconciled Cost Of Revenue": NaN,
        "EBITDA": NaN,
        "EBIT": NaN,
        "Net Interest Income": NaN,
        "Interest Expense": NaN,
        "Normalized Income": NaN,
        "Net Income From Continuing And Discontinued Operation": NaN,
        "Total Expenses": NaN,
        "Total Operating Income As Reported": NaN,
        "Diluted Average Shares": 38681000.0,
        "Basic Average Shares": 38414000.0,
        "Diluted EPS": 0.33,
        "Basic EPS": 0.34,
        "Diluted NI Availto Com Stockholders": NaN,
        "Net Income Common Stockholders": NaN,
        "Net Income": NaN,
        "Net Income Including Noncontrolling Interests": NaN,
        "Net Income Continuous Operations": NaN,
        "Tax Provision": NaN,
        "Pretax Income": NaN,
        "Net Non Operating Interest Income Expense": NaN,
        "Interest Expense Non Operating": NaN,
        "Operating Income": NaN,
        "Operating Expense": NaN,
        "Selling General And Administration": NaN,
        "Gross Profit": NaN,
        "Cost Of Revenue": NaN,
        "Total Revenue": NaN,
        "Operating Revenue": NaN
    },
    "2022-07-31": {
        "Tax Effect Of Unusual Items": 0.0,
        "Tax Rate For Calcs": 0.260013,
        "Normalized EBITDA": 28278000.0,
        "Total Unusual Items": NaN,
        "Total Unusual Items Excluding Goodwill": NaN,
        "Net Income From Continuing Operation Net Minority Interest": 14614000.0,
        "Reconciled Depreciation": 7762000.0,
        "Reconciled Cost Of Revenue": 233482000.0,
        "EBITDA": 28278000.0,
        "EBIT": 20516000.0,
        "Net Interest Income": -767000.0,
        "Interest Expense": 767000.0,
        "Normalized Income": 14614000.0,
        "Net Income From Continuing And Discontinued Operation": 14614000.0,
        "Total Expenses": 330505000.0,
        "Total Operating Income As Reported": 20516000.0,
        "Diluted Average Shares": 42194000.0,
        "Basic Average Shares": 41962000.0,
        "Diluted EPS": 0.35,
        "Basic EPS": 0.35,
        "Diluted NI Availto Com Stockholders": 14614000.0,
        "Net Income Common Stockholders": 14614000.0,
        "Net Income": 14614000.0,
        "Net Income Including Noncontrolling Interests": 14614000.0,
        "Net Income Continuous Operations": 14614000.0,
        "Tax Provision": 5135000.0,
        "Pretax Income": 19749000.0,
        "Special Income Charges": NaN,
        "Restructuring And Mergern Acquisition": NaN,
        "Net Non Operating Interest Income Expense": -767000.0,
        "Interest Expense Non Operating": 767000.0,
        "Operating Income": 20516000.0,
        "Operating Expense": 97023000.0,
        "Selling General And Administration": 97023000.0,
        "Gross Profit": 117539000.0,
        "Cost Of Revenue": 233482000.0,
        "Total Revenue": 351021000.0,
        "Operating Revenue": 351021000.0
    },
    "2022-04-30": {
        "Diluted EPS": 0.05,
        "Total Revenue": 310,
        "Gross Profit": 99,
        "Operating Income": 3,
        "EBIT": 10,
        "Net Income": 2
    },
    "2022-01-31": {
        "Diluted EPS": 1.32,
        "Total Revenue": 416,
        "Gross Profit": 137,
        "Operating Income": 23,
        "EBIT": 31,
        "Net Income": 58
    },
    "2021-10-31": {
        "Diluted EPS": 0.49,
        "Total Revenue": 401,
        "Gross Profit": 130,
        "Operating Income": 30,
        "EBIT": 36,
        "Net Income": 22
    },
    "2021-07-31": {
        "Diluted EPS": 0.4,
        "Total Revenue": 362,
        "Gross Profit": 120,
        "Operating Income": 24,
        "EBIT": 31,
        "Net Income": 18
    },
    "2021-04-30": {
        "Diluted EPS": 0.23,
        "Total Revenue": 327,
        "Gross Profit": 104,
        "Operating Income": 14,
        "EBIT": 19,
        "Net Income": 10
    },
    "2021-01-31": {
        "Diluted EPS": 0.68,
        "Total Revenue": 438,
        "Gross Profit": 142,
        "Operating Income": 39,
        "EBIT": 45,
        "Net Income": 30
    },
    "2020-10-31": {
        "Diluted EPS": 0.68,
        "Total Revenue": 386,
        "Gross Profit": 131,
        "Operating Income": 38,
        "EBIT": 44,
        "Net Income": 30
    },
    "2020-07-31": {
        "Diluted EPS": 0.73,
        "Total Revenue": 381,
        "Gross Profit": 129,
        "Operating Income": 45,
        "EBIT": 51,
        "Net Income": 32
    },
    "2020-04-30": {
        "Diluted EPS": -0.03,
        "Total Revenue": 247,
        "Gross Profit": 75,
        "Operating Income": 0,
        "EBIT": 5,
        "Net Income": -1
    },
    "2020-01-31": {
        "Diluted EPS": 0.22,
        "Total Revenue": 258,
        "Gross Profit": 85,
        "Operating Income": 13,
        "EBIT": 19,
        "Net Income": 10
    },
    "2019-10-31": {
        "Diluted EPS": 0.24,
        "Total Revenue": 242,
        "Gross Profit": 84,
        "Operating Income": 16,
        "EBIT": 21,
        "Net Income": 10
    },
    "2019-07-31": {
        "Diluted EPS": 0.13,
        "Total Revenue": 212,
        "Gross Profit": 73,
        "Operating Income": 10,
        "EBIT": 14,
        "Net Income": 5
    },
    "2019-04-30": {
        "Diluted EPS": -0.13,
        "Total Revenue": 174,
        "Gross Profit": 54,
        "Operating Income": -5,
        "EBIT": -1,
        "Net Income": -5
    },
    "2019-01-31": {
        "Diluted EPS": 0.25,
        "Total Revenue": 243,
        "Gross Profit": 80,
        "Operating Income": 17,
        "EBIT": 22,
        "Net Income": 11
    },
    "2018-10-31": {
        "Diluted EPS": 0.29,
        "Total Revenue": 223,
        "Gross Profit": 78,
        "Operating Income": 18,
        "EBIT": 22,
        "Net Income": 12
    },
    "2018-07-31": {
        "Diluted EPS": 0.15,
        "Total Revenue": 203,
        "Gross Profit": 72,
        "Operating Income": 13,
        "EBIT": 19,
        "Net Income": 7
    },
    "2018-04-30": {
        "Diluted EPS": -0.14,
        "Total Revenue": 180,
        "Gross Profit": 56,
        "Operating Income": -4,
        "EBIT": 1,
        "Net Income": -6
    },
    "2018-01-31": {
        "Diluted EPS": 0.15,
        "Total Revenue": 243,
        "Gross Profit": 80,
        "Operating Income": 17,
        "EBIT": 22,
        "Net Income": 6
    },
    "2017-10-31": {
        "Diluted EPS": 0.23,
        "Total Revenue": 218,
        "Gross Profit": 77,
        "Operating Income": 20,
        "EBIT": 24,
        "Net Income": 10
    },
    "2017-07-31": {
        "Diluted EPS": 0.15,
        "Total Revenue": 191,
        "Gross Profit": 69,
        "Operating Income": 14,
        "EBIT": 19,
        "Net Income": 7
    },
    "2017-04-30": {
        "Diluted EPS": -0.11,
        "Total Revenue": 157,
        "Gross Profit": 49,
        "Operating Income": -4,
        "EBIT": 0,
        "Net Income": -5
    },
    "2017-01-31": {
        "Diluted EPS": 0.24,
        "Total Revenue": 221,
        "Gross Profit": 74,
        "Operating Income": 21,
        "EBIT": 25,
        "Net Income": 11
    },
    "2016-10-31": {
        "Diluted EPS": 0.25,
        "Total Revenue": 217,
        "Gross Profit": 74,
        "Operating Income": 21,
        "EBIT": 25,
        "Net Income": 11
    },
    "2016-07-31": {
        "Diluted EPS": 0.2,
        "Total Revenue": 190,
        "Gross Profit": 66,
        "Operating Income": 17,
        "EBIT": 20,
        "Net Income": 8
    },
    "2016-04-30": {
        "Diluted EPS": 0.01,
        "Total Revenue": 152,
        "Gross Profit": 48,
        "Operating Income": 2,
        "EBIT": 6,
        "Net Income": 0
    },
    "2016-01-31": {
        "Diluted EPS": 0.27,
        "Total Revenue": 209,
        "Gross Profit": 71,
        "Operating Income": 22,
        "EBIT": 25,
        "Net Income": 11
    },
    "2015-10-31": {
        "Diluted EPS": 0.23,
        "Total Revenue": 192,
        "Gross Profit": 67,
        "Operating Income": 19,
        "EBIT": 22,
        "Net Income": 10
    },
    "2015-07-31": {
        "Diluted EPS": 0.19,
        "Total Revenue": 167,
        "Gross Profit": 58,
        "Operating Income": 17,
        "EBIT": 20,
        "Net Income": 8
    },
    "2015-04-30": {
        "Diluted EPS": -0.03,
        "Total Revenue": 139,
        "Gross Profit": 43,
        "Operating Income": 1,
        "EBIT": 4,
        "Net Income": -1
    },
    "2015-01-31": {
        "Diluted EPS": 0.11,
        "Total Revenue": 165,
        "Gross Profit": 62,
        "Operating Income": 14,
        "EBIT": 22,
        "Net Income": 3
    },
    "2014-10-31": {
        "Diluted EPS": 0.21,
        "Total Revenue": 183,
        "Gross Profit": 61,
        "Operating Income": 19,
        "EBIT": 21,
        "Net Income": 9
    },
    "2014-07-31": {
        "Diluted EPS": 0.12,
        "Total Revenue": 159,
        "Gross Profit": 53,
        "Operating Income": 12,
        "EBIT": 15,
        "Net Income": 5
    },
    "2014-04-30": {
        "Diluted EPS": -0.1,
        "Total Revenue": 132,
        "Gross Profit": 40,
        "Operating Income": 0,
        "EBIT": 2,
        "Net Income": -3
    },
    "2014-01-31": {
        "Diluted EPS": 0.22,
        "Total Revenue": 176,
        "Gross Profit": 57,
        "Operating Income": 16,
        "EBIT": 19,
        "Net Income": 7
    },
    "2013-10-31": {
        "Diluted EPS": 0.07,
        "Total Revenue": 175,
        "Gross Profit": 55,
        "Operating Income": 17,
        "EBIT": 25,
        "Net Income": 2
    },
    "2013-07-31": {
        "Diluted EPS": 0.23,
        "Total Revenue": 156,
        "Gross Profit": 52,
        "Operating Income": 16,
        "EBIT": 18,
        "Net Income": 8
    },
    "2013-04-30": {
        "Diluted EPS": 0.13,
        "Total Revenue": 137,
        "Gross Profit": 43,
        "Operating Income": 11,
        "EBIT": 12,
        "Net Income": 4
    },
    "2013-01-31": {
        "Diluted EPS": 0.0,
        "Total Revenue": NaN,
        "Gross Profit": NaN,
        "Operating Income": NaN,
        "EBIT": NaN,
        "Net Income": NaN
    },
    "2012-01-31": {
        "Diluted EPS": 0.0,
        "Total Revenue": NaN,
        "Gross Profit": NaN,
        "Operating Income": NaN,
        "EBIT": NaN,
        "Net Income": NaN
    },
    "2023-07-31": {
        "Tax Effect Of Unusual Items": NaN,
        "Tax Rate For Calcs": NaN,
        "Normalized EBITDA": NaN,
        "Net Income From Continuing Operation Net Minority Interest": NaN,
        "Reconciled Depreciation": NaN,
        "Reconciled Cost Of Revenue": NaN,
        "EBITDA": NaN,
        "EBIT": NaN,
        "Net Interest Income": NaN,
        "Interest Expense": NaN,
        "Normalized Income": NaN,
        "Net Income From Continuing And Discontinued Operation": NaN,
        "Total Expenses": NaN,
        "Total Operating Income As Reported": NaN,
        "Diluted Average Shares": 37498000.0,
        "Basic Average Shares": 37498000.0,
        "Diluted EPS": -0.09,
        "Basic EPS": -0.09,
        "Diluted NI Availto Com Stockholders": NaN,
        "Net Income Common Stockholders": NaN,
        "Net Income": NaN,
        "Net Income Including Noncontrolling Interests": NaN,
        "Net Income Continuous Operations": NaN,
        "Tax Provision": NaN,
        "Pretax Income": NaN,
        "Other Income Expense": NaN,
        "Other Non Operating Income Expenses": NaN,
        "Net Non Operating Interest Income Expense": NaN,
        "Interest Expense Non Operating": NaN,
        "Operating Income": NaN,
        "Operating Expense": NaN,
        "Selling General And Administration": NaN,
        "Gross Profit": NaN,
        "Cost Of Revenue": NaN,
        "Total Revenue": NaN,
        "Operating Revenue": NaN
    },
    "2023-10-31": {
        "Tax Effect Of Unusual Items": NaN,
        "Tax Rate For Calcs": NaN,
        "Normalized EBITDA": NaN,
        "Net Income From Continuing Operation Net Minority Interest": NaN,
        "Reconciled Depreciation": NaN,
        "Reconciled Cost Of Revenue": NaN,
        "EBITDA": NaN,
        "EBIT": NaN,
        "Net Interest Income": NaN,
        "Interest Expense": NaN,
        "Normalized Income": NaN,
        "Net Income From Continuing And Discontinued Operation": NaN,
        "Total Expenses": NaN,
        "Total Operating Income As Reported": NaN,
        "Diluted Average Shares": 37393000.0,
        "Basic Average Shares": 37393000.0,
        "Diluted EPS": -0.04,
        "Basic EPS": -0.04,
        "Diluted NI Availto Com Stockholders": NaN,
        "Net Income Common Stockholders": NaN,
        "Net Income": NaN,
        "Net Income Including Noncontrolling Interests": NaN,
        "Net Income Continuous Operations": NaN,
        "Tax Provision": NaN,
        "Pretax Income": NaN,
        "Other Income Expense": NaN,
        "Other Non Operating Income Expenses": NaN,
        "Net Non Operating Interest Income Expense": NaN,
        "Interest Expense Non Operating": NaN,
        "Operating Income": NaN,
        "Operating Expense": NaN,
        "Selling General And Administration": NaN,
        "Gross Profit": NaN,
        "Cost Of Revenue": NaN,
        "Total Revenue": NaN,
        "Operating Revenue": NaN
    },
    "2024-01-31": {
        "Tax Effect Of Unusual Items": NaN,
        "Tax Rate For Calcs": NaN,
        "Normalized EBITDA": NaN,
        "Net Income From Continuing Operation Net Minority Interest": NaN,
        "Reconciled Depreciation": NaN,
        "Reconciled Cost Of Revenue": NaN,
        "EBITDA": NaN,
        "EBIT": NaN,
        "Net Interest Income": NaN,
        "Interest Expense": NaN,
        "Normalized Income": NaN,
        "Net Income From Continuing And Discontinued Operation": NaN,
        "Total Expenses": NaN,
        "Total Operating Income As Reported": NaN,
        "Diluted Average Shares": 37457000.0,
        "Basic Average Shares": 37457000.0,
        "Diluted EPS": -0.23,
        "Basic EPS": -0.23,
        "Diluted NI Availto Com Stockholders": NaN,
        "Net Income Common Stockholders": NaN,
        "Net Income": NaN,
        "Net Income Including Noncontrolling Interests": NaN,
        "Net Income Continuous Operations": NaN,
        "Tax Provision": NaN,
        "Pretax Income": NaN,
        "Other Income Expense": NaN,
        "Other Non Operating Income Expenses": NaN,
        "Net Non Operating Interest Income Expense": NaN,
        "Interest Expense Non Operating": NaN,
        "Operating Income": NaN,
        "Operating Expense": NaN,
        "Selling General And Administration": NaN,
        "Gross Profit": NaN,
        "Cost Of Revenue": NaN,
        "Total Revenue": NaN,
        "Operating Revenue": NaN
    },
    "2024-04-30": {
        "Tax Effect Of Unusual Items": 0.0,
        "Tax Rate For Calcs": 0.232,
        "Normalized EBITDA": -10235000.0,
        "Net Income From Continuing Operation Net Minority Interest": -18066000.0,
        "Reconciled Depreciation": 10392000.0,
        "Reconciled Cost Of Revenue": 170454000.0,
        "EBITDA": -10235000.0,
        "EBIT": -20627000.0,
        "Net Interest Income": -2908000.0,
        "Interest Expense": 2908000.0,
        "Normalized Income": -18066000.0,
        "Net Income From Continuing And Discontinued Operation": -18066000.0,
        "Total Expenses": 264867000.0,
        "Total Operating Income As Reported": -20627000.0,
        "Diluted Average Shares": 37567000.0,
        "Basic Average Shares": 37567000.0,
        "Diluted EPS": -0.48,
        "Basic EPS": -0.48,
        "Diluted NI Availto Com Stockholders": -18066000.0,
        "Net Income Common Stockholders": -18066000.0,
        "Net Income": -18066000.0,
        "Net Income Including Noncontrolling Interests": -18066000.0,
        "Net Income Continuous Operations": -18066000.0,
        "Tax Provision": -5469000.0,
        "Pretax Income": -23535000.0,
        "Other Income Expense": NaN,
        "Other Non Operating Income Expenses": NaN,
        "Net Non Operating Interest Income Expense": -2908000.0,
        "Interest Expense Non Operating": 2908000.0,
        "Operating Income": -20627000.0,
        "Operating Expense": 94413000.0,
        "Selling General And Administration": 94413000.0,
        "Gross Profit": 73786000.0,
        "Cost Of Revenue": 170454000.0,
        "Total Revenue": 244240000.0,
        "Operating Revenue": 244240000.0
    },
    "2024-07-31": {
        "Tax Effect Of Unusual Items": NaN,
        "Tax Rate For Calcs": NaN,
        "Normalized EBITDA": NaN,
        "Total Unusual Items": NaN,
        "Total Unusual Items Excluding Goodwill": NaN,
        "Net Income From Continuing Operation Net Minority Interest": NaN,
        "Reconciled Depreciation": NaN,
        "Reconciled Cost Of Revenue": NaN,
        "EBITDA": NaN,
        "EBIT": NaN,
        "Net Interest Income": NaN,
        "Interest Expense": NaN,
        "Normalized Income": NaN,
        "Net Income From Continuing And Discontinued Operation": NaN,
        "Total Expenses": NaN,
        "Rent Expense Supplemental": NaN,
        "Total Operating Income As Reported": NaN,
        "Diluted Average Shares": NaN,
        "Basic Average Shares": NaN,
        "Diluted EPS": NaN,
        "Basic EPS": NaN,
        "Diluted NI Availto Com Stockholders": NaN,
        "Net Income Common Stockholders": NaN,
        "Net Income": NaN,
        "Net Income Including Noncontrolling Interests": NaN,
        "Net Income Continuous Operations": NaN,
        "Tax Provision": NaN,
        "Pretax Income": NaN,
        "Other Income Expense": -457000.0,
        "Other Non Operating Income Expenses": -457000.0,
        "Special Income Charges": NaN,
        "Other Special Charges": NaN,
        "Net Non Operating Interest Income Expense": NaN,
        "Interest Expense Non Operating": NaN,
        "Operating Income": NaN,
        "Operating Expense": NaN,
        "Other Operating Expenses": NaN,
        "Depreciation Amortization Depletion Income Statement": NaN,
        "Depreciation And Amortization In Income Statement": NaN,
        "Selling General And Administration": NaN,
        "General And Administrative Expense": NaN,
        "Rent And Landing Fees": NaN,
        "Salaries And Wages": NaN,
        "Gross Profit": NaN,
        "Cost Of Revenue": NaN,
        "Total Revenue": NaN,
        "Operating Revenue": NaN
    },
    "2024-10-31": {
        "Tax Effect Of Unusual Items": -473130.0,
        "Tax Rate For Calcs": 0.21,
        "Normalized EBITDA": 15352000.0,
        "Total Unusual Items": -2253000.0,
        "Total Unusual Items Excluding Goodwill": -2253000.0,
        "Net Income From Continuing Operation Net Minority Interest": -364000.0,
        "Reconciled Depreciation": 9984000.0,
        "Reconciled Cost Of Revenue": 221173000.0,
        "EBITDA": 13099000.0,
        "EBIT": 3115000.0,
        "Net Interest Income": -3317000.0,
        "Interest Expense": 3317000.0,
        "Normalized Income": 1415870.0,
        "Net Income From Continuing And Discontinued Operation": -364000.0,
        "Total Expenses": 318893000.0,
        "Rent Expense Supplemental": 23244000.0,
        "Total Operating Income As Reported": 3115000.0,
        "Diluted Average Shares": 37869000.0,
        "Basic Average Shares": 37869000.0,
        "Diluted EPS": -0.01,
        "Basic EPS": -0.01,
        "Diluted NI Availto Com Stockholders": -364000.0,
        "Net Income Common Stockholders": -364000.0,
        "Net Income": -364000.0,
        "Net Income Including Noncontrolling Interests": -364000.0,
        "Net Income Continuous Operations": -364000.0,
        "Tax Provision": 162000.0,
        "Pretax Income": -202000.0,
        "Other Income Expense": -2253000.0,
        "Other Non Operating Income Expenses": NaN,
        "Special Income Charges": -2253000.0,
        "Other Special Charges": 2253000.0,
        "Net Non Operating Interest Income Expense": -3317000.0,
        "Interest Expense Non Operating": 3317000.0,
        "Operating Income": 5368000.0,
        "Operating Expense": 97720000.0,
        "Other Operating Expenses": 22145000.0,
        "Depreciation Amortization Depletion Income Statement": 9984000.0,
        "Depreciation And Amortization In Income Statement": 9984000.0,
        "Selling General And Administration": 65591000.0,
        "General And Administrative Expense": 65591000.0,
        "Rent And Landing Fees": 23244000.0,
        "Salaries And Wages": 42347000.0,
        "Gross Profit": 103088000.0,
        "Cost Of Revenue": 221173000.0,
        "Total Revenue": 324261000.0,
        "Operating Revenue": 324261000.0
    },
    "2025-01-31": {
        "Tax Effect Of Unusual Items": 0.0,
        "Tax Rate For Calcs": 0.21,
        "Normalized EBITDA": 13403000.0,
        "Total Unusual Items": NaN,
        "Total Unusual Items Excluding Goodwill": NaN,
        "Net Income From Continuing Operation Net Minority Interest": -8723000.0,
        "Reconciled Depreciation": 9962000.0,
        "Reconciled Cost Of Revenue": 236824000.0,
        "EBITDA": 13403000.0,
        "EBIT": 3441000.0,
        "Net Interest Income": -2870000.0,
        "Interest Expense": 2870000.0,
        "Normalized Income": -8723000.0,
        "Net Income From Continuing And Discontinued Operation": -8723000.0,
        "Total Expenses": 333417000.0,
        "Rent Expense Supplemental": NaN,
        "Total Operating Income As Reported": 3596000.0,
        "Diluted Average Shares": 38045000.0,
        "Basic Average Shares": 38045000.0,
        "Diluted EPS": -0.23,
        "Basic EPS": -0.23,
        "Diluted NI Availto Com Stockholders": -8723000.0,
        "Net Income Common Stockholders": -8723000.0,
        "Net Income": -8723000.0,
        "Net Income Including Noncontrolling Interests": -8723000.0,
        "Net Income Continuous Operations": -8723000.0,
        "Tax Provision": 9294000.0,
        "Pretax Income": 571000.0,
        "Other Income Expense": -3540000.0,
        "Other Non Operating Income Expenses": -155000.0,
        "Special Income Charges": NaN,
        "Other Special Charges": NaN,
        "Net Non Operating Interest Income Expense": -2870000.0,
        "Interest Expense Non Operating": 2870000.0,
        "Operating Income": 6981000.0,
        "Operating Expense": 96593000.0,
        "Other Operating Expenses": NaN,
        "Depreciation Amortization Depletion Income Statement": NaN,
        "Depreciation And Amortization In Income Statement": NaN,
        "Selling General And Administration": -30079000.0,
        "General And Administrative Expense": NaN,
        "Rent And Landing Fees": NaN,
        "Salaries And Wages": NaN,
        "Gross Profit": 103574000.0,
        "Cost Of Revenue": 236824000.0,
        "Total Revenue": 340398000.0,
        "Operating Revenue": 340398000.0
    },
    "2025-04-30": {
        "Tax Effect Of Unusual Items": 0.0,
        "Tax Rate For Calcs": 0.059,
        "Normalized EBITDA": -9753000.0,
        "Total Unusual Items": NaN,
        "Total Unusual Items Excluding Goodwill": NaN,
        "Net Income From Continuing Operation Net Minority Interest": -21254000.0,
        "Reconciled Depreciation": 9860000.0,
        "Reconciled Cost Of Revenue": 173460000.0,
        "EBITDA": -9753000.0,
        "EBIT": -19613000.0,
        "Net Interest Income": -2971000.0,
        "Interest Expense": 2971000.0,
        "Normalized Income": -21254000.0,
        "Net Income From Continuing And Discontinued Operation": -21254000.0,
        "Total Expenses": 268716000.0,
        "Rent Expense Supplemental": NaN,
        "Total Operating Income As Reported": -19613000.0,
        "Diluted Average Shares": 38144000.0,
        "Basic Average Shares": 38144000.0,
        "Diluted EPS": -0.56,
        "Basic EPS": -0.56,
        "Diluted NI Availto Com Stockholders": -21254000.0,
        "Net Income Common Stockholders": -21254000.0,
        "Net Income": -21254000.0,
        "Net Income Including Noncontrolling Interests": -21254000.0,
        "Net Income Continuous Operations": -21254000.0,
        "Tax Provision": -1330000.0,
        "Pretax Income": -22584000.0,
        "Other Income Expense": NaN,
        "Other Non Operating Income Expenses": NaN,
        "Special Income Charges": NaN,
        "Other Special Charges": NaN,
        "Net Non Operating Interest Income Expense": -2971000.0,
        "Interest Expense Non Operating": 2971000.0,
        "Operating Income": -19613000.0,
        "Operating Expense": 95256000.0,
        "Other Operating Expenses": NaN,
        "Depreciation Amortization Depletion Income Statement": NaN,
        "Depreciation And Amortization In Income Statement": NaN,
        "Selling General And Administration": 95256000.0,
        "General And Administrative Expense": NaN,
        "Rent And Landing Fees": NaN,
        "Salaries And Wages": NaN,
        "Gross Profit": 75643000.0,
        "Cost Of Revenue": 173460000.0,
        "Total Revenue": 249103000.0,
        "Operating Revenue": 249103000.0
    },
    "2025-07-31": {
        "Tax Effect Of Unusual Items": 0.0,
        "Tax Rate For Calcs": 0.21,
        "Normalized EBITDA": 6705000.0,
        "Total Unusual Items": NaN,
        "Total Unusual Items Excluding Goodwill": NaN,
        "Net Income From Continuing Operation Net Minority Interest": -7083000.0,
        "Reconciled Depreciation": 9922000.0,
        "Reconciled Cost Of Revenue": 199950000.0,
        "EBITDA": 6705000.0,
        "EBIT": -3217000.0,
        "Net Interest Income": -3769000.0,
        "Interest Expense": 3769000.0,
        "Normalized Income": -7083000.0,
        "Net Income From Continuing And Discontinued Operation": -7083000.0,
        "Total Expenses": 297116000.0,
        "Rent Expense Supplemental": NaN,
        "Total Operating Income As Reported": -3217000.0,
        "Diluted Average Shares": 38376000.0,
        "Basic Average Shares": 38376000.0,
        "Diluted EPS": -0.18,
        "Basic EPS": -0.18,
        "Diluted NI Availto Com Stockholders": -7083000.0,
        "Net Income Common Stockholders": -7083000.0,
        "Net Income": -7083000.0,
        "Net Income Including Noncontrolling Interests": -7083000.0,
        "Net Income Continuous Operations": -7083000.0,
        "Tax Provision": 97000.0,
        "Pretax Income": -6986000.0,
        "Other Income Expense": NaN,
        "Other Non Operating Income Expenses": NaN,
        "Special Income Charges": NaN,
        "Other Special Charges": NaN,
        "Net Non Operating Interest Income Expense": -3769000.0,
        "Interest Expense Non Operating": 3769000.0,
        "Operating Income": -3217000.0,
        "Operating Expense": 97166000.0,
        "Other Operating Expenses": NaN,
        "Depreciation Amortization Depletion Income Statement": NaN,
        "Depreciation And Amortization In Income Statement": NaN,
        "Selling General And Administration": 97166000.0,
        "General And Administrative Expense": NaN,
        "Rent And Landing Fees": NaN,
        "Salaries And Wages": NaN,
        "Gross Profit": 93949000.0,
        "Cost Of Revenue": 199950000.0,
        "Total Revenue": 293899000.0,
        "Operating Revenue": 293899000.0
    },
    "2025-10-31": {
        "Tax Effect Of Unusual Items": -912240.0,
        "Tax Rate For Calcs": 0.21,
        "Normalized EBITDA": 18230000.0,
        "Total Unusual Items": -4344000.0,
        "Total Unusual Items Excluding Goodwill": -4344000.0,
        "Net Income From Continuing Operation Net Minority Interest": 8000.0,
        "Reconciled Depreciation": 9619000.0,
        "Reconciled Cost Of Revenue": 222604000.0,
        "EBITDA": 13886000.0,
        "EBIT": 4267000.0,
        "Net Interest Income": -4053000.0,
        "Interest Expense": 4053000.0,
        "Normalized Income": 3439760.0,
        "Net Income From Continuing And Discontinued Operation": 8000.0,
        "Total Expenses": 322712000.0,
        "Rent Expense Supplemental": 23356000.0,
        "Total Operating Income As Reported": 4267000.0,
        "Diluted Average Shares": 39155000.0,
        "Basic Average Shares": 38457000.0,
        "Diluted EPS": 0.0,
        "Basic EPS": 0.0,
        "Diluted NI Availto Com Stockholders": 8000.0,
        "Net Income Common Stockholders": 8000.0,
        "Net Income": 8000.0,
        "Net Income Including Noncontrolling Interests": 8000.0,
        "Net Income Continuous Operations": 8000.0,
        "Tax Provision": 206000.0,
        "Pretax Income": 214000.0,
        "Other Income Expense": -4344000.0,
        "Other Non Operating Income Expenses": NaN,
        "Special Income Charges": -4344000.0,
        "Other Special Charges": 4344000.0,
        "Net Non Operating Interest Income Expense": -4053000.0,
        "Interest Expense Non Operating": 4053000.0,
        "Operating Income": 8611000.0,
        "Operating Expense": 100108000.0,
        "Other Operating Expenses": 23273000.0,
        "Depreciation Amortization Depletion Income Statement": 9619000.0,
        "Depreciation And Amortization In Income Statement": 9619000.0,
        "Selling General And Administration": 67216000.0,
        "General And Administrative Expense": 67216000.0,
        "Rent And Landing Fees": 23356000.0,
        "Salaries And Wages": 43860000.0,
        "Gross Profit": 108719000.0,
        "Cost Of Revenue": 222604000.0,
        "Total Revenue": 331323000.0,
        "Operating Revenue": 331323000.0
    }
}