{
    "2023-03-31": {
        "Tax Effect Of Unusual Items": 0.0,
        "Tax Rate For Calcs": 0.21,
        "Normalized EBITDA": -30186000.0,
        "Total Unusual Items": 0.0,
        "Total Unusual Items Excluding Goodwill": 0.0,
        "Net Income From Continuing Operation Net Minority Interest": -47354000.0,
        "Reconciled Depreciation": 10269000.0,
        "Reconciled Cost Of Revenue": 353229000.0,
        "EBITDA": -30186000.0,
        "EBIT": -40455000.0,
        "Net Interest Income": -4847000.0,
        "Interest Expense": 5678000.0,
        "Interest Income": 831000.0,
        "Normalized Income": -47354000.0,
        "Net Income From Continuing And Discontinued Operation": -54636000.0,
        "Total Expenses": 464570000.0,
        "Total Operating Income As Reported": -30303000.0,
        "Diluted Average Shares": 174528000.0,
        "Basic Average Shares": 174528000.0,
        "Diluted EPS": -0.29,
        "Basic EPS": -0.29,
        "Diluted NI Availto Com Stockholders": -54636000.0,
        "Net Income Common Stockholders": -54636000.0,
        "Net Income": -54636000.0,
        "Minority Interests": -81000.0,
        "Net Income Including Noncontrolling Interests": -54555000.0,
        "Net Income Discontinuous Operations": -7282000.0,
        "Net Income Continuous Operations": -47273000.0,
        "Earnings From Equity Interest Net Of Tax": 188000.0,
        "Tax Provision": 1328000.0,
        "Pretax Income": -46133000.0,
        "Other Income Expense": -10983000.0,
        "Other Non Operating Income Expenses": -10983000.0,
        "Special Income Charges": 0.0,
        "Gain On Sale Of Business": NaN,
        "Restructuring And Mergern Acquisition": 0.0,
        "Net Non Operating Interest Income Expense": -4847000.0,
        "Interest Expense Non Operating": 5678000.0,
        "Interest Income Non Operating": 831000.0,
        "Operating Income": -30303000.0,
        "Operating Expense": 111341000.0,
        "Other Operating Expenses": -224000.0,
        "Research And Development": 7247000.0,
        "Selling General And Administration": 104318000.0,
        "Gross Profit": 81038000.0,
        "Cost Of Revenue": 353229000.0,
        "Total Revenue": 434267000.0,
        "Operating Revenue": 434267000.0
    },
    "2022-12-31": {
        "Tax Effect Of Unusual Items": 0.0,
        "Tax Rate For Calcs": 0.21,
        "Normalized EBITDA": 21243000.0,
        "Total Unusual Items": 0.0,
        "Total Unusual Items Excluding Goodwill": 0.0,
        "Net Income From Continuing Operation Net Minority Interest": 7613000.0,
        "Reconciled Depreciation": 9504000.0,
        "Reconciled Cost Of Revenue": 392664000.0,
        "EBITDA": 21243000.0,
        "EBIT": 11739000.0,
        "Net Interest Income": -3420000.0,
        "Interest Expense": 6342000.0,
        "Interest Income": 2922000.0,
        "Normalized Income": 7613000.0,
        "Net Income From Continuing And Discontinued Operation": 7613000.0,
        "Total Expenses": 481740000.0,
        "Total Operating Income As Reported": 15572000.0,
        "Diluted Average Shares": 175518000.0,
        "Basic Average Shares": 174231000.0,
        "Diluted EPS": 0.04,
        "Basic EPS": 0.04,
        "Diluted NI Availto Com Stockholders": -47786000.0,
        "Net Income Common Stockholders": 7613000.0,
        "Net Income": 7613000.0,
        "Minority Interests": -1005000.0,
        "Net Income Including Noncontrolling Interests": 8618000.0,
        "Net Income Discontinuous Operations": 0.0,
        "Net Income Continuous Operations": 8618000.0,
        "Earnings From Equity Interest Net Of Tax": 365000.0,
        "Tax Provision": -2856000.0,
        "Pretax Income": 5397000.0,
        "Other Income Expense": -6755000.0,
        "Other Non Operating Income Expenses": -6755000.0,
        "Special Income Charges": 0.0,
        "Gain On Sale Of Business": 0.0,
        "Restructuring And Mergern Acquisition": 0.0,
        "Net Non Operating Interest Income Expense": -3420000.0,
        "Interest Expense Non Operating": 6342000.0,
        "Interest Income Non Operating": 2922000.0,
        "Operating Income": 15572000.0,
        "Operating Expense": 89076000.0,
        "Other Operating Expenses": 1356000.0,
        "Research And Development": 5560000.0,
        "Selling General And Administration": 82160000.0,
        "Gross Profit": 104648000.0,
        "Cost Of Revenue": 392664000.0,
        "Total Revenue": 497312000.0,
        "Operating Revenue": 497312000.0
    },
    "2022-09-30": {
        "Tax Effect Of Unusual Items": -1917.231331,
        "Tax Rate For Calcs": 0.017272,
        "Normalized EBITDA": 151943000.0,
        "Total Unusual Items": -111000.0,
        "Total Unusual Items Excluding Goodwill": -111000.0,
        "Net Income From Continuing Operation Net Minority Interest": 137651000.0,
        "Reconciled Depreciation": 6738000.0,
        "Reconciled Cost Of Revenue": 359728000.0,
        "EBITDA": 151832000.0,
        "EBIT": 145094000.0,
        "Net Interest Income": -3568000.0,
        "Interest Expense": 3712000.0,
        "Interest Income": 144000.0,
        "Normalized Income": 137760082.768669,
        "Net Income From Continuing And Discontinued Operation": 135614000.0,
        "Total Expenses": 466700000.0,
        "Total Operating Income As Reported": 9582000.0,
        "Diluted Average Shares": NaN,
        "Basic Average Shares": NaN,
        "Diluted EPS": NaN,
        "Basic EPS": NaN,
        "Diluted NI Availto Com Stockholders": 135614000.0,
        "Average Dilution Earnings": 3026000.0,
        "Net Income Common Stockholders": 135614000.0,
        "Net Income": 135614000.0,
        "Minority Interests": -3225000.0,
        "Net Income Including Noncontrolling Interests": 138839000.0,
        "Net Income Discontinuous Operations": -2037000.0,
        "Net Income Continuous Operations": 140876000.0,
        "Earnings From Equity Interest Net Of Tax": 1936000.0,
        "Tax Provision": 2442000.0,
        "Pretax Income": 141382000.0,
        "Other Income Expense": 135257000.0,
        "Other Non Operating Income Expenses": 135368000.0,
        "Special Income Charges": -111000.0,
        "Gain On Sale Of Business": 0.0,
        "Restructuring And Mergern Acquisition": 111000.0,
        "Net Non Operating Interest Income Expense": -3568000.0,
        "Interest Expense Non Operating": 3712000.0,
        "Interest Income Non Operating": 144000.0,
        "Operating Income": 9693000.0,
        "Operating Expense": 106972000.0,
        "Other Operating Expenses": -1059000.0,
        "Research And Development": 6846000.0,
        "Selling General And Administration": 101185000.0,
        "Gross Profit": 116665000.0,
        "Cost Of Revenue": 359728000.0,
        "Total Revenue": 476393000.0,
        "Operating Revenue": 476393000.0
    },
    "2022-06-30": {
        "Tax Effect Of Unusual Items": 197600.0,
        "Tax Rate For Calcs": 0.4,
        "Normalized EBITDA": -20632000.0,
        "Total Unusual Items": 494000.0,
        "Total Unusual Items Excluding Goodwill": 494000.0,
        "Net Income From Continuing Operation Net Minority Interest": -42496000.0,
        "Reconciled Depreciation": 12383000.0,
        "Reconciled Cost Of Revenue": 336273000.0,
        "EBITDA": -20138000.0,
        "EBIT": -32521000.0,
        "Net Interest Income": -5872000.0,
        "Interest Expense": 5964000.0,
        "Interest Income": 92000.0,
        "Normalized Income": -42792400.0,
        "Net Income From Continuing And Discontinued Operation": -63112000.0,
        "Total Expenses": 436227000.0,
        "Total Operating Income As Reported": -17961000.0,
        "Diluted Average Shares": 173951000.0,
        "Basic Average Shares": 173951000.0,
        "Diluted EPS": -0.36,
        "Basic EPS": -0.36,
        "Diluted NI Availto Com Stockholders": -63112000.0,
        "Average Dilution Earnings": NaN,
        "Net Income Common Stockholders": -63112000.0,
        "Net Income": -63112000.0,
        "Minority Interests": -785000.0,
        "Net Income Including Noncontrolling Interests": -62327000.0,
        "Net Income Discontinuous Operations": -20616000.0,
        "Net Income Continuous Operations": -41711000.0,
        "Earnings From Equity Interest Net Of Tax": NaN,
        "Tax Provision": 3226000.0,
        "Pretax Income": -38485000.0,
        "Other Income Expense": -14158000.0,
        "Other Non Operating Income Expenses": -14652000.0,
        "Special Income Charges": 494000.0,
        "Gain On Sale Of Business": 0.0,
        "Restructuring And Mergern Acquisition": -494000.0,
        "Net Non Operating Interest Income Expense": -5872000.0,
        "Interest Expense Non Operating": 5964000.0,
        "Interest Income Non Operating": 92000.0,
        "Operating Income": -18455000.0,
        "Operating Expense": 99954000.0,
        "Other Operating Expenses": -494000.0,
        "Research And Development": 7405000.0,
        "Selling General And Administration": 93043000.0,
        "Gross Profit": 81499000.0,
        "Cost Of Revenue": 336273000.0,
        "Total Revenue": 417772000.0,
        "Operating Revenue": 417772000.0
    },
    "2023-06-30": {
        "Tax Effect Of Unusual Items": 0.0,
        "Tax Rate For Calcs": 0.21,
        "Normalized EBITDA": -9600000.0,
        "Total Unusual Items": 0.0,
        "Total Unusual Items Excluding Goodwill": 0.0,
        "Net Income From Continuing Operation Net Minority Interest": -28489000.0,
        "Reconciled Depreciation": 12943000.0,
        "Reconciled Cost Of Revenue": 389431000.0,
        "EBITDA": -9600000.0,
        "EBIT": -22543000.0,
        "Net Interest Income": -5457000.0,
        "Interest Expense": 5786000.0,
        "Interest Income": 329000.0,
        "Normalized Income": -28489000.0,
        "Net Income From Continuing And Discontinued Operation": -31208000.0,
        "Total Expenses": 486521000.0,
        "Total Operating Income As Reported": -23161000.0,
        "Diluted Average Shares": 175042000.0,
        "Basic Average Shares": 175042000.0,
        "Diluted EPS": -0.19,
        "Basic EPS": -0.19,
        "Diluted NI Availto Com Stockholders": -31208000.0,
        "Net Income Common Stockholders": -31208000.0,
        "Net Income": -31208000.0,
        "Minority Interests": -14000.0,
        "Net Income Including Noncontrolling Interests": -31194000.0,
        "Net Income Discontinuous Operations": -2719000.0,
        "Net Income Continuous Operations": -28475000.0,
        "Earnings From Equity Interest Net Of Tax": 232000.0,
        "Tax Provision": 378000.0,
        "Pretax Income": -28329000.0,
        "Other Income Expense": 289000.0,
        "Other Non Operating Income Expenses": 289000.0,
        "Special Income Charges": 0.0,
        "Gain On Sale Of Business": NaN,
        "Restructuring And Mergern Acquisition": 0.0,
        "Net Non Operating Interest Income Expense": -5457000.0,
        "Interest Expense Non Operating": 5786000.0,
        "Interest Income Non Operating": 329000.0,
        "Operating Income": -23161000.0,
        "Operating Expense": 97090000.0,
        "Other Operating Expenses": 84000.0,
        "Research And Development": 6508000.0,
        "Selling General And Administration": 90498000.0,
        "Gross Profit": 73929000.0,
        "Cost Of Revenue": 389431000.0,
        "Total Revenue": 463360000.0,
        "Operating Revenue": 463360000.0
    },
    "2022-03-31": {
        "Diluted EPS": -0.16,
        "Total Revenue": 350,
        "Gross Profit": 72,
        "Operating Income": -11,
        "EBIT": -6,
        "Net Income": -28
    },
    "2021-12-31": {
        "Diluted EPS": 0.17,
        "Total Revenue": 348,
        "Gross Profit": 60,
        "Operating Income": -14,
        "EBIT": -10,
        "Net Income": 20
    },
    "2021-09-30": {
        "Diluted EPS": -0.49,
        "Total Revenue": 283,
        "Gross Profit": 62,
        "Operating Income": 17,
        "EBIT": 18,
        "Net Income": -84
    },
    "2021-06-30": {
        "Diluted EPS": 0.39,
        "Total Revenue": 261,
        "Gross Profit": 61,
        "Operating Income": 13,
        "EBIT": 16,
        "Net Income": 75
    },
    "2021-03-31": {
        "Diluted EPS": -0.29,
        "Total Revenue": 240,
        "Gross Profit": 46,
        "Operating Income": -1,
        "EBIT": 1,
        "Net Income": -48
    },
    "2020-12-31": {
        "Diluted EPS": 2.13,
        "Total Revenue": 87,
        "Gross Profit": 45,
        "Operating Income": 22,
        "EBIT": 25,
        "Net Income": 412
    },
    "2020-09-30": {
        "Diluted EPS": 0.24,
        "Total Revenue": 275,
        "Gross Profit": 37,
        "Operating Income": -2,
        "EBIT": 10,
        "Net Income": 45
    },
    "2020-06-30": {
        "Diluted EPS": 0.12,
        "Total Revenue": 218,
        "Gross Profit": 26,
        "Operating Income": -7,
        "EBIT": 10,
        "Net Income": 19
    },
    "2020-03-31": {
        "Diluted EPS": -0.01,
        "Total Revenue": 291,
        "Gross Profit": 29,
        "Operating Income": -21,
        "EBIT": -4,
        "Net Income": -1
    },
    "2019-12-31": {
        "Diluted EPS": 0.2,
        "Total Revenue": 22,
        "Gross Profit": 135,
        "Operating Income": 132,
        "EBIT": 150,
        "Net Income": 5
    },
    "2019-09-30": {
        "Diluted EPS": -0.1,
        "Total Revenue": 286,
        "Gross Profit": 45,
        "Operating Income": -20,
        "EBIT": -4,
        "Net Income": -15
    },
    "2019-06-30": {
        "Diluted EPS": 0.75,
        "Total Revenue": 436,
        "Gross Profit": 20,
        "Operating Income": 66,
        "EBIT": 89,
        "Net Income": 121
    },
    "2019-03-31": {
        "Diluted EPS": -0.63,
        "Total Revenue": 348,
        "Gross Profit": -37,
        "Operating Income": -118,
        "EBIT": -93,
        "Net Income": -90
    },
    "2018-12-31": {
        "Diluted EPS": -1.12,
        "Total Revenue": -67,
        "Gross Profit": 438,
        "Operating Income": 389,
        "EBIT": 413,
        "Net Income": -158
    },
    "2018-09-30": {
        "Diluted EPS": -0.64,
        "Total Revenue": 428,
        "Gross Profit": 10,
        "Operating Income": -80,
        "EBIT": -55,
        "Net Income": -90
    },
    "2018-06-30": {
        "Diluted EPS": -3.17,
        "Total Revenue": 449,
        "Gross Profit": -310,
        "Operating Income": -478,
        "EBIT": -439,
        "Net Income": -447
    },
    "2018-03-31": {
        "Diluted EPS": -0.83,
        "Total Revenue": 392,
        "Gross Profit": 11,
        "Operating Income": -134,
        "EBIT": -94,
        "Net Income": -116
    },
    "2017-12-31": {
        "Diluted EPS": -4.11,
        "Total Revenue": 651,
        "Gross Profit": -11,
        "Operating Income": -733,
        "EBIT": -679,
        "Net Income": -573
    },
    "2017-09-30": {
        "Diluted EPS": -0.33,
        "Total Revenue": 486,
        "Gross Profit": 21,
        "Operating Income": -71,
        "EBIT": -26,
        "Net Income": -46
    },
    "2017-06-30": {
        "Diluted EPS": -0.65,
        "Total Revenue": 328,
        "Gross Profit": 16,
        "Operating Income": -77,
        "EBIT": -33,
        "Net Income": -91
    },
    "2017-03-31": {
        "Diluted EPS": -1.58,
        "Total Revenue": 329,
        "Gross Profit": -46,
        "Operating Income": -143,
        "EBIT": -102,
        "Net Income": -220
    },
    "2016-12-31": {
        "Diluted EPS": -1.83,
        "Total Revenue": NaN,
        "Gross Profit": 0,
        "Operating Income": -264,
        "EBIT": -216,
        "Net Income": -253
    },
    "2016-09-30": {
        "Diluted EPS": -0.29,
        "Total Revenue": 729,
        "Gross Profit": 129,
        "Operating Income": -10,
        "EBIT": 177,
        "Net Income": -41
    },
    "2016-06-30": {
        "Diluted EPS": -0.51,
        "Total Revenue": 420,
        "Gross Profit": 41,
        "Operating Income": -75,
        "EBIT": -34,
        "Net Income": -70
    },
    "2016-03-31": {
        "Diluted EPS": -0.62,
        "Total Revenue": 385,
        "Gross Profit": 52,
        "Operating Income": -79,
        "EBIT": -37,
        "Net Income": -85
    },
    "2015-12-31": {
        "Diluted EPS": -0.95,
        "Total Revenue": 374,
        "Gross Profit": 20,
        "Operating Income": -118,
        "EBIT": -77,
        "Net Income": -128
    },
    "2015-09-30": {
        "Diluted EPS": -0.41,
        "Total Revenue": 380,
        "Gross Profit": 63,
        "Operating Income": -44,
        "EBIT": -7,
        "Net Income": -56
    },
    "2015-06-30": {
        "Diluted EPS": 0.04,
        "Total Revenue": 381,
        "Gross Profit": 71,
        "Operating Income": -33,
        "EBIT": -2,
        "Net Income": 7
    },
    "2015-03-31": {
        "Diluted EPS": -0.07,
        "Total Revenue": 441,
        "Gross Profit": 91,
        "Operating Income": -11,
        "EBIT": 17,
        "Net Income": -10
    },
    "2014-12-31": {
        "Diluted EPS": 0.84,
        "Total Revenue": NaN,
        "Gross Profit": 259,
        "Operating Income": 149,
        "EBIT": 183,
        "Net Income": 135
    },
    "2014-09-30": {
        "Diluted EPS": 0.2,
        "Total Revenue": 663,
        "Gross Profit": 109,
        "Operating Income": 23,
        "EBIT": 48,
        "Net Income": 32
    },
    "2014-06-30": {
        "Diluted EPS": 0.09,
        "Total Revenue": 508,
        "Gross Profit": 94,
        "Operating Income": 7,
        "EBIT": 31,
        "Net Income": 14
    },
    "2014-03-31": {
        "Diluted EPS": 0.42,
        "Total Revenue": 692,
        "Gross Profit": 163,
        "Operating Income": 73,
        "EBIT": 98,
        "Net Income": 65
    },
    "2013-12-31": {
        "Diluted EPS": 0.28,
        "Total Revenue": 638,
        "Gross Profit": 131,
        "Operating Income": 37,
        "EBIT": 62,
        "Net Income": 22
    },
    "2013-09-30": {
        "Diluted EPS": 0.73,
        "Total Revenue": 657,
        "Gross Profit": 193,
        "Operating Income": 114,
        "EBIT": 139,
        "Net Income": 108
    },
    "2013-06-30": {
        "Diluted EPS": 0.15,
        "Total Revenue": 577,
        "Gross Profit": 108,
        "Operating Income": 32,
        "EBIT": 56,
        "Net Income": 20
    },
    "2013-03-31": {
        "Diluted EPS": -0.46,
        "Total Revenue": 635,
        "Gross Profit": 59,
        "Operating Income": -24,
        "EBIT": 0,
        "Net Income": -55
    },
    "2012-12-31": {
        "Diluted EPS": -1.22,
        "Total Revenue": 679,
        "Gross Profit": 47,
        "Operating Income": -112,
        "EBIT": -135,
        "Net Income": -145
    },
    "2012-09-30": {
        "Diluted EPS": -0.41,
        "Total Revenue": 649,
        "Gross Profit": 81,
        "Operating Income": -74,
        "EBIT": 1,
        "Net Income": -49
    },
    "2012-06-30": {
        "Diluted EPS": -0.71,
        "Total Revenue": 596,
        "Gross Profit": 74,
        "Operating Income": -51,
        "EBIT": -18,
        "Net Income": -84
    },
    "2012-03-31": {
        "Diluted EPS": -0.67,
        "Total Revenue": 494,
        "Gross Profit": 45,
        "Operating Income": -51,
        "EBIT": -18,
        "Net Income": -75
    },
    "2011-12-31": {
        "Diluted EPS": -0.98,
        "Total Revenue": 625,
        "Gross Profit": 42,
        "Operating Income": -69,
        "EBIT": -361,
        "Net Income": -93
    },
    "2011-09-30": {
        "Diluted EPS": -3.77,
        "Total Revenue": 705,
        "Gross Profit": 76,
        "Operating Income": -363,
        "EBIT": -15,
        "Net Income": -371
    },
    "2011-06-30": {
        "Diluted EPS": -1.51,
        "Total Revenue": 592,
        "Gross Profit": 19,
        "Operating Income": -100,
        "EBIT": -62,
        "Net Income": -148
    },
    "2011-03-31": {
        "Diluted EPS": -0.02,
        "Total Revenue": 451,
        "Gross Profit": 89,
        "Operating Income": -1,
        "EBIT": 34,
        "Net Income": -2
    },
    "2010-12-31": {
        "Diluted EPS": 1.48,
        "Total Revenue": 937,
        "Gross Profit": 238,
        "Operating Income": 135,
        "EBIT": 189,
        "Net Income": 152
    },
    "2010-09-30": {
        "Diluted EPS": 0.21,
        "Total Revenue": 551,
        "Gross Profit": 113,
        "Operating Income": 8,
        "EBIT": 56,
        "Net Income": 20
    },
    "2010-06-30": {
        "Diluted EPS": -0.07,
        "Total Revenue": 384,
        "Gross Profit": 88,
        "Operating Income": -2,
        "EBIT": 37,
        "Net Income": -6
    },
    "2010-03-31": {
        "Diluted EPS": 0.13,
        "Total Revenue": 347,
        "Gross Profit": 72,
        "Operating Income": -3,
        "EBIT": 27,
        "Net Income": 13
    },
    "2009-12-31": {
        "Diluted EPS": 0.12,
        "Total Revenue": 548,
        "Gross Profit": 111,
        "Operating Income": 43,
        "EBIT": 72,
        "Net Income": 9
    },
    "2009-09-30": {
        "Diluted EPS": 0.2,
        "Total Revenue": 465,
        "Gross Profit": 100,
        "Operating Income": 46,
        "EBIT": 73,
        "Net Income": 20
    },
    "2009-06-30": {
        "Diluted EPS": 0.15,
        "Total Revenue": 299,
        "Gross Profit": 41,
        "Operating Income": -9,
        "EBIT": 17,
        "Net Income": 14
    },
    "2009-03-31": {
        "Diluted EPS": -0.12,
        "Total Revenue": 212,
        "Gross Profit": 32,
        "Operating Income": -18,
        "EBIT": 5,
        "Net Income": -10
    },
    "2023-09-30": {
        "Tax Effect Of Unusual Items": -20766.040365,
        "Tax Rate For Calcs": 0.003536,
        "Normalized EBITDA": -11431000.0,
        "Total Unusual Items": -5873000.0,
        "Total Unusual Items Excluding Goodwill": -5873000.0,
        "Net Income From Continuing Operation Net Minority Interest": -35648000.0,
        "Reconciled Depreciation": 13782000.0,
        "Reconciled Cost Of Revenue": 358181000.0,
        "EBITDA": -17304000.0,
        "EBIT": -31086000.0,
        "Net Interest Income": -6564000.0,
        "Interest Expense": 7660000.0,
        "Interest Income": 1096000.0,
        "Normalized Income": -29795766.040365,
        "Net Income From Continuing And Discontinued Operation": -37364000.0,
        "Total Expenses": 457102000.0,
        "Total Operating Income As Reported": -32285000.0,
        "Diluted Average Shares": 175241000.0,
        "Basic Average Shares": 175241000.0,
        "Diluted EPS": -0.18,
        "Basic EPS": -0.18,
        "Diluted NI Availto Com Stockholders": -37364000.0,
        "Net Income Common Stockholders": -37364000.0,
        "Net Income": -37364000.0,
        "Minority Interests": -29000.0,
        "Net Income Including Noncontrolling Interests": -37335000.0,
        "Net Income Discontinuous Operations": -1716000.0,
        "Net Income Continuous Operations": -35619000.0,
        "Earnings From Equity Interest Net Of Tax": 2990000.0,
        "Tax Provision": -137000.0,
        "Pretax Income": -38746000.0,
        "Other Income Expense": -5770000.0,
        "Other Non Operating Income Expenses": 103000.0,
        "Special Income Charges": -5873000.0,
        "Gain On Sale Of Business": NaN,
        "Restructuring And Mergern Acquisition": 5873000.0,
        "Net Non Operating Interest Income Expense": -6564000.0,
        "Interest Expense Non Operating": 7660000.0,
        "Interest Income Non Operating": 1096000.0,
        "Operating Income": -26412000.0,
        "Operating Expense": 98921000.0,
        "Other Operating Expenses": 170000.0,
        "Research And Development": 5406000.0,
        "Selling General And Administration": 93345000.0,
        "Gross Profit": 72509000.0,
        "Cost Of Revenue": 358181000.0,
        "Total Revenue": 430690000.0,
        "Operating Revenue": 430690000.0
    },
    "2023-12-31": {
        "Tax Effect Of Unusual Items": NaN,
        "Tax Rate For Calcs": NaN,
        "Normalized EBITDA": NaN,
        "Total Unusual Items": NaN,
        "Total Unusual Items Excluding Goodwill": NaN,
        "Net Income From Continuing Operation Net Minority Interest": NaN,
        "Reconciled Depreciation": NaN,
        "Reconciled Cost Of Revenue": NaN,
        "EBITDA": NaN,
        "EBIT": NaN,
        "Net Interest Income": NaN,
        "Interest Expense": NaN,
        "Interest Income": NaN,
        "Normalized Income": NaN,
        "Net Income From Continuing And Discontinued Operation": NaN,
        "Total Expenses": NaN,
        "Total Operating Income As Reported": NaN,
        "Diluted Average Shares": 175354000.0,
        "Basic Average Shares": 175354000.0,
        "Diluted EPS": -0.71,
        "Basic EPS": -0.71,
        "Diluted NI Availto Com Stockholders": NaN,
        "Net Income Common Stockholders": NaN,
        "Net Income": NaN,
        "Minority Interests": NaN,
        "Net Income Including Noncontrolling Interests": NaN,
        "Net Income Discontinuous Operations": NaN,
        "Net Income Continuous Operations": NaN,
        "Earnings From Equity Interest Net Of Tax": NaN,
        "Tax Provision": NaN,
        "Pretax Income": NaN,
        "Other Income Expense": NaN,
        "Other Non Operating Income Expenses": NaN,
        "Special Income Charges": NaN,
        "Gain On Sale Of Business": NaN,
        "Restructuring And Mergern Acquisition": NaN,
        "Net Non Operating Interest Income Expense": NaN,
        "Interest Expense Non Operating": NaN,
        "Interest Income Non Operating": NaN,
        "Operating Income": NaN,
        "Operating Expense": NaN,
        "Other Operating Expenses": NaN,
        "Research And Development": NaN,
        "Selling General And Administration": NaN,
        "Gross Profit": NaN,
        "Cost Of Revenue": NaN,
        "Total Revenue": NaN,
        "Operating Revenue": NaN
    }
}