{
    "2023-03-31": {
        "Tax Effect Of Unusual Items": NaN,
        "Tax Rate For Calcs": NaN,
        "Normalized EBITDA": NaN,
        "Total Unusual Items": NaN,
        "Total Unusual Items Excluding Goodwill": NaN,
        "Net Income From Continuing Operation Net Minority Interest": NaN,
        "Reconciled Depreciation": NaN,
        "Reconciled Cost Of Revenue": NaN,
        "EBITDA": NaN,
        "EBIT": NaN,
        "Net Interest Income": NaN,
        "Interest Expense": NaN,
        "Interest Income": NaN,
        "Normalized Income": NaN,
        "Net Income From Continuing And Discontinued Operation": NaN,
        "Total Expenses": NaN,
        "Rent Expense Supplemental": NaN,
        "Total Operating Income As Reported": NaN,
        "Diluted Average Shares": NaN,
        "Basic Average Shares": NaN,
        "Diluted EPS": NaN,
        "Basic EPS": NaN,
        "Diluted NI Availto Com Stockholders": NaN,
        "Net Income Common Stockholders": NaN,
        "Otherunder Preferred Stock Dividend": NaN,
        "Net Income": NaN,
        "Minority Interests": NaN,
        "Net Income Including Noncontrolling Interests": NaN,
        "Net Income Continuous Operations": NaN,
        "Tax Provision": NaN,
        "Pretax Income": NaN,
        "Other Non Operating Income Expenses": NaN,
        "Special Income Charges": NaN,
        "Other Special Charges": NaN,
        "Write Off": NaN,
        "Impairment Of Capital Assets": NaN,
        "Restructuring And Mergern Acquisition": 0.0,
        "Net Non Operating Interest Income Expense": NaN,
        "Total Other Finance Cost": NaN,
        "Interest Expense Non Operating": NaN,
        "Interest Income Non Operating": NaN,
        "Operating Income": NaN,
        "Operating Expense": NaN,
        "Other Operating Expenses": NaN,
        "Depreciation And Amortization In Income Statement": NaN,
        "Amortization": 88000.0,
        "Depreciation Income Statement": NaN,
        "Selling General And Administration": NaN,
        "Selling And Marketing Expense": NaN,
        "General And Administrative Expense": NaN,
        "Rent And Landing Fees": NaN,
        "Gross Profit": NaN,
        "Cost Of Revenue": NaN,
        "Total Revenue": NaN,
        "Operating Revenue": NaN
    },
    "2022-12-31": {
        "Tax Effect Of Unusual Items": 498823.450403,
        "Tax Rate For Calcs": 0.28198,
        "Normalized EBITDA": 1628023000.0,
        "Total Unusual Items": 1769000.0,
        "Total Unusual Items Excluding Goodwill": 1769000.0,
        "Net Income From Continuing Operation Net Minority Interest": 1151024000.0,
        "Reconciled Depreciation": 700000.0,
        "Reconciled Cost Of Revenue": 1491729000.0,
        "EBITDA": 1629792000.0,
        "EBIT": 1629092000.0,
        "Net Interest Income": 2764000.0,
        "Interest Expense": 23917000.0,
        "Interest Income": 28077000.0,
        "Normalized Income": 1149753823.450403,
        "Net Income From Continuing And Discontinued Operation": 1151024000.0,
        "Total Expenses": 1532625000.0,
        "Rent Expense Supplemental": 20273000.0,
        "Total Operating Income As Reported": 1593729000.0,
        "Diluted Average Shares": NaN,
        "Basic Average Shares": NaN,
        "Diluted EPS": NaN,
        "Basic EPS": NaN,
        "Diluted NI Availto Com Stockholders": 1151024000.0,
        "Net Income Common Stockholders": 1151024000.0,
        "Otherunder Preferred Stock Dividend": 0.0,
        "Net Income": 1151024000.0,
        "Minority Interests": -1523000.0,
        "Net Income Including Noncontrolling Interests": 1152547000.0,
        "Net Income Continuous Operations": 1152547000.0,
        "Tax Provision": 452628000.0,
        "Pretax Income": 1605175000.0,
        "Other Non Operating Income Expenses": -3889000.0,
        "Special Income Charges": 769000.0,
        "Other Special Charges": 1015000.0,
        "Write Off": -9941000.0,
        "Impairment Of Capital Assets": 8157000.0,
        "Net Non Operating Interest Income Expense": 2764000.0,
        "Total Other Finance Cost": 1396000.0,
        "Interest Expense Non Operating": 23917000.0,
        "Interest Income Non Operating": 28077000.0,
        "Operating Income": 1600974000.0,
        "Operating Expense": 40896000.0,
        "Other Operating Expenses": -637000.0,
        "Depreciation And Amortization In Income Statement": 700000.0,
        "Amortization": 0.0,
        "Depreciation Income Statement": 700000.0,
        "Selling General And Administration": 21972000.0,
        "Selling And Marketing Expense": 1810000.0,
        "General And Administrative Expense": 20162000.0,
        "Rent And Landing Fees": 929000.0,
        "Gross Profit": 1641870000.0,
        "Cost Of Revenue": 1491729000.0,
        "Total Revenue": 3133599000.0,
        "Operating Revenue": 3133599000.0
    },
    "2022-09-30": {
        "Tax Effect Of Unusual Items": NaN,
        "Tax Rate For Calcs": NaN,
        "Normalized EBITDA": NaN,
        "Total Unusual Items": NaN,
        "Total Unusual Items Excluding Goodwill": NaN,
        "Net Income From Continuing Operation Net Minority Interest": NaN,
        "Reconciled Depreciation": NaN,
        "Reconciled Cost Of Revenue": NaN,
        "EBITDA": NaN,
        "EBIT": NaN,
        "Net Interest Income": NaN,
        "Interest Expense": NaN,
        "Interest Income": NaN,
        "Normalized Income": NaN,
        "Net Income From Continuing And Discontinued Operation": NaN,
        "Total Expenses": NaN,
        "Rent Expense Supplemental": NaN,
        "Total Operating Income As Reported": NaN,
        "Diluted Average Shares": 285638456.0,
        "Basic Average Shares": 285638456.0,
        "Diluted EPS": 3.8507,
        "Basic EPS": 3.8507,
        "Diluted NI Availto Com Stockholders": NaN,
        "Net Income Common Stockholders": NaN,
        "Otherunder Preferred Stock Dividend": NaN,
        "Net Income": NaN,
        "Minority Interests": NaN,
        "Net Income Including Noncontrolling Interests": NaN,
        "Net Income Continuous Operations": NaN,
        "Tax Provision": NaN,
        "Pretax Income": NaN,
        "Other Non Operating Income Expenses": NaN,
        "Special Income Charges": NaN,
        "Other Special Charges": NaN,
        "Write Off": NaN,
        "Impairment Of Capital Assets": NaN,
        "Restructuring And Mergern Acquisition": NaN,
        "Net Non Operating Interest Income Expense": NaN,
        "Total Other Finance Cost": NaN,
        "Interest Expense Non Operating": NaN,
        "Interest Income Non Operating": NaN,
        "Operating Income": NaN,
        "Operating Expense": NaN,
        "Other Operating Expenses": NaN,
        "Depreciation And Amortization In Income Statement": NaN,
        "Amortization": NaN,
        "Depreciation Income Statement": NaN,
        "Selling General And Administration": NaN,
        "Selling And Marketing Expense": NaN,
        "General And Administrative Expense": NaN,
        "Rent And Landing Fees": NaN,
        "Gross Profit": NaN,
        "Cost Of Revenue": NaN,
        "Total Revenue": NaN,
        "Operating Revenue": NaN
    },
    "2022-06-30": {
        "Tax Effect Of Unusual Items": -5965671.88815,
        "Tax Rate For Calcs": 0.291236,
        "Normalized EBITDA": 1241497000.0,
        "Total Unusual Items": -3546000.0,
        "Total Unusual Items Excluding Goodwill": -20484000.0,
        "Net Income From Continuing Operation Net Minority Interest": 859261000.0,
        "Reconciled Depreciation": 581000.0,
        "Reconciled Cost Of Revenue": 1301379000.0,
        "EBITDA": 1237951000.0,
        "EBIT": 1237370000.0,
        "Net Interest Income": -16094000.0,
        "Interest Expense": 21815000.0,
        "Interest Income": 6592000.0,
        "Normalized Income": 890717328.11185,
        "Net Income From Continuing And Discontinued Operation": 859261000.0,
        "Total Expenses": 1334333000.0,
        "Rent Expense Supplemental": 21021000.0,
        "Total Operating Income As Reported": 1241910000.0,
        "Diluted Average Shares": 285639585.0,
        "Basic Average Shares": 285639585.0,
        "Diluted EPS": 3.0082,
        "Basic EPS": 3.0082,
        "Diluted NI Availto Com Stockholders": 859261000.0,
        "Net Income Common Stockholders": 859261000.0,
        "Otherunder Preferred Stock Dividend": 0.0,
        "Net Income": 859261000.0,
        "Minority Interests": -2281000.0,
        "Net Income Including Noncontrolling Interests": 861542000.0,
        "Net Income Continuous Operations": 861542000.0,
        "Tax Provision": 354013000.0,
        "Pretax Income": 1215555000.0,
        "Other Non Operating Income Expenses": -2490000.0,
        "Special Income Charges": -20484000.0,
        "Other Special Charges": 54000.0,
        "Write Off": 3492000.0,
        "Impairment Of Capital Assets": 0.0,
        "Net Non Operating Interest Income Expense": -16094000.0,
        "Total Other Finance Cost": 871000.0,
        "Interest Expense Non Operating": 21815000.0,
        "Interest Income Non Operating": 6592000.0,
        "Operating Income": 1264479000.0,
        "Operating Expense": 32954000.0,
        "Other Operating Expenses": 1237000.0,
        "Depreciation And Amortization In Income Statement": 581000.0,
        "Amortization": NaN,
        "Depreciation Income Statement": 581000.0,
        "Selling General And Administration": 16586000.0,
        "Selling And Marketing Expense": 1698000.0,
        "General And Administrative Expense": 14888000.0,
        "Rent And Landing Fees": 1559000.0,
        "Gross Profit": 1297433000.0,
        "Cost Of Revenue": 1301379000.0,
        "Total Revenue": 2598812000.0,
        "Operating Revenue": 2598812000.0
    },
    "2022-03-31": {
        "Diluted EPS": 2.79,
        "Total Revenue": NaN,
        "Gross Profit": NaN,
        "Operating Income": NaN,
        "EBIT": NaN,
        "Net Income": 796
    },
    "2021-12-31": {
        "Diluted EPS": -0.32,
        "Total Revenue": NaN,
        "Gross Profit": 543,
        "Operating Income": 491,
        "EBIT": 491,
        "Net Income": 322
    },
    "2021-09-30": {
        "Diluted EPS": 0.37,
        "Total Revenue": 662,
        "Gross Profit": 225,
        "Operating Income": 173,
        "EBIT": 173,
        "Net Income": 106
    },
    "2021-06-30": {
        "Diluted EPS": 0.31,
        "Total Revenue": 588,
        "Gross Profit": 186,
        "Operating Income": 148,
        "EBIT": 148,
        "Net Income": 90
    },
    "2021-03-31": {
        "Diluted EPS": 0.26,
        "Total Revenue": 528,
        "Gross Profit": 137,
        "Operating Income": 115,
        "EBIT": 115,
        "Net Income": 68
    },
    "2020-12-31": {
        "Diluted EPS": 0.69,
        "Total Revenue": 514,
        "Gross Profit": 133,
        "Operating Income": 98,
        "EBIT": 98,
        "Net Income": 67
    },
    "2020-09-30": {
        "Diluted EPS": 0.01,
        "Total Revenue": 453,
        "Gross Profit": 115,
        "Operating Income": 27,
        "EBIT": 27,
        "Net Income": 2
    },
    "2020-06-30": {
        "Diluted EPS": 0.19,
        "Total Revenue": 458,
        "Gross Profit": 128,
        "Operating Income": 94,
        "EBIT": 94,
        "Net Income": 51
    },
    "2020-03-31": {
        "Diluted EPS": 0.17,
        "Total Revenue": 392,
        "Gross Profit": 108,
        "Operating Income": 83,
        "EBIT": 83,
        "Net Income": 45
    },
    "2019-12-31": {
        "Diluted EPS": 0.25,
        "Total Revenue": 472,
        "Gross Profit": 138,
        "Operating Income": 105,
        "EBIT": 105,
        "Net Income": 67
    },
    "2019-09-30": {
        "Diluted EPS": 0.23,
        "Total Revenue": 473,
        "Gross Profit": 134,
        "Operating Income": 103,
        "EBIT": 103,
        "Net Income": 61
    },
    "2019-06-30": {
        "Diluted EPS": 0.27,
        "Total Revenue": 494,
        "Gross Profit": 143,
        "Operating Income": 107,
        "EBIT": 107,
        "Net Income": 70
    },
    "2019-03-31": {
        "Diluted EPS": 0.31,
        "Total Revenue": 504,
        "Gross Profit": 145,
        "Operating Income": 118,
        "EBIT": 118,
        "Net Income": 81
    },
    "2018-12-31": {
        "Diluted EPS": 0.41,
        "Total Revenue": 565,
        "Gross Profit": 202,
        "Operating Income": 191,
        "EBIT": 191,
        "Net Income": 109
    },
    "2018-09-30": {
        "Diluted EPS": 0.32,
        "Total Revenue": 543,
        "Gross Profit": 162,
        "Operating Income": 124,
        "EBIT": 124,
        "Net Income": 84
    },
    "2018-06-30": {
        "Diluted EPS": 0.51,
        "Total Revenue": 639,
        "Gross Profit": 224,
        "Operating Income": 186,
        "EBIT": 186,
        "Net Income": 134
    },
    "2018-03-31": {
        "Diluted EPS": 0.43,
        "Total Revenue": 519,
        "Gross Profit": 193,
        "Operating Income": 165,
        "EBIT": 165,
        "Net Income": 114
    },
    "2017-12-31": {
        "Diluted EPS": 0.42,
        "Total Revenue": 575,
        "Gross Profit": 216,
        "Operating Income": 160,
        "EBIT": 160,
        "Net Income": 110
    },
    "2017-09-30": {
        "Diluted EPS": 0.43,
        "Total Revenue": 559,
        "Gross Profit": 189,
        "Operating Income": 155,
        "EBIT": 155,
        "Net Income": 113
    },
    "2017-06-30": {
        "Diluted EPS": 0.38,
        "Total Revenue": 505,
        "Gross Profit": 180,
        "Operating Income": 153,
        "EBIT": 153,
        "Net Income": 101
    },
    "2017-03-31": {
        "Diluted EPS": 0.39,
        "Total Revenue": 519,
        "Gross Profit": 178,
        "Operating Income": 150,
        "EBIT": 150,
        "Net Income": 103
    },
    "2016-12-31": {
        "Diluted EPS": 0.24,
        "Total Revenue": 554,
        "Gross Profit": 205,
        "Operating Income": 142,
        "EBIT": 142,
        "Net Income": 81
    },
    "2016-09-30": {
        "Diluted EPS": 0.21,
        "Total Revenue": 504,
        "Gross Profit": 146,
        "Operating Income": 89,
        "EBIT": 89,
        "Net Income": 56
    },
    "2016-06-30": {
        "Diluted EPS": 0.38,
        "Total Revenue": 490,
        "Gross Profit": 147,
        "Operating Income": 123,
        "EBIT": 123,
        "Net Income": 83
    },
    "2016-03-31": {
        "Diluted EPS": 0.22,
        "Total Revenue": 392,
        "Gross Profit": 114,
        "Operating Income": 94,
        "EBIT": 94,
        "Net Income": 59
    },
    "2015-12-31": {
        "Diluted EPS": 0.2,
        "Total Revenue": 411,
        "Gross Profit": 118,
        "Operating Income": 85,
        "EBIT": 85,
        "Net Income": 52
    },
    "2015-09-30": {
        "Diluted EPS": 0.05,
        "Total Revenue": 445,
        "Gross Profit": 130,
        "Operating Income": 46,
        "EBIT": 46,
        "Net Income": 14
    },
    "2015-06-30": {
        "Diluted EPS": 0.32,
        "Total Revenue": 484,
        "Gross Profit": 165,
        "Operating Income": 137,
        "EBIT": 137,
        "Net Income": 83
    },
    "2015-03-31": {
        "Diluted EPS": 0.27,
        "Total Revenue": 388,
        "Gross Profit": 131,
        "Operating Income": 100,
        "EBIT": 100,
        "Net Income": 72
    },
    "2014-12-31": {
        "Diluted EPS": 0.07,
        "Total Revenue": 491,
        "Gross Profit": 140,
        "Operating Income": 110,
        "EBIT": 110,
        "Net Income": 18
    },
    "2014-09-30": {
        "Diluted EPS": 0.25,
        "Total Revenue": 466,
        "Gross Profit": 142,
        "Operating Income": 109,
        "EBIT": 109,
        "Net Income": 66
    },
    "2014-06-30": {
        "Diluted EPS": 0.27,
        "Total Revenue": 522,
        "Gross Profit": 145,
        "Operating Income": 111,
        "EBIT": 111,
        "Net Income": 71
    },
    "2014-03-31": {
        "Diluted EPS": 0.31,
        "Total Revenue": 534,
        "Gross Profit": 155,
        "Operating Income": 120,
        "EBIT": 120,
        "Net Income": 81
    },
    "2013-12-31": {
        "Diluted EPS": 0.26,
        "Total Revenue": 492,
        "Gross Profit": 146,
        "Operating Income": 101,
        "EBIT": 101,
        "Net Income": 69
    },
    "2013-09-30": {
        "Diluted EPS": 0.53,
        "Total Revenue": 521,
        "Gross Profit": 148,
        "Operating Income": 190,
        "EBIT": 190,
        "Net Income": 139
    },
    "2013-06-30": {
        "Diluted EPS": 0.41,
        "Total Revenue": 566,
        "Gross Profit": 188,
        "Operating Income": 154,
        "EBIT": 154,
        "Net Income": 107
    },
    "2013-03-31": {
        "Diluted EPS": 0.58,
        "Total Revenue": 623,
        "Gross Profit": 239,
        "Operating Income": 206,
        "EBIT": 206,
        "Net Income": 152
    },
    "2012-12-31": {
        "Diluted EPS": 0.54,
        "Total Revenue": 601,
        "Gross Profit": 234,
        "Operating Income": 195,
        "EBIT": 195,
        "Net Income": 142
    },
    "2012-09-30": {
        "Diluted EPS": 0.63,
        "Total Revenue": 615,
        "Gross Profit": 262,
        "Operating Income": 228,
        "EBIT": 228,
        "Net Income": 165
    },
    "2012-06-30": {
        "Diluted EPS": 0.73,
        "Total Revenue": 683,
        "Gross Profit": 296,
        "Operating Income": 270,
        "EBIT": 270,
        "Net Income": 192
    },
    "2012-03-31": {
        "Diluted EPS": 0.57,
        "Total Revenue": 530,
        "Gross Profit": 236,
        "Operating Income": 208,
        "EBIT": 208,
        "Net Income": 150
    },
    "2011-12-31": {
        "Diluted EPS": 0.6,
        "Total Revenue": 539,
        "Gross Profit": 216,
        "Operating Income": 211,
        "EBIT": 211,
        "Net Income": 159
    },
    "2011-09-30": {
        "Diluted EPS": 0.54,
        "Total Revenue": 575,
        "Gross Profit": 242,
        "Operating Income": 205,
        "EBIT": 255,
        "Net Income": 143
    },
    "2011-06-30": {
        "Diluted EPS": 0.5,
        "Total Revenue": 552,
        "Gross Profit": 210,
        "Operating Income": 182,
        "EBIT": 229,
        "Net Income": 132
    },
    "2011-03-31": {
        "Diluted EPS": 0.42,
        "Total Revenue": 480,
        "Gross Profit": 188,
        "Operating Income": 155,
        "EBIT": 197,
        "Net Income": 111
    },
    "2010-12-31": {
        "Diluted EPS": 0.4,
        "Total Revenue": 506,
        "Gross Profit": 172,
        "Operating Income": 128,
        "EBIT": 164,
        "Net Income": 106
    },
    "2010-09-30": {
        "Diluted EPS": 0.36,
        "Total Revenue": 459,
        "Gross Profit": 151,
        "Operating Income": 128,
        "EBIT": 164,
        "Net Income": 95
    },
    "2010-06-30": {
        "Diluted EPS": 0.4,
        "Total Revenue": 477,
        "Gross Profit": 172,
        "Operating Income": 151,
        "EBIT": 191,
        "Net Income": 105
    },
    "2010-03-31": {
        "Diluted EPS": 0.29,
        "Total Revenue": 389,
        "Gross Profit": 131,
        "Operating Income": 103,
        "EBIT": 136,
        "Net Income": 76
    },
    "2009-12-31": {
        "Diluted EPS": 0.29,
        "Total Revenue": 388,
        "Gross Profit": 124,
        "Operating Income": 98,
        "EBIT": 152,
        "Net Income": 75
    },
    "2009-09-30": {
        "Diluted EPS": 0.32,
        "Total Revenue": 384,
        "Gross Profit": 131,
        "Operating Income": 111,
        "EBIT": 147,
        "Net Income": 86
    },
    "2009-06-30": {
        "Diluted EPS": 0.33,
        "Total Revenue": 347,
        "Gross Profit": 134,
        "Operating Income": 110,
        "EBIT": 140,
        "Net Income": 85
    },
    "2009-03-31": {
        "Diluted EPS": 0.34,
        "Total Revenue": 321,
        "Gross Profit": 142,
        "Operating Income": 118,
        "EBIT": 153,
        "Net Income": 87
    },
    "2023-06-30": {
        "Tax Effect Of Unusual Items": NaN,
        "Tax Rate For Calcs": NaN,
        "Normalized EBITDA": NaN,
        "Total Unusual Items": NaN,
        "Total Unusual Items Excluding Goodwill": NaN,
        "Net Income From Continuing Operation Net Minority Interest": NaN,
        "Reconciled Depreciation": NaN,
        "Reconciled Cost Of Revenue": NaN,
        "EBITDA": NaN,
        "EBIT": NaN,
        "Net Interest Income": NaN,
        "Interest Expense": NaN,
        "Interest Income": NaN,
        "Normalized Income": NaN,
        "Net Income From Continuing And Discontinued Operation": NaN,
        "Total Expenses": NaN,
        "Rent Expense Supplemental": NaN,
        "Total Operating Income As Reported": NaN,
        "Diluted Average Shares": 285643184.0,
        "Basic Average Shares": 285643184.0,
        "Diluted EPS": 2.0313,
        "Basic EPS": 2.0313,
        "Diluted NI Availto Com Stockholders": NaN,
        "Net Income Common Stockholders": NaN,
        "Otherunder Preferred Stock Dividend": NaN,
        "Net Income": NaN,
        "Minority Interests": NaN,
        "Net Income Including Noncontrolling Interests": NaN,
        "Net Income Continuous Operations": NaN,
        "Tax Provision": NaN,
        "Pretax Income": NaN,
        "Other Non Operating Income Expenses": NaN,
        "Special Income Charges": NaN,
        "Other Special Charges": NaN,
        "Write Off": NaN,
        "Impairment Of Capital Assets": NaN,
        "Restructuring And Mergern Acquisition": 0.0,
        "Net Non Operating Interest Income Expense": NaN,
        "Total Other Finance Cost": NaN,
        "Interest Expense Non Operating": NaN,
        "Interest Income Non Operating": NaN,
        "Operating Income": NaN,
        "Operating Expense": NaN,
        "Other Operating Expenses": NaN,
        "Depreciation And Amortization In Income Statement": NaN,
        "Amortization": 0.0,
        "Depreciation Income Statement": NaN,
        "Selling General And Administration": NaN,
        "Selling And Marketing Expense": NaN,
        "General And Administrative Expense": NaN,
        "Rent And Landing Fees": NaN,
        "Gross Profit": NaN,
        "Cost Of Revenue": NaN,
        "Total Revenue": NaN,
        "Operating Revenue": NaN
    },
    "2023-09-30": {
        "Tax Effect Of Unusual Items": NaN,
        "Tax Rate For Calcs": NaN,
        "Normalized EBITDA": NaN,
        "Total Unusual Items": NaN,
        "Total Unusual Items Excluding Goodwill": NaN,
        "Net Income From Continuing Operation Net Minority Interest": NaN,
        "Reconciled Depreciation": NaN,
        "Reconciled Cost Of Revenue": NaN,
        "EBITDA": NaN,
        "EBIT": NaN,
        "Net Interest Income": NaN,
        "Interest Expense": NaN,
        "Interest Income": NaN,
        "Normalized Income": NaN,
        "Net Income From Continuing And Discontinued Operation": NaN,
        "Total Expenses": NaN,
        "Rent Expense Supplemental": NaN,
        "Total Operating Income As Reported": NaN,
        "Diluted Average Shares": 285638456.0,
        "Basic Average Shares": 285638456.0,
        "Diluted EPS": 1.6782,
        "Basic EPS": 1.6782,
        "Diluted NI Availto Com Stockholders": NaN,
        "Net Income Common Stockholders": NaN,
        "Otherunder Preferred Stock Dividend": NaN,
        "Net Income": NaN,
        "Minority Interests": NaN,
        "Net Income Including Noncontrolling Interests": NaN,
        "Net Income Continuous Operations": NaN,
        "Tax Provision": NaN,
        "Pretax Income": NaN,
        "Other Non Operating Income Expenses": NaN,
        "Special Income Charges": NaN,
        "Other Special Charges": NaN,
        "Write Off": NaN,
        "Impairment Of Capital Assets": NaN,
        "Restructuring And Mergern Acquisition": NaN,
        "Net Non Operating Interest Income Expense": NaN,
        "Total Other Finance Cost": NaN,
        "Interest Expense Non Operating": NaN,
        "Interest Income Non Operating": NaN,
        "Operating Income": NaN,
        "Operating Expense": NaN,
        "Other Operating Expenses": NaN,
        "Depreciation And Amortization In Income Statement": NaN,
        "Amortization": 0.0,
        "Depreciation Income Statement": NaN,
        "Selling General And Administration": NaN,
        "Selling And Marketing Expense": NaN,
        "General And Administrative Expense": NaN,
        "Rent And Landing Fees": NaN,
        "Gross Profit": NaN,
        "Cost Of Revenue": NaN,
        "Total Revenue": NaN,
        "Operating Revenue": NaN
    },
    "2023-12-31": {
        "Tax Effect Of Unusual Items": NaN,
        "Tax Rate For Calcs": NaN,
        "Normalized EBITDA": NaN,
        "Total Unusual Items": NaN,
        "Total Unusual Items Excluding Goodwill": NaN,
        "Net Income From Continuing Operation Net Minority Interest": NaN,
        "Reconciled Depreciation": NaN,
        "Reconciled Cost Of Revenue": NaN,
        "EBITDA": NaN,
        "EBIT": NaN,
        "Net Interest Income": NaN,
        "Interest Expense": NaN,
        "Interest Income": NaN,
        "Normalized Income": NaN,
        "Net Income From Continuing And Discontinued Operation": NaN,
        "Total Expenses": NaN,
        "Rent Expense Supplemental": NaN,
        "Total Operating Income As Reported": NaN,
        "Diluted Average Shares": NaN,
        "Basic Average Shares": NaN,
        "Diluted EPS": NaN,
        "Basic EPS": NaN,
        "Diluted NI Availto Com Stockholders": NaN,
        "Net Income Common Stockholders": NaN,
        "Otherunder Preferred Stock Dividend": NaN,
        "Net Income": NaN,
        "Minority Interests": NaN,
        "Net Income Including Noncontrolling Interests": NaN,
        "Net Income Continuous Operations": NaN,
        "Tax Provision": NaN,
        "Pretax Income": NaN,
        "Other Non Operating Income Expenses": NaN,
        "Special Income Charges": NaN,
        "Other Special Charges": NaN,
        "Write Off": NaN,
        "Impairment Of Capital Assets": NaN,
        "Restructuring And Mergern Acquisition": NaN,
        "Net Non Operating Interest Income Expense": NaN,
        "Total Other Finance Cost": NaN,
        "Interest Expense Non Operating": NaN,
        "Interest Income Non Operating": NaN,
        "Operating Income": NaN,
        "Operating Expense": NaN,
        "Other Operating Expenses": NaN,
        "Depreciation And Amortization In Income Statement": NaN,
        "Amortization": 0.0,
        "Depreciation Income Statement": NaN,
        "Selling General And Administration": NaN,
        "Selling And Marketing Expense": NaN,
        "General And Administrative Expense": NaN,
        "Rent And Landing Fees": NaN,
        "Gross Profit": NaN,
        "Cost Of Revenue": NaN,
        "Total Revenue": NaN,
        "Operating Revenue": NaN
    },
    "2024-03-31": {
        "Tax Effect Of Unusual Items": NaN,
        "Tax Rate For Calcs": NaN,
        "Normalized EBITDA": NaN,
        "Total Unusual Items": NaN,
        "Total Unusual Items Excluding Goodwill": NaN,
        "Net Income From Continuing Operation Net Minority Interest": NaN,
        "Reconciled Depreciation": NaN,
        "Reconciled Cost Of Revenue": NaN,
        "EBITDA": NaN,
        "EBIT": NaN,
        "Net Interest Income": NaN,
        "Interest Expense": NaN,
        "Interest Income": NaN,
        "Normalized Income": NaN,
        "Net Income From Continuing And Discontinued Operation": NaN,
        "Total Expenses": NaN,
        "Rent Expense Supplemental": NaN,
        "Total Operating Income As Reported": NaN,
        "Diluted Average Shares": 285638240.0,
        "Basic Average Shares": 285638240.0,
        "Diluted EPS": -3.044,
        "Basic EPS": -3.044,
        "Diluted NI Availto Com Stockholders": NaN,
        "Net Income Common Stockholders": NaN,
        "Otherunder Preferred Stock Dividend": NaN,
        "Net Income": NaN,
        "Minority Interests": NaN,
        "Net Income Including Noncontrolling Interests": NaN,
        "Net Income Continuous Operations": NaN,
        "Tax Provision": NaN,
        "Pretax Income": NaN,
        "Other Non Operating Income Expenses": NaN,
        "Special Income Charges": NaN,
        "Other Special Charges": NaN,
        "Write Off": NaN,
        "Impairment Of Capital Assets": NaN,
        "Restructuring And Mergern Acquisition": 4075000.0,
        "Net Non Operating Interest Income Expense": NaN,
        "Total Other Finance Cost": NaN,
        "Interest Expense Non Operating": NaN,
        "Interest Income Non Operating": NaN,
        "Operating Income": NaN,
        "Operating Expense": NaN,
        "Other Operating Expenses": NaN,
        "Depreciation And Amortization In Income Statement": NaN,
        "Amortization": 116000.0,
        "Depreciation Income Statement": NaN,
        "Selling General And Administration": NaN,
        "Selling And Marketing Expense": NaN,
        "General And Administrative Expense": NaN,
        "Rent And Landing Fees": 316000.0,
        "Gross Profit": NaN,
        "Cost Of Revenue": NaN,
        "Total Revenue": NaN,
        "Operating Revenue": NaN
    },
    "2024-06-30": {
        "Tax Effect Of Unusual Items": 221814.699912,
        "Tax Rate For Calcs": 0.252062,
        "Normalized EBITDA": 334541000.0,
        "Total Unusual Items": 880000.0,
        "Total Unusual Items Excluding Goodwill": 880000.0,
        "Net Income From Continuing Operation Net Minority Interest": 213590000.0,
        "Reconciled Depreciation": 1202000.0,
        "Reconciled Cost Of Revenue": 909671000.0,
        "EBITDA": 335421000.0,
        "EBIT": 334219000.0,
        "Net Interest Income": -29941000.0,
        "Interest Expense": 47020000.0,
        "Interest Income": 22005000.0,
        "Normalized Income": 212931814.699912,
        "Net Income From Continuing And Discontinued Operation": 213590000.0,
        "Total Expenses": 983857000.0,
        "Rent Expense Supplemental": 26033000.0,
        "Total Operating Income As Reported": 313764000.0,
        "Diluted Average Shares": 285624499.0,
        "Basic Average Shares": 285624499.0,
        "Diluted EPS": 0.7478,
        "Basic EPS": 0.7478,
        "Diluted NI Availto Com Stockholders": 213590000.0,
        "Net Income Common Stockholders": 213590000.0,
        "Otherunder Preferred Stock Dividend": 0.0,
        "Net Income": 213590000.0,
        "Minority Interests": -1217000.0,
        "Net Income Including Noncontrolling Interests": 214807000.0,
        "Net Income Continuous Operations": 214807000.0,
        "Tax Provision": 72392000.0,
        "Pretax Income": 287199000.0,
        "Other Non Operating Income Expenses": 850000.0,
        "Special Income Charges": 797000.0,
        "Other Special Charges": -162000.0,
        "Write Off": -905000.0,
        "Impairment Of Capital Assets": -2675000.0,
        "Restructuring And Mergern Acquisition": 2945000.0,
        "Net Non Operating Interest Income Expense": -29941000.0,
        "Total Other Finance Cost": 4926000.0,
        "Interest Expense Non Operating": 47020000.0,
        "Interest Income Non Operating": 22005000.0,
        "Operating Income": 309760000.0,
        "Operating Expense": 74186000.0,
        "Other Operating Expenses": 16970000.0,
        "Depreciation And Amortization In Income Statement": 1202000.0,
        "Amortization": NaN,
        "Depreciation Income Statement": 1202000.0,
        "Selling General And Administration": 30900000.0,
        "Selling And Marketing Expense": 2221000.0,
        "General And Administrative Expense": 28679000.0,
        "Rent And Landing Fees": 1783000.0,
        "Gross Profit": 383946000.0,
        "Cost Of Revenue": 909671000.0,
        "Total Revenue": 1293617000.0,
        "Operating Revenue": 1293617000.0
    },
    "2024-09-30": {
        "Tax Effect Of Unusual Items": 11139.416296,
        "Tax Rate For Calcs": 0.309428,
        "Normalized EBITDA": 240126000.0,
        "Total Unusual Items": 36000.0,
        "Total Unusual Items Excluding Goodwill": 36000.0,
        "Net Income From Continuing Operation Net Minority Interest": 131428000.0,
        "Reconciled Depreciation": 1354000.0,
        "Reconciled Cost Of Revenue": 796040000.0,
        "EBITDA": 240162000.0,
        "EBIT": 238808000.0,
        "Net Interest Income": -24885000.0,
        "Interest Expense": 45251000.0,
        "Interest Income": 23807000.0,
        "Normalized Income": 131403139.416296,
        "Net Income From Continuing And Discontinued Operation": 131428000.0,
        "Total Expenses": 864839000.0,
        "Rent Expense Supplemental": 25030000.0,
        "Total Operating Income As Reported": 227828000.0,
        "Diluted Average Shares": 285637952.0,
        "Basic Average Shares": 285637952.0,
        "Diluted EPS": 0.4601,
        "Basic EPS": 0.4601,
        "Diluted NI Availto Com Stockholders": 131428000.0,
        "Net Income Common Stockholders": 131428000.0,
        "Otherunder Preferred Stock Dividend": 0.0,
        "Net Income": 131428000.0,
        "Minority Interests": -2237000.0,
        "Net Income Including Noncontrolling Interests": 133665000.0,
        "Net Income Continuous Operations": 133665000.0,
        "Tax Provision": 59892000.0,
        "Pretax Income": 193557000.0,
        "Other Non Operating Income Expenses": 10536000.0,
        "Special Income Charges": -1964000.0,
        "Other Special Charges": 941000.0,
        "Write Off": -402000.0,
        "Impairment Of Capital Assets": 134000.0,
        "Restructuring And Mergern Acquisition": 1291000.0,
        "Net Non Operating Interest Income Expense": -24885000.0,
        "Total Other Finance Cost": 3441000.0,
        "Interest Expense Non Operating": 45251000.0,
        "Interest Income Non Operating": 23807000.0,
        "Operating Income": 212030000.0,
        "Operating Expense": 68799000.0,
        "Other Operating Expenses": 27502000.0,
        "Depreciation And Amortization In Income Statement": 1354000.0,
        "Amortization": NaN,
        "Depreciation Income Statement": 1354000.0,
        "Selling General And Administration": 27864000.0,
        "Selling And Marketing Expense": 1128000.0,
        "General And Administrative Expense": 26736000.0,
        "Rent And Landing Fees": NaN,
        "Gross Profit": 280829000.0,
        "Cost Of Revenue": 796040000.0,
        "Total Revenue": 1076869000.0,
        "Operating Revenue": 1076869000.0
    },
    "2024-12-31": {
        "Tax Effect Of Unusual Items": 1293209.786957,
        "Tax Rate For Calcs": 0.366556,
        "Normalized EBITDA": 242918000.0,
        "Total Unusual Items": 3528000.0,
        "Total Unusual Items Excluding Goodwill": 3528000.0,
        "Net Income From Continuing Operation Net Minority Interest": 120130000.0,
        "Reconciled Depreciation": 1246000.0,
        "Reconciled Cost Of Revenue": 779954000.0,
        "EBITDA": 246446000.0,
        "EBIT": 245200000.0,
        "Net Interest Income": -18061000.0,
        "Interest Expense": 51718000.0,
        "Interest Income": 30935000.0,
        "Normalized Income": 117895209.786957,
        "Net Income From Continuing And Discontinued Operation": 120130000.0,
        "Total Expenses": 863695000.0,
        "Rent Expense Supplemental": 18866000.0,
        "Total Operating Income As Reported": 210470000.0,
        "Diluted Average Shares": NaN,
        "Basic Average Shares": NaN,
        "Diluted EPS": NaN,
        "Basic EPS": NaN,
        "Diluted NI Availto Com Stockholders": 120130000.0,
        "Net Income Common Stockholders": 120130000.0,
        "Otherunder Preferred Stock Dividend": 0.0,
        "Net Income": 120130000.0,
        "Minority Interests": -2430000.0,
        "Net Income Including Noncontrolling Interests": 122560000.0,
        "Net Income Continuous Operations": 122560000.0,
        "Tax Provision": 70922000.0,
        "Pretax Income": 193482000.0,
        "Other Non Operating Income Expenses": 3884000.0,
        "Special Income Charges": 3528000.0,
        "Other Special Charges": -1325000.0,
        "Write Off": 2282000.0,
        "Impairment Of Capital Assets": -249000.0,
        "Restructuring And Mergern Acquisition": NaN,
        "Net Non Operating Interest Income Expense": -18061000.0,
        "Total Other Finance Cost": -2722000.0,
        "Interest Expense Non Operating": 51718000.0,
        "Interest Income Non Operating": 30935000.0,
        "Operating Income": 210062000.0,
        "Operating Expense": 83741000.0,
        "Other Operating Expenses": -3661000.0,
        "Depreciation And Amortization In Income Statement": 1246000.0,
        "Amortization": NaN,
        "Depreciation Income Statement": 1246000.0,
        "Selling General And Administration": 57315000.0,
        "Selling And Marketing Expense": 1385000.0,
        "General And Administrative Expense": 55930000.0,
        "Rent And Landing Fees": 496000.0,
        "Gross Profit": 293803000.0,
        "Cost Of Revenue": 779954000.0,
        "Total Revenue": 1073757000.0,
        "Operating Revenue": 1073757000.0
    },
    "2025-03-31": {
        "Tax Effect Of Unusual Items": -71748.684571,
        "Tax Rate For Calcs": 0.346612,
        "Normalized EBITDA": 259288000.0,
        "Total Unusual Items": -207000.0,
        "Total Unusual Items Excluding Goodwill": -207000.0,
        "Net Income From Continuing Operation Net Minority Interest": 137528000.0,
        "Reconciled Depreciation": 1600000.0,
        "Reconciled Cost Of Revenue": 731946000.0,
        "EBITDA": 259081000.0,
        "EBIT": 257481000.0,
        "Net Interest Income": -30446000.0,
        "Interest Expense": 45763000.0,
        "Interest Income": 19527000.0,
        "Normalized Income": 137663251.315429,
        "Net Income From Continuing And Discontinued Operation": 137528000.0,
        "Total Expenses": 795315000.0,
        "Rent Expense Supplemental": 23280000.0,
        "Total Operating Income As Reported": 244935000.0,
        "Diluted Average Shares": 285637916.0,
        "Basic Average Shares": 285637916.0,
        "Diluted EPS": 0.4815,
        "Basic EPS": 0.4815,
        "Diluted NI Availto Com Stockholders": 137528000.0,
        "Net Income Common Stockholders": 137528000.0,
        "Otherunder Preferred Stock Dividend": 0.0,
        "Net Income": 137528000.0,
        "Minority Interests": -806000.0,
        "Net Income Including Noncontrolling Interests": 138334000.0,
        "Net Income Continuous Operations": 138334000.0,
        "Tax Provision": 73384000.0,
        "Pretax Income": 211718000.0,
        "Other Non Operating Income Expenses": -6000.0,
        "Special Income Charges": -252000.0,
        "Other Special Charges": 180000.0,
        "Write Off": 18000.0,
        "Impairment Of Capital Assets": 0.0,
        "Restructuring And Mergern Acquisition": 54000.0,
        "Net Non Operating Interest Income Expense": -30446000.0,
        "Total Other Finance Cost": 4210000.0,
        "Interest Expense Non Operating": 45763000.0,
        "Interest Income Non Operating": 19527000.0,
        "Operating Income": 241315000.0,
        "Operating Expense": 63369000.0,
        "Other Operating Expenses": 16356000.0,
        "Depreciation And Amortization In Income Statement": 1600000.0,
        "Amortization": 116000.0,
        "Depreciation Income Statement": 1484000.0,
        "Selling General And Administration": 21576000.0,
        "Selling And Marketing Expense": 1768000.0,
        "General And Administrative Expense": 19808000.0,
        "Rent And Landing Fees": 548000.0,
        "Gross Profit": 304684000.0,
        "Cost Of Revenue": 731946000.0,
        "Total Revenue": 1036630000.0,
        "Operating Revenue": 1036630000.0
    },
    "2025-06-30": {
        "Tax Effect Of Unusual Items": -1041315.269461,
        "Tax Rate For Calcs": 0.391766,
        "Normalized EBITDA": 194412000.0,
        "Total Unusual Items": -2658000.0,
        "Total Unusual Items Excluding Goodwill": -2658000.0,
        "Net Income From Continuing Operation Net Minority Interest": 88422000.0,
        "Reconciled Depreciation": 1503000.0,
        "Reconciled Cost Of Revenue": 789097000.0,
        "EBITDA": 191754000.0,
        "EBIT": 190251000.0,
        "Net Interest Income": -25767000.0,
        "Interest Expense": 43291000.0,
        "Interest Income": 20909000.0,
        "Normalized Income": 90038684.730539,
        "Net Income From Continuing And Discontinued Operation": 88422000.0,
        "Total Expenses": 869191000.0,
        "Rent Expense Supplemental": 23801000.0,
        "Total Operating Income As Reported": 166195000.0,
        "Diluted Average Shares": 285600775.0,
        "Basic Average Shares": 285600775.0,
        "Diluted EPS": 0.3096,
        "Basic EPS": 0.3096,
        "Diluted NI Availto Com Stockholders": 88422000.0,
        "Net Income Common Stockholders": 88422000.0,
        "Otherunder Preferred Stock Dividend": 0.0,
        "Net Income": 88422000.0,
        "Minority Interests": -964000.0,
        "Net Income Including Noncontrolling Interests": 89386000.0,
        "Net Income Continuous Operations": 89386000.0,
        "Tax Provision": 57574000.0,
        "Pretax Income": 146960000.0,
        "Other Non Operating Income Expenses": 1221000.0,
        "Special Income Charges": -2894000.0,
        "Other Special Charges": 1990000.0,
        "Write Off": 70000.0,
        "Impairment Of Capital Assets": 0.0,
        "Restructuring And Mergern Acquisition": 834000.0,
        "Net Non Operating Interest Income Expense": -25767000.0,
        "Total Other Finance Cost": 3385000.0,
        "Interest Expense Non Operating": 43291000.0,
        "Interest Income Non Operating": 20909000.0,
        "Operating Income": 173486000.0,
        "Operating Expense": 80094000.0,
        "Other Operating Expenses": 17872000.0,
        "Depreciation And Amortization In Income Statement": 1503000.0,
        "Amortization": NaN,
        "Depreciation Income Statement": 1503000.0,
        "Selling General And Administration": 26976000.0,
        "Selling And Marketing Expense": 1994000.0,
        "General And Administrative Expense": 24982000.0,
        "Rent And Landing Fees": 1237000.0,
        "Gross Profit": 253580000.0,
        "Cost Of Revenue": 789097000.0,
        "Total Revenue": 1042677000.0,
        "Operating Revenue": 1042677000.0
    }
}