{
    "2023-06-30": {
        "Tax Effect Of Unusual Items": NaN,
        "Tax Rate For Calcs": NaN,
        "Net Income From Continuing Operation Net Minority Interest": NaN,
        "Reconciled Depreciation": NaN,
        "Net Interest Income": NaN,
        "Interest Expense": NaN,
        "Interest Income": NaN,
        "Normalized Income": NaN,
        "Net Income From Continuing And Discontinued Operation": NaN,
        "Diluted Average Shares": NaN,
        "Basic Average Shares": NaN,
        "Diluted EPS": NaN,
        "Basic EPS": NaN,
        "Diluted NI Availto Com Stockholders": NaN,
        "Net Income Common Stockholders": NaN,
        "Otherunder Preferred Stock Dividend": NaN,
        "Net Income": NaN,
        "Minority Interests": NaN,
        "Net Income Including Noncontrolling Interests": NaN,
        "Net Income Continuous Operations": NaN,
        "Tax Provision": NaN,
        "Pretax Income": NaN,
        "Gain On Sale Of Security": NaN,
        "Depreciation Amortization Depletion Income Statement": NaN,
        "Depreciation And Amortization In Income Statement": NaN,
        "Depreciation Income Statement": NaN,
        "Selling General And Administration": NaN,
        "Selling And Marketing Expense": 1649000.0,
        "General And Administrative Expense": NaN,
        "Insurance And Claims": NaN,
        "Salaries And Wages": NaN,
        "Total Revenue": NaN,
        "Operating Revenue": NaN,
        "Occupancy And Equipment": NaN,
        "Professional Expense And Contract Services Expense": NaN,
        "Other Non Interest Expense": NaN
    },
    "2023-03-31": {
        "Tax Effect Of Unusual Items": NaN,
        "Tax Rate For Calcs": NaN,
        "Net Income From Continuing Operation Net Minority Interest": NaN,
        "Reconciled Depreciation": NaN,
        "Net Interest Income": NaN,
        "Interest Expense": NaN,
        "Interest Income": NaN,
        "Normalized Income": NaN,
        "Net Income From Continuing And Discontinued Operation": NaN,
        "Diluted Average Shares": NaN,
        "Basic Average Shares": NaN,
        "Diluted EPS": NaN,
        "Basic EPS": NaN,
        "Diluted NI Availto Com Stockholders": NaN,
        "Net Income Common Stockholders": NaN,
        "Otherunder Preferred Stock Dividend": NaN,
        "Net Income": NaN,
        "Minority Interests": NaN,
        "Net Income Including Noncontrolling Interests": NaN,
        "Net Income Continuous Operations": NaN,
        "Tax Provision": NaN,
        "Pretax Income": NaN,
        "Gain On Sale Of Security": NaN,
        "Depreciation Amortization Depletion Income Statement": NaN,
        "Depreciation And Amortization In Income Statement": NaN,
        "Depreciation Income Statement": NaN,
        "Selling General And Administration": NaN,
        "Selling And Marketing Expense": 1972000.0,
        "General And Administrative Expense": NaN,
        "Insurance And Claims": NaN,
        "Salaries And Wages": NaN,
        "Total Revenue": NaN,
        "Operating Revenue": NaN,
        "Occupancy And Equipment": NaN,
        "Professional Expense And Contract Services Expense": NaN,
        "Other Non Interest Expense": NaN
    },
    "2022-12-31": {
        "Tax Effect Of Unusual Items": 0.0,
        "Tax Rate For Calcs": 0.242832,
        "Net Income From Continuing Operation Net Minority Interest": 31068000.0,
        "Reconciled Depreciation": 4321000.0,
        "Net Interest Income": 71455000.0,
        "Interest Expense": 15805000.0,
        "Interest Income": 87260000.0,
        "Normalized Income": 31068000.0,
        "Net Income From Continuing And Discontinued Operation": 31068000.0,
        "Diluted Average Shares": 24658294.0,
        "Basic Average Shares": 24658294.0,
        "Diluted EPS": 1.25,
        "Basic EPS": 1.25,
        "Diluted NI Availto Com Stockholders": 30795000.0,
        "Net Income Common Stockholders": 30795000.0,
        "Otherunder Preferred Stock Dividend": 273000.0,
        "Net Income": 31068000.0,
        "Minority Interests": 12000.0,
        "Net Income Including Noncontrolling Interests": 31056000.0,
        "Net Income Continuous Operations": 31056000.0,
        "Tax Provision": 9960000.0,
        "Pretax Income": 41016000.0,
        "Gain On Sale Of Security": -184000.0,
        "Depreciation Amortization Depletion Income Statement": 2111000.0,
        "Depreciation And Amortization In Income Statement": 2111000.0,
        "Depreciation Income Statement": 2111000.0,
        "Selling General And Administration": 7874000.0,
        "Selling And Marketing Expense": NaN,
        "General And Administrative Expense": 7874000.0,
        "Insurance And Claims": 943000.0,
        "Salaries And Wages": 27695000.0,
        "Total Revenue": 94735000.0,
        "Operating Revenue": 94735000.0
    },
    "2022-09-30": {
        "Tax Effect Of Unusual Items": NaN,
        "Tax Rate For Calcs": NaN,
        "Net Income From Continuing Operation Net Minority Interest": NaN,
        "Reconciled Depreciation": NaN,
        "Net Interest Income": NaN,
        "Interest Expense": NaN,
        "Interest Income": NaN,
        "Normalized Income": NaN,
        "Net Income From Continuing And Discontinued Operation": NaN,
        "Diluted Average Shares": NaN,
        "Basic Average Shares": NaN,
        "Diluted EPS": NaN,
        "Basic EPS": NaN,
        "Diluted NI Availto Com Stockholders": NaN,
        "Net Income Common Stockholders": NaN,
        "Otherunder Preferred Stock Dividend": NaN,
        "Net Income": NaN,
        "Minority Interests": NaN,
        "Net Income Including Noncontrolling Interests": NaN,
        "Net Income Continuous Operations": NaN,
        "Tax Provision": NaN,
        "Pretax Income": NaN,
        "Gain On Sale Of Security": NaN,
        "Depreciation Amortization Depletion Income Statement": NaN,
        "Depreciation And Amortization In Income Statement": NaN,
        "Depreciation Income Statement": NaN,
        "Selling General And Administration": NaN,
        "Selling And Marketing Expense": 1415000.0,
        "General And Administrative Expense": NaN,
        "Other Gand A": 7217000.0,
        "Insurance And Claims": NaN,
        "Salaries And Wages": NaN,
        "Total Revenue": NaN,
        "Operating Revenue": NaN
    },
    "2022-06-30": {
        "Tax Effect Of Unusual Items": 0.0,
        "Tax Rate For Calcs": 0.2309,
        "Net Income From Continuing Operation Net Minority Interest": 29314000.0,
        "Reconciled Depreciation": 4956000.0,
        "Net Interest Income": 63462000.0,
        "Interest Expense": 4567000.0,
        "Interest Income": 68029000.0,
        "Normalized Income": 29314000.0,
        "Net Income From Continuing And Discontinued Operation": 29314000.0,
        "Diluted Average Shares": 24691747.0,
        "Basic Average Shares": 24691747.0,
        "Diluted EPS": 1.18,
        "Basic EPS": 1.18,
        "Diluted NI Availto Com Stockholders": 29070000.0,
        "Net Income Common Stockholders": 29070000.0,
        "Otherunder Preferred Stock Dividend": 244000.0,
        "Net Income": 29314000.0,
        "Minority Interests": -16000.0,
        "Net Income Including Noncontrolling Interests": 29330000.0,
        "Net Income Continuous Operations": 29330000.0,
        "Tax Provision": 8804000.0,
        "Pretax Income": 38134000.0,
        "Gain On Sale Of Security": 0.0,
        "Depreciation Amortization Depletion Income Statement": 2664000.0,
        "Depreciation And Amortization In Income Statement": 2664000.0,
        "Depreciation Income Statement": 2664000.0,
        "Selling General And Administration": 33526000.0,
        "Selling And Marketing Expense": NaN,
        "General And Administrative Expense": 33526000.0,
        "Other Gand A": 7071000.0,
        "Insurance And Claims": 893000.0,
        "Salaries And Wages": 25562000.0,
        "Total Revenue": 86292000.0,
        "Operating Revenue": 86292000.0
    },
    "2022-03-31": {
        "Diluted EPS": 1.1,
        "Total Revenue": 85,
        "Gross Profit": 83,
        "Operating Income": 35,
        "EBIT": NaN,
        "Net Income": 27
    },
    "2021-12-31": {
        "Diluted EPS": 1.12,
        "Total Revenue": 88,
        "Gross Profit": 84,
        "Operating Income": 36,
        "EBIT": NaN,
        "Net Income": 27
    },
    "2021-09-30": {
        "Diluted EPS": 1.29,
        "Total Revenue": 92,
        "Gross Profit": 88,
        "Operating Income": 42,
        "EBIT": NaN,
        "Net Income": 32
    },
    "2021-06-30": {
        "Diluted EPS": 1.19,
        "Total Revenue": 87,
        "Gross Profit": 82,
        "Operating Income": 40,
        "EBIT": NaN,
        "Net Income": 30
    },
    "2021-03-31": {
        "Diluted EPS": 1.1,
        "Total Revenue": 88,
        "Gross Profit": 83,
        "Operating Income": 37,
        "EBIT": NaN,
        "Net Income": 28
    },
    "2020-12-31": {
        "Diluted EPS": 1.03,
        "Total Revenue": 95,
        "Gross Profit": 88,
        "Operating Income": 34,
        "EBIT": NaN,
        "Net Income": 26
    },
    "2020-09-30": {
        "Diluted EPS": 0.78,
        "Total Revenue": 91,
        "Gross Profit": 83,
        "Operating Income": 27,
        "EBIT": NaN,
        "Net Income": 20
    },
    "2020-06-30": {
        "Diluted EPS": 0.72,
        "Total Revenue": 89,
        "Gross Profit": 79,
        "Operating Income": 24,
        "EBIT": NaN,
        "Net Income": 19
    },
    "2020-03-31": {
        "Diluted EPS": 0.64,
        "Total Revenue": 92,
        "Gross Profit": 79,
        "Operating Income": 22,
        "EBIT": NaN,
        "Net Income": 16
    },
    "2019-12-31": {
        "Diluted EPS": 0.85,
        "Total Revenue": 95,
        "Gross Profit": 81,
        "Operating Income": 29,
        "EBIT": NaN,
        "Net Income": 21
    },
    "2019-09-30": {
        "Diluted EPS": 0.95,
        "Total Revenue": 98,
        "Gross Profit": 83,
        "Operating Income": 32,
        "EBIT": NaN,
        "Net Income": 24
    },
    "2019-06-30": {
        "Diluted EPS": 0.91,
        "Total Revenue": 97,
        "Gross Profit": 82,
        "Operating Income": 30,
        "EBIT": NaN,
        "Net Income": 23
    },
    "2019-03-31": {
        "Diluted EPS": 0.86,
        "Total Revenue": 93,
        "Gross Profit": 79,
        "Operating Income": 29,
        "EBIT": NaN,
        "Net Income": 22
    },
    "2018-12-31": {
        "Diluted EPS": 0.83,
        "Total Revenue": 93,
        "Gross Profit": 80,
        "Operating Income": 28,
        "EBIT": NaN,
        "Net Income": 21
    },
    "2018-09-30": {
        "Diluted EPS": 0.76,
        "Total Revenue": 90,
        "Gross Profit": 78,
        "Operating Income": 25,
        "EBIT": NaN,
        "Net Income": 20
    },
    "2018-06-30": {
        "Diluted EPS": 0.84,
        "Total Revenue": 89,
        "Gross Profit": 78,
        "Operating Income": 27,
        "EBIT": NaN,
        "Net Income": 22
    },
    "2018-03-31": {
        "Diluted EPS": 0.73,
        "Total Revenue": 83,
        "Gross Profit": 74,
        "Operating Income": 25,
        "EBIT": NaN,
        "Net Income": 19
    },
    "2017-12-31": {
        "Diluted EPS": 0.68,
        "Total Revenue": 82,
        "Gross Profit": 74,
        "Operating Income": 24,
        "EBIT": NaN,
        "Net Income": 17
    },
    "2017-09-30": {
        "Diluted EPS": 0.66,
        "Total Revenue": 80,
        "Gross Profit": 73,
        "Operating Income": 27,
        "EBIT": NaN,
        "Net Income": 17
    },
    "2017-06-30": {
        "Diluted EPS": 0.64,
        "Total Revenue": 77,
        "Gross Profit": 70,
        "Operating Income": 26,
        "EBIT": NaN,
        "Net Income": 17
    },
    "2017-03-31": {
        "Diluted EPS": 0.62,
        "Total Revenue": 73,
        "Gross Profit": 67,
        "Operating Income": 25,
        "EBIT": NaN,
        "Net Income": 16
    },
    "2016-12-31": {
        "Diluted EPS": 0.58,
        "Total Revenue": 71,
        "Gross Profit": 66,
        "Operating Income": 23,
        "EBIT": NaN,
        "Net Income": 15
    },
    "2016-09-30": {
        "Diluted EPS": 0.55,
        "Total Revenue": 71,
        "Gross Profit": 65,
        "Operating Income": 22,
        "EBIT": NaN,
        "Net Income": 14
    },
    "2016-06-30": {
        "Diluted EPS": 0.56,
        "Total Revenue": 70,
        "Gross Profit": 65,
        "Operating Income": 23,
        "EBIT": NaN,
        "Net Income": 14
    },
    "2016-03-31": {
        "Diluted EPS": 0.53,
        "Total Revenue": 68,
        "Gross Profit": 63,
        "Operating Income": 21,
        "EBIT": NaN,
        "Net Income": 14
    },
    "2015-12-31": {
        "Diluted EPS": 0.54,
        "Total Revenue": 69,
        "Gross Profit": 64,
        "Operating Income": 22,
        "EBIT": NaN,
        "Net Income": 14
    },
    "2015-09-30": {
        "Diluted EPS": 0.53,
        "Total Revenue": 68,
        "Gross Profit": 63,
        "Operating Income": 21,
        "EBIT": NaN,
        "Net Income": 14
    },
    "2015-06-30": {
        "Diluted EPS": 0.59,
        "Total Revenue": 68,
        "Gross Profit": 63,
        "Operating Income": 24,
        "EBIT": NaN,
        "Net Income": 16
    },
    "2015-03-31": {
        "Diluted EPS": 0.51,
        "Total Revenue": 63,
        "Gross Profit": 59,
        "Operating Income": 21,
        "EBIT": NaN,
        "Net Income": 14
    },
    "2014-12-31": {
        "Diluted EPS": 0.62,
        "Total Revenue": 65,
        "Gross Profit": 61,
        "Operating Income": 20,
        "EBIT": NaN,
        "Net Income": 15
    },
    "2014-09-30": {
        "Diluted EPS": 0.56,
        "Total Revenue": 65,
        "Gross Profit": 60,
        "Operating Income": 21,
        "EBIT": NaN,
        "Net Income": 15
    },
    "2014-06-30": {
        "Diluted EPS": 0.49,
        "Total Revenue": 64,
        "Gross Profit": 59,
        "Operating Income": 22,
        "EBIT": NaN,
        "Net Income": 14
    },
    "2014-03-31": {
        "Diluted EPS": 0.5,
        "Total Revenue": 63,
        "Gross Profit": 58,
        "Operating Income": 21,
        "EBIT": NaN,
        "Net Income": 14
    },
    "2013-12-31": {
        "Diluted EPS": 0.52,
        "Total Revenue": 62,
        "Gross Profit": 57,
        "Operating Income": 19,
        "EBIT": NaN,
        "Net Income": 14
    },
    "2013-09-30": {
        "Diluted EPS": 0.55,
        "Total Revenue": 67,
        "Gross Profit": 61,
        "Operating Income": 23,
        "EBIT": NaN,
        "Net Income": 15
    },
    "2013-06-30": {
        "Diluted EPS": 0.51,
        "Total Revenue": 65,
        "Gross Profit": 59,
        "Operating Income": 22,
        "EBIT": NaN,
        "Net Income": 14
    },
    "2013-03-31": {
        "Diluted EPS": 0.46,
        "Total Revenue": 63,
        "Gross Profit": 57,
        "Operating Income": 19,
        "EBIT": NaN,
        "Net Income": 12
    },
    "2012-12-31": {
        "Diluted EPS": 0.46,
        "Total Revenue": 66,
        "Gross Profit": 59,
        "Operating Income": 19,
        "EBIT": NaN,
        "Net Income": 13
    },
    "2012-09-30": {
        "Diluted EPS": 0.48,
        "Total Revenue": 66,
        "Gross Profit": 58,
        "Operating Income": 20,
        "EBIT": NaN,
        "Net Income": 13
    },
    "2012-06-30": {
        "Diluted EPS": 0.46,
        "Total Revenue": 66,
        "Gross Profit": 58,
        "Operating Income": 19,
        "EBIT": NaN,
        "Net Income": 13
    },
    "2012-03-31": {
        "Diluted EPS": 0.44,
        "Total Revenue": 66,
        "Gross Profit": 58,
        "Operating Income": 18,
        "EBIT": NaN,
        "Net Income": 12
    },
    "2011-12-31": {
        "Diluted EPS": 0.41,
        "Total Revenue": 66,
        "Gross Profit": 58,
        "Operating Income": 17,
        "EBIT": NaN,
        "Net Income": 11
    },
    "2011-09-30": {
        "Diluted EPS": 0.43,
        "Total Revenue": 67,
        "Gross Profit": 57,
        "Operating Income": 18,
        "EBIT": NaN,
        "Net Income": 12
    },
    "2011-06-30": {
        "Diluted EPS": 0.56,
        "Total Revenue": 69,
        "Gross Profit": 59,
        "Operating Income": 23,
        "EBIT": NaN,
        "Net Income": 15
    },
    "2011-03-31": {
        "Diluted EPS": 0.39,
        "Total Revenue": 66,
        "Gross Profit": 56,
        "Operating Income": 15,
        "EBIT": NaN,
        "Net Income": 11
    },
    "2010-12-31": {
        "Diluted EPS": 0.22,
        "Total Revenue": 73,
        "Gross Profit": 62,
        "Operating Income": 18,
        "EBIT": NaN,
        "Net Income": 6
    },
    "2010-09-30": {
        "Diluted EPS": 0.36,
        "Total Revenue": 73,
        "Gross Profit": 60,
        "Operating Income": 17,
        "EBIT": NaN,
        "Net Income": 9
    },
    "2010-06-30": {
        "Diluted EPS": 0.23,
        "Total Revenue": 71,
        "Gross Profit": 57,
        "Operating Income": 11,
        "EBIT": NaN,
        "Net Income": 6
    },
    "2010-03-31": {
        "Diluted EPS": 0.3,
        "Total Revenue": 70,
        "Gross Profit": 56,
        "Operating Income": 14,
        "EBIT": NaN,
        "Net Income": 8
    },
    "2009-12-31": {
        "Diluted EPS": 0.17,
        "Total Revenue": 71,
        "Gross Profit": 56,
        "Operating Income": 9,
        "EBIT": NaN,
        "Net Income": 5
    },
    "2009-09-30": {
        "Diluted EPS": 0.19,
        "Total Revenue": 70,
        "Gross Profit": 52,
        "Operating Income": 9,
        "EBIT": NaN,
        "Net Income": 5
    },
    "2009-06-30": {
        "Diluted EPS": 0.17,
        "Total Revenue": 73,
        "Gross Profit": 55,
        "Operating Income": 9,
        "EBIT": NaN,
        "Net Income": 5
    },
    "2009-03-31": {
        "Diluted EPS": 0.18,
        "Total Revenue": 71,
        "Gross Profit": 51,
        "Operating Income": 5,
        "EBIT": NaN,
        "Net Income": 5
    },
    "2023-09-30": {
        "Tax Effect Of Unusual Items": NaN,
        "Tax Rate For Calcs": NaN,
        "Net Income From Continuing Operation Net Minority Interest": NaN,
        "Reconciled Depreciation": NaN,
        "Net Interest Income": NaN,
        "Interest Expense": NaN,
        "Interest Income": NaN,
        "Normalized Income": NaN,
        "Net Income From Continuing And Discontinued Operation": NaN,
        "Diluted Average Shares": NaN,
        "Basic Average Shares": NaN,
        "Diluted EPS": NaN,
        "Basic EPS": NaN,
        "Diluted NI Availto Com Stockholders": NaN,
        "Net Income Common Stockholders": NaN,
        "Otherunder Preferred Stock Dividend": NaN,
        "Net Income": NaN,
        "Minority Interests": NaN,
        "Net Income Including Noncontrolling Interests": NaN,
        "Net Income Continuous Operations": NaN,
        "Tax Provision": NaN,
        "Pretax Income": NaN,
        "Gain On Sale Of Security": NaN,
        "Depreciation Amortization Depletion Income Statement": NaN,
        "Depreciation And Amortization In Income Statement": NaN,
        "Depreciation Income Statement": NaN,
        "Selling General And Administration": NaN,
        "Selling And Marketing Expense": 1201000.0,
        "General And Administrative Expense": NaN,
        "Insurance And Claims": NaN,
        "Salaries And Wages": NaN,
        "Total Revenue": NaN,
        "Operating Revenue": NaN,
        "Occupancy And Equipment": NaN,
        "Professional Expense And Contract Services Expense": NaN,
        "Other Non Interest Expense": NaN
    },
    "2023-12-31": {
        "Tax Effect Of Unusual Items": NaN,
        "Tax Rate For Calcs": NaN,
        "Net Income From Continuing Operation Net Minority Interest": NaN,
        "Reconciled Depreciation": NaN,
        "Net Interest Income": NaN,
        "Interest Expense": NaN,
        "Interest Income": NaN,
        "Normalized Income": NaN,
        "Net Income From Continuing And Discontinued Operation": NaN,
        "Diluted Average Shares": NaN,
        "Basic Average Shares": NaN,
        "Diluted EPS": NaN,
        "Basic EPS": NaN,
        "Diluted NI Availto Com Stockholders": NaN,
        "Net Income Common Stockholders": NaN,
        "Otherunder Preferred Stock Dividend": NaN,
        "Net Income": NaN,
        "Minority Interests": NaN,
        "Net Income Including Noncontrolling Interests": NaN,
        "Net Income Continuous Operations": NaN,
        "Tax Provision": NaN,
        "Pretax Income": NaN,
        "Gain On Sale Of Security": -2882000.0,
        "Depreciation Amortization Depletion Income Statement": NaN,
        "Depreciation And Amortization In Income Statement": NaN,
        "Depreciation Income Statement": NaN,
        "Selling General And Administration": NaN,
        "Selling And Marketing Expense": NaN,
        "General And Administrative Expense": NaN,
        "Insurance And Claims": NaN,
        "Salaries And Wages": NaN,
        "Total Revenue": NaN,
        "Operating Revenue": NaN,
        "Occupancy And Equipment": NaN,
        "Professional Expense And Contract Services Expense": NaN,
        "Other Non Interest Expense": NaN
    },
    "2024-03-31": {
        "Tax Effect Of Unusual Items": NaN,
        "Tax Rate For Calcs": NaN,
        "Net Income From Continuing Operation Net Minority Interest": NaN,
        "Reconciled Depreciation": NaN,
        "Net Interest Income": NaN,
        "Interest Expense": NaN,
        "Interest Income": NaN,
        "Normalized Income": NaN,
        "Net Income From Continuing And Discontinued Operation": NaN,
        "Diluted Average Shares": NaN,
        "Basic Average Shares": NaN,
        "Diluted EPS": NaN,
        "Basic EPS": NaN,
        "Diluted NI Availto Com Stockholders": NaN,
        "Net Income Common Stockholders": NaN,
        "Otherunder Preferred Stock Dividend": NaN,
        "Net Income": NaN,
        "Minority Interests": NaN,
        "Net Income Including Noncontrolling Interests": NaN,
        "Net Income Continuous Operations": NaN,
        "Tax Provision": NaN,
        "Pretax Income": NaN,
        "Gain On Sale Of Security": 0.0,
        "Depreciation Amortization Depletion Income Statement": NaN,
        "Depreciation And Amortization In Income Statement": NaN,
        "Depreciation Income Statement": NaN,
        "Selling General And Administration": NaN,
        "Selling And Marketing Expense": 1744000.0,
        "General And Administrative Expense": NaN,
        "Insurance And Claims": NaN,
        "Salaries And Wages": NaN,
        "Total Revenue": NaN,
        "Operating Revenue": NaN,
        "Occupancy And Equipment": NaN,
        "Professional Expense And Contract Services Expense": NaN,
        "Other Non Interest Expense": NaN
    },
    "2024-06-30": {
        "Tax Effect Of Unusual Items": NaN,
        "Tax Rate For Calcs": NaN,
        "Net Income From Continuing Operation Net Minority Interest": NaN,
        "Reconciled Depreciation": NaN,
        "Net Interest Income": NaN,
        "Interest Expense": NaN,
        "Interest Income": NaN,
        "Normalized Income": NaN,
        "Net Income From Continuing And Discontinued Operation": NaN,
        "Diluted Average Shares": NaN,
        "Basic Average Shares": NaN,
        "Diluted EPS": NaN,
        "Basic EPS": NaN,
        "Diluted NI Availto Com Stockholders": NaN,
        "Net Income Common Stockholders": NaN,
        "Otherunder Preferred Stock Dividend": NaN,
        "Net Income": NaN,
        "Minority Interests": NaN,
        "Net Income Including Noncontrolling Interests": NaN,
        "Net Income Continuous Operations": NaN,
        "Tax Provision": NaN,
        "Pretax Income": NaN,
        "Gain On Sale Of Security": 0.0,
        "Depreciation Amortization Depletion Income Statement": NaN,
        "Depreciation And Amortization In Income Statement": NaN,
        "Depreciation Income Statement": NaN,
        "Selling General And Administration": NaN,
        "Selling And Marketing Expense": 2026000.0,
        "General And Administrative Expense": NaN,
        "Insurance And Claims": NaN,
        "Salaries And Wages": NaN,
        "Total Revenue": NaN,
        "Operating Revenue": NaN,
        "Occupancy And Equipment": NaN,
        "Professional Expense And Contract Services Expense": NaN,
        "Other Non Interest Expense": NaN
    },
    "2024-09-30": {
        "Tax Effect Of Unusual Items": 0.0,
        "Tax Rate For Calcs": 0.2307,
        "Net Income From Continuing Operation Net Minority Interest": 34937000.0,
        "Reconciled Depreciation": 3053000.0,
        "Net Interest Income": 75486000.0,
        "Interest Expense": 47744000.0,
        "Interest Income": 123230000.0,
        "Normalized Income": 34937000.0,
        "Net Income From Continuing And Discontinued Operation": 34937000.0,
        "Diluted Average Shares": 24514144.0,
        "Basic Average Shares": 24514144.0,
        "Diluted EPS": 1.41,
        "Basic EPS": 1.41,
        "Diluted NI Availto Com Stockholders": 34622000.0,
        "Net Income Common Stockholders": 34622000.0,
        "Otherunder Preferred Stock Dividend": 315000.0,
        "Net Income": 34937000.0,
        "Minority Interests": 23000.0,
        "Net Income Including Noncontrolling Interests": 34914000.0,
        "Net Income Continuous Operations": 34914000.0,
        "Tax Provision": 10469000.0,
        "Pretax Income": 45383000.0,
        "Gain On Sale Of Security": 0.0,
        "Depreciation Amortization Depletion Income Statement": 907000.0,
        "Depreciation And Amortization In Income Statement": 907000.0,
        "Depreciation Income Statement": 907000.0,
        "Selling General And Administration": 34368000.0,
        "Selling And Marketing Expense": 1671000.0,
        "General And Administrative Expense": 32697000.0,
        "Insurance And Claims": 1423000.0,
        "Salaries And Wages": 31274000.0,
        "Total Revenue": 97934000.0,
        "Operating Revenue": 97934000.0,
        "Occupancy And Equipment": 4507000.0,
        "Professional Expense And Contract Services Expense": 1928000.0,
        "Other Non Interest Expense": 7733000.0
    },
    "2024-12-31": {
        "Tax Effect Of Unusual Items": 0.0,
        "Tax Rate For Calcs": 0.215252,
        "Net Income From Continuing Operation Net Minority Interest": 31438000.0,
        "Reconciled Depreciation": 3028000.0,
        "Net Interest Income": 79366000.0,
        "Interest Expense": 43784000.0,
        "Interest Income": 123150000.0,
        "Normalized Income": 31438000.0,
        "Net Income From Continuing And Discontinued Operation": 31438000.0,
        "Diluted Average Shares": 24515454.0,
        "Basic Average Shares": 24515454.0,
        "Diluted EPS": 1.27,
        "Basic EPS": 1.27,
        "Diluted NI Availto Com Stockholders": 31162000.0,
        "Net Income Common Stockholders": 31162000.0,
        "Otherunder Preferred Stock Dividend": 276000.0,
        "Net Income": 31438000.0,
        "Minority Interests": 1000.0,
        "Net Income Including Noncontrolling Interests": 31437000.0,
        "Net Income Continuous Operations": 31437000.0,
        "Tax Provision": 8623000.0,
        "Pretax Income": 40060000.0,
        "Gain On Sale Of Security": -3889000.0,
        "Depreciation Amortization Depletion Income Statement": 879000.0,
        "Depreciation And Amortization In Income Statement": 879000.0,
        "Depreciation Income Statement": 879000.0,
        "Selling General And Administration": 27819000.0,
        "Selling And Marketing Expense": NaN,
        "General And Administrative Expense": 33260000.0,
        "Insurance And Claims": 1435000.0,
        "Salaries And Wages": 31825000.0,
        "Total Revenue": 97848000.0,
        "Operating Revenue": 97848000.0,
        "Occupancy And Equipment": 4726000.0,
        "Professional Expense And Contract Services Expense": 2112000.0,
        "Other Non Interest Expense": 19545000.0
    },
    "2025-03-31": {
        "Tax Effect Of Unusual Items": 0.0,
        "Tax Rate For Calcs": 0.2134,
        "Net Income From Continuing Operation Net Minority Interest": 37520000.0,
        "Reconciled Depreciation": 2829000.0,
        "Net Interest Income": 80938000.0,
        "Interest Expense": 42366000.0,
        "Interest Income": 123304000.0,
        "Normalized Income": 37520000.0,
        "Net Income From Continuing And Discontinued Operation": 37520000.0,
        "Diluted Average Shares": 24546819.0,
        "Basic Average Shares": 24546819.0,
        "Diluted EPS": 1.52,
        "Basic EPS": 1.52,
        "Diluted NI Availto Com Stockholders": 37203000.0,
        "Net Income Common Stockholders": 37203000.0,
        "Otherunder Preferred Stock Dividend": 317000.0,
        "Net Income": 37520000.0,
        "Minority Interests": -3000.0,
        "Net Income Including Noncontrolling Interests": 37523000.0,
        "Net Income Continuous Operations": 37523000.0,
        "Tax Provision": 10177000.0,
        "Pretax Income": 47700000.0,
        "Gain On Sale Of Security": NaN,
        "Depreciation Amortization Depletion Income Statement": 718000.0,
        "Depreciation And Amortization In Income Statement": 718000.0,
        "Depreciation Income Statement": 718000.0,
        "Selling General And Administration": 35480000.0,
        "Selling And Marketing Expense": 1925000.0,
        "General And Administrative Expense": 33555000.0,
        "Insurance And Claims": 1440000.0,
        "Salaries And Wages": 32115000.0,
        "Total Revenue": 104041000.0,
        "Operating Revenue": 104041000.0,
        "Occupancy And Equipment": 4571000.0,
        "Professional Expense And Contract Services Expense": 1668000.0,
        "Other Non Interest Expense": 10639000.0
    },
    "2025-06-30": {
        "Tax Effect Of Unusual Items": 0.0,
        "Tax Rate For Calcs": 0.2245,
        "Net Income From Continuing Operation Net Minority Interest": 37319000.0,
        "Reconciled Depreciation": 2785000.0,
        "Net Interest Income": 85192000.0,
        "Interest Expense": 42024000.0,
        "Interest Income": 127216000.0,
        "Normalized Income": 37319000.0,
        "Net Income From Continuing And Discontinued Operation": 37319000.0,
        "Diluted Average Shares": 24541385.0,
        "Basic Average Shares": 24541385.0,
        "Diluted EPS": 1.51,
        "Basic EPS": 1.51,
        "Diluted NI Availto Com Stockholders": 37005000.0,
        "Net Income Common Stockholders": 37005000.0,
        "Otherunder Preferred Stock Dividend": 314000.0,
        "Net Income": 37319000.0,
        "Minority Interests": -7000.0,
        "Net Income Including Noncontrolling Interests": 37326000.0,
        "Net Income Continuous Operations": 37326000.0,
        "Tax Provision": 10803000.0,
        "Pretax Income": 48129000.0,
        "Gain On Sale Of Security": -997000.0,
        "Depreciation Amortization Depletion Income Statement": 619000.0,
        "Depreciation And Amortization In Income Statement": 619000.0,
        "Depreciation Income Statement": 619000.0,
        "Selling General And Administration": 35122000.0,
        "Selling And Marketing Expense": 1884000.0,
        "General And Administrative Expense": 33238000.0,
        "Insurance And Claims": 1438000.0,
        "Salaries And Wages": 31800000.0,
        "Total Revenue": 108249000.0,
        "Operating Revenue": 108249000.0,
        "Occupancy And Equipment": 4719000.0,
        "Professional Expense And Contract Services Expense": 1499000.0,
        "Other Non Interest Expense": 10471000.0
    },
    "2025-09-30": {
        "Tax Effect Of Unusual Items": 0.0,
        "Tax Rate For Calcs": 0.2311,
        "Net Income From Continuing Operation Net Minority Interest": 42296000.0,
        "Reconciled Depreciation": 2804000.0,
        "Net Interest Income": 88750000.0,
        "Interest Expense": 42138000.0,
        "Interest Income": 130888000.0,
        "Normalized Income": 42296000.0,
        "Net Income From Continuing And Discontinued Operation": 42296000.0,
        "Diluted Average Shares": 24472035.0,
        "Basic Average Shares": 24472035.0,
        "Diluted EPS": 1.71,
        "Basic EPS": 1.71,
        "Diluted NI Availto Com Stockholders": 41926000.0,
        "Net Income Common Stockholders": 41926000.0,
        "Otherunder Preferred Stock Dividend": 370000.0,
        "Net Income": 42296000.0,
        "Minority Interests": 17000.0,
        "Net Income Including Noncontrolling Interests": 42279000.0,
        "Net Income Continuous Operations": 42279000.0,
        "Tax Provision": 12705000.0,
        "Pretax Income": 54984000.0,
        "Gain On Sale Of Security": -1877000.0,
        "Depreciation Amortization Depletion Income Statement": 557000.0,
        "Depreciation And Amortization In Income Statement": 557000.0,
        "Depreciation Income Statement": 557000.0,
        "Selling General And Administration": 36517000.0,
        "Selling And Marketing Expense": 2846000.0,
        "General And Administrative Expense": 33671000.0,
        "Insurance And Claims": 1454000.0,
        "Salaries And Wages": 32217000.0,
        "Total Revenue": 110656000.0,
        "Operating Revenue": 110656000.0,
        "Occupancy And Equipment": 4651000.0,
        "Professional Expense And Contract Services Expense": 1765000.0,
        "Other Non Interest Expense": 11286000.0
    }
}