{
    "2023-03-31": {
        "Tax Effect Of Unusual Items": NaN,
        "Tax Rate For Calcs": NaN,
        "Normalized EBITDA": NaN,
        "Total Unusual Items": NaN,
        "Total Unusual Items Excluding Goodwill": NaN,
        "Net Income From Continuing Operation Net Minority Interest": NaN,
        "Reconciled Depreciation": NaN,
        "Reconciled Cost Of Revenue": NaN,
        "EBITDA": NaN,
        "EBIT": NaN,
        "Net Interest Income": NaN,
        "Interest Expense": NaN,
        "Normalized Income": NaN,
        "Net Income From Continuing And Discontinued Operation": NaN,
        "Total Expenses": NaN,
        "Total Operating Income As Reported": NaN,
        "Diluted Average Shares": NaN,
        "Basic Average Shares": NaN,
        "Diluted EPS": NaN,
        "Basic EPS": NaN,
        "Diluted NI Availto Com Stockholders": NaN,
        "Net Income Common Stockholders": NaN,
        "Net Income": NaN,
        "Net Income Including Noncontrolling Interests": NaN,
        "Net Income Continuous Operations": NaN,
        "Tax Provision": NaN,
        "Pretax Income": NaN,
        "Other Income Expense": NaN,
        "Other Non Operating Income Expenses": -3000.0,
        "Special Income Charges": NaN,
        "Restructuring And Mergern Acquisition": NaN,
        "Gain On Sale Of Security": NaN,
        "Net Non Operating Interest Income Expense": NaN,
        "Interest Expense Non Operating": NaN,
        "Operating Income": NaN,
        "Operating Expense": NaN,
        "Depreciation Amortization Depletion Income Statement": NaN,
        "Depreciation And Amortization In Income Statement": NaN,
        "Amortization": NaN,
        "Amortization Of Intangibles Income Statement": NaN,
        "Selling General And Administration": NaN,
        "General And Administrative Expense": 12967000.0,
        "Other Gand A": 12967000.0,
        "Gross Profit": NaN,
        "Cost Of Revenue": NaN,
        "Total Revenue": NaN,
        "Operating Revenue": NaN
    },
    "2022-12-31": {
        "Tax Effect Of Unusual Items": 880.0,
        "Tax Rate For Calcs": 0.02,
        "Normalized EBITDA": -5104000.0,
        "Total Unusual Items": 44000.0,
        "Total Unusual Items Excluding Goodwill": 44000.0,
        "Net Income From Continuing Operation Net Minority Interest": -7843000.0,
        "Reconciled Depreciation": 2122000.0,
        "Reconciled Cost Of Revenue": 16801000.0,
        "EBITDA": -5060000.0,
        "EBIT": -7182000.0,
        "Net Interest Income": -826000.0,
        "Interest Expense": 826000.0,
        "Normalized Income": -7886120.0,
        "Net Income From Continuing And Discontinued Operation": -7843000.0,
        "Total Expenses": 32159000.0,
        "Total Operating Income As Reported": -7229000.0,
        "Diluted Average Shares": 13983000.0,
        "Basic Average Shares": 13983000.0,
        "Diluted EPS": -0.56,
        "Basic EPS": -0.56,
        "Diluted NI Availto Com Stockholders": -7843000.0,
        "Net Income Common Stockholders": -7843000.0,
        "Net Income": -7843000.0,
        "Net Income Including Noncontrolling Interests": -7843000.0,
        "Net Income Continuous Operations": -7843000.0,
        "Tax Provision": -165000.0,
        "Pretax Income": -8008000.0,
        "Other Income Expense": 44000.0,
        "Other Non Operating Income Expenses": NaN,
        "Special Income Charges": -3000.0,
        "Restructuring And Mergern Acquisition": 3000.0,
        "Gain On Sale Of Security": 47000.0,
        "Net Non Operating Interest Income Expense": -826000.0,
        "Interest Expense Non Operating": 826000.0,
        "Operating Income": -7226000.0,
        "Operating Expense": 14149000.0,
        "Depreciation Amortization Depletion Income Statement": 913000.0,
        "Depreciation And Amortization In Income Statement": 913000.0,
        "Amortization": 913000.0,
        "Amortization Of Intangibles Income Statement": 913000.0,
        "Selling General And Administration": 13236000.0,
        "General And Administrative Expense": NaN,
        "Other Gand A": NaN,
        "Gross Profit": 6923000.0,
        "Cost Of Revenue": 18010000.0,
        "Total Revenue": 24933000.0,
        "Operating Revenue": 24933000.0
    },
    "2022-09-30": {
        "Tax Effect Of Unusual Items": 0.0,
        "Tax Rate For Calcs": 0.21,
        "Normalized EBITDA": -5647000.0,
        "Total Unusual Items": 0.0,
        "Total Unusual Items Excluding Goodwill": 0.0,
        "Net Income From Continuing Operation Net Minority Interest": -14728000.0,
        "Reconciled Depreciation": 966000.0,
        "Reconciled Cost Of Revenue": 17856000.0,
        "EBITDA": -5647000.0,
        "EBIT": -6613000.0,
        "Net Interest Income": -188000.0,
        "Interest Expense": 188000.0,
        "Normalized Income": -14728000.0,
        "Net Income From Continuing And Discontinued Operation": -14728000.0,
        "Total Expenses": 32601000.0,
        "Total Operating Income As Reported": -6613000.0,
        "Diluted Average Shares": 13944000.0,
        "Basic Average Shares": 13944000.0,
        "Diluted EPS": -1.06,
        "Basic EPS": -1.06,
        "Diluted NI Availto Com Stockholders": -14728000.0,
        "Net Income Common Stockholders": -14728000.0,
        "Net Income": -14728000.0,
        "Net Income Including Noncontrolling Interests": -14728000.0,
        "Net Income Continuous Operations": -14728000.0,
        "Tax Provision": 7936000.0,
        "Pretax Income": -6792000.0,
        "Other Income Expense": -179000.0,
        "Other Non Operating Income Expenses": -179000.0,
        "Special Income Charges": 0.0,
        "Restructuring And Mergern Acquisition": 0.0,
        "Gain On Sale Of Security": 9000.0,
        "Net Non Operating Interest Income Expense": -188000.0,
        "Interest Expense Non Operating": 188000.0,
        "Operating Income": -6613000.0,
        "Operating Expense": 14745000.0,
        "Depreciation Amortization Depletion Income Statement": 966000.0,
        "Depreciation And Amortization In Income Statement": 966000.0,
        "Amortization": 966000.0,
        "Amortization Of Intangibles Income Statement": 966000.0,
        "Selling General And Administration": 13779000.0,
        "General And Administrative Expense": NaN,
        "Other Gand A": NaN,
        "Gross Profit": 8132000.0,
        "Cost Of Revenue": 17856000.0,
        "Total Revenue": 25988000.0,
        "Operating Revenue": 25988000.0
    },
    "2022-06-30": {
        "Tax Effect Of Unusual Items": 22158.47375,
        "Tax Rate For Calcs": 0.213062,
        "Normalized EBITDA": -4934000.0,
        "Total Unusual Items": 104000.0,
        "Total Unusual Items Excluding Goodwill": 104000.0,
        "Net Income From Continuing Operation Net Minority Interest": -5651000.0,
        "Reconciled Depreciation": 2206000.0,
        "Reconciled Cost Of Revenue": 16934000.0,
        "EBITDA": -4830000.0,
        "EBIT": -7036000.0,
        "Net Interest Income": -145000.0,
        "Interest Expense": 145000.0,
        "Normalized Income": -5732841.52625,
        "Net Income From Continuing And Discontinued Operation": -5651000.0,
        "Total Expenses": 31994000.0,
        "Total Operating Income As Reported": -7143000.0,
        "Diluted Average Shares": 13929000.0,
        "Basic Average Shares": 13929000.0,
        "Diluted EPS": -0.41,
        "Basic EPS": -0.41,
        "Diluted NI Availto Com Stockholders": -5651000.0,
        "Net Income Common Stockholders": -5651000.0,
        "Net Income": -5651000.0,
        "Net Income Including Noncontrolling Interests": -5651000.0,
        "Net Income Continuous Operations": -5651000.0,
        "Tax Provision": -1530000.0,
        "Pretax Income": -7181000.0,
        "Other Income Expense": 104000.0,
        "Other Non Operating Income Expenses": NaN,
        "Special Income Charges": -3000.0,
        "Restructuring And Mergern Acquisition": 3000.0,
        "Gain On Sale Of Security": 107000.0,
        "Net Non Operating Interest Income Expense": -145000.0,
        "Interest Expense Non Operating": 145000.0,
        "Operating Income": -7140000.0,
        "Operating Expense": 13878000.0,
        "Depreciation Amortization Depletion Income Statement": 1024000.0,
        "Depreciation And Amortization In Income Statement": 1024000.0,
        "Amortization": 1024000.0,
        "Amortization Of Intangibles Income Statement": 1024000.0,
        "Selling General And Administration": 12854000.0,
        "General And Administrative Expense": NaN,
        "Other Gand A": NaN,
        "Gross Profit": 6738000.0,
        "Cost Of Revenue": 18116000.0,
        "Total Revenue": 24854000.0,
        "Operating Revenue": 24854000.0
    },
    "2023-06-30": {
        "Tax Effect Of Unusual Items": NaN,
        "Tax Rate For Calcs": NaN,
        "Normalized EBITDA": NaN,
        "Total Unusual Items": NaN,
        "Total Unusual Items Excluding Goodwill": NaN,
        "Net Income From Continuing Operation Net Minority Interest": NaN,
        "Reconciled Depreciation": NaN,
        "Reconciled Cost Of Revenue": NaN,
        "EBITDA": NaN,
        "EBIT": NaN,
        "Net Interest Income": NaN,
        "Interest Expense": NaN,
        "Normalized Income": NaN,
        "Net Income From Continuing And Discontinued Operation": NaN,
        "Total Expenses": NaN,
        "Total Operating Income As Reported": NaN,
        "Diluted Average Shares": NaN,
        "Basic Average Shares": NaN,
        "Diluted EPS": NaN,
        "Basic EPS": NaN,
        "Diluted NI Availto Com Stockholders": NaN,
        "Net Income Common Stockholders": NaN,
        "Net Income": NaN,
        "Net Income Including Noncontrolling Interests": NaN,
        "Net Income Continuous Operations": NaN,
        "Tax Provision": NaN,
        "Pretax Income": NaN,
        "Other Income Expense": NaN,
        "Other Non Operating Income Expenses": 835000.0,
        "Special Income Charges": NaN,
        "Restructuring And Mergern Acquisition": NaN,
        "Gain On Sale Of Security": NaN,
        "Net Non Operating Interest Income Expense": NaN,
        "Interest Expense Non Operating": NaN,
        "Operating Income": NaN,
        "Operating Expense": NaN,
        "Depreciation Amortization Depletion Income Statement": NaN,
        "Depreciation And Amortization In Income Statement": NaN,
        "Amortization": NaN,
        "Amortization Of Intangibles Income Statement": NaN,
        "Selling General And Administration": NaN,
        "General And Administrative Expense": 12874000.0,
        "Other Gand A": 12874000.0,
        "Gross Profit": NaN,
        "Cost Of Revenue": NaN,
        "Total Revenue": NaN,
        "Operating Revenue": NaN
    },
    "2022-03-31": {
        "Diluted EPS": -0.29,
        "Total Revenue": 26,
        "Gross Profit": 21,
        "Operating Income": -5,
        "EBIT": -3,
        "Net Income": -4
    },
    "2021-12-31": {
        "Diluted EPS": -0.2,
        "Total Revenue": 23,
        "Gross Profit": 19,
        "Operating Income": -3,
        "EBIT": -1,
        "Net Income": -3
    },
    "2021-09-30": {
        "Diluted EPS": -0.02,
        "Total Revenue": 24,
        "Gross Profit": 20,
        "Operating Income": 0,
        "EBIT": 2,
        "Net Income": 0
    },
    "2021-06-30": {
        "Diluted EPS": -0.24,
        "Total Revenue": 24,
        "Gross Profit": 19,
        "Operating Income": -2,
        "EBIT": -1,
        "Net Income": -3
    },
    "2021-03-31": {
        "Diluted EPS": 0.58,
        "Total Revenue": 35,
        "Gross Profit": 31,
        "Operating Income": 9,
        "EBIT": 11,
        "Net Income": 8
    },
    "2020-12-31": {
        "Diluted EPS": -0.02,
        "Total Revenue": 22,
        "Gross Profit": 19,
        "Operating Income": 0,
        "EBIT": 2,
        "Net Income": 0
    },
    "2020-09-30": {
        "Diluted EPS": -0.22,
        "Total Revenue": 23,
        "Gross Profit": 19,
        "Operating Income": -2,
        "EBIT": 0,
        "Net Income": -3
    },
    "2020-06-30": {
        "Diluted EPS": 0.18,
        "Total Revenue": 27,
        "Gross Profit": 22,
        "Operating Income": 1,
        "EBIT": 3,
        "Net Income": 2
    },
    "2020-03-31": {
        "Diluted EPS": 0.11,
        "Total Revenue": 23,
        "Gross Profit": 19,
        "Operating Income": 0,
        "EBIT": 2,
        "Net Income": 1
    },
    "2019-12-31": {
        "Diluted EPS": 0.01,
        "Total Revenue": 23,
        "Gross Profit": 19,
        "Operating Income": 0,
        "EBIT": 2,
        "Net Income": 0
    },
    "2019-09-30": {
        "Diluted EPS": 0.26,
        "Total Revenue": 31,
        "Gross Profit": 27,
        "Operating Income": 4,
        "EBIT": 6,
        "Net Income": 4
    },
    "2019-06-30": {
        "Diluted EPS": 0.11,
        "Total Revenue": 24,
        "Gross Profit": 21,
        "Operating Income": 1,
        "EBIT": 3,
        "Net Income": 1
    },
    "2019-03-31": {
        "Diluted EPS": 0.09,
        "Total Revenue": 23,
        "Gross Profit": 20,
        "Operating Income": 1,
        "EBIT": 3,
        "Net Income": 1
    },
    "2018-12-31": {
        "Diluted EPS": 0.09,
        "Total Revenue": 22,
        "Gross Profit": 19,
        "Operating Income": 1,
        "EBIT": 2,
        "Net Income": 1
    },
    "2018-09-30": {
        "Diluted EPS": -0.13,
        "Total Revenue": 23,
        "Gross Profit": 19,
        "Operating Income": -2,
        "EBIT": -1,
        "Net Income": -2
    },
    "2018-06-30": {
        "Diluted EPS": -0.2,
        "Total Revenue": 22,
        "Gross Profit": 18,
        "Operating Income": -6,
        "EBIT": -5,
        "Net Income": -3
    },
    "2018-03-31": {
        "Diluted EPS": 0.11,
        "Total Revenue": 19,
        "Gross Profit": 16,
        "Operating Income": 1,
        "EBIT": 2,
        "Net Income": 2
    },
    "2017-12-31": {
        "Diluted EPS": -0.12,
        "Total Revenue": 17,
        "Gross Profit": 14,
        "Operating Income": -1,
        "EBIT": 1,
        "Net Income": -2
    },
    "2017-09-30": {
        "Diluted EPS": 0.03,
        "Total Revenue": 20,
        "Gross Profit": 17,
        "Operating Income": 0,
        "EBIT": 2,
        "Net Income": 0
    },
    "2017-06-30": {
        "Diluted EPS": 0.05,
        "Total Revenue": 18,
        "Gross Profit": 15,
        "Operating Income": 2,
        "EBIT": 3,
        "Net Income": 1
    },
    "2017-03-31": {
        "Diluted EPS": 0.04,
        "Total Revenue": 18,
        "Gross Profit": 15,
        "Operating Income": 2,
        "EBIT": 3,
        "Net Income": 1
    },
    "2016-12-31": {
        "Diluted EPS": 0.17,
        "Total Revenue": 18,
        "Gross Profit": 15,
        "Operating Income": 3,
        "EBIT": 5,
        "Net Income": 2
    },
    "2016-09-30": {
        "Diluted EPS": 0.2,
        "Total Revenue": 18,
        "Gross Profit": 15,
        "Operating Income": 4,
        "EBIT": 5,
        "Net Income": 3
    },
    "2016-06-30": {
        "Diluted EPS": 0.3,
        "Total Revenue": 20,
        "Gross Profit": 17,
        "Operating Income": 7,
        "EBIT": 8,
        "Net Income": 4
    },
    "2016-03-31": {
        "Diluted EPS": 0.06,
        "Total Revenue": 17,
        "Gross Profit": 14,
        "Operating Income": 2,
        "EBIT": 4,
        "Net Income": 1
    },
    "2015-12-31": {
        "Diluted EPS": 0.2,
        "Total Revenue": 17,
        "Gross Profit": 14,
        "Operating Income": 4,
        "EBIT": 5,
        "Net Income": 3
    },
    "2015-09-30": {
        "Diluted EPS": 0.1,
        "Total Revenue": 17,
        "Gross Profit": 15,
        "Operating Income": 4,
        "EBIT": 5,
        "Net Income": 1
    },
    "2015-06-30": {
        "Diluted EPS": 0.3,
        "Total Revenue": 16,
        "Gross Profit": 14,
        "Operating Income": 6,
        "EBIT": 7,
        "Net Income": 4
    },
    "2015-03-31": {
        "Diluted EPS": 0.23,
        "Total Revenue": 14,
        "Gross Profit": 12,
        "Operating Income": 4,
        "EBIT": 5,
        "Net Income": 3
    },
    "2014-12-31": {
        "Diluted EPS": 0.27,
        "Total Revenue": 14,
        "Gross Profit": 12,
        "Operating Income": 5,
        "EBIT": 6,
        "Net Income": 4
    },
    "2014-09-30": {
        "Diluted EPS": 0.17,
        "Total Revenue": 15,
        "Gross Profit": 13,
        "Operating Income": 5,
        "EBIT": 6,
        "Net Income": 2
    },
    "2014-06-30": {
        "Diluted EPS": 0.26,
        "Total Revenue": 15,
        "Gross Profit": 13,
        "Operating Income": 5,
        "EBIT": 6,
        "Net Income": 4
    },
    "2014-03-31": {
        "Diluted EPS": 0.18,
        "Total Revenue": 14,
        "Gross Profit": 12,
        "Operating Income": 3,
        "EBIT": 4,
        "Net Income": 2
    },
    "2013-12-31": {
        "Diluted EPS": 0.26,
        "Total Revenue": 14,
        "Gross Profit": 12,
        "Operating Income": 4,
        "EBIT": 5,
        "Net Income": 4
    },
    "2013-09-30": {
        "Diluted EPS": 0.25,
        "Total Revenue": 14,
        "Gross Profit": 12,
        "Operating Income": 6,
        "EBIT": 6,
        "Net Income": 4
    },
    "2013-06-30": {
        "Diluted EPS": 0.21,
        "Total Revenue": 14,
        "Gross Profit": 12,
        "Operating Income": 4,
        "EBIT": 5,
        "Net Income": 3
    },
    "2013-03-31": {
        "Diluted EPS": 0.28,
        "Total Revenue": 14,
        "Gross Profit": 12,
        "Operating Income": 4,
        "EBIT": 5,
        "Net Income": 4
    },
    "2012-12-31": {
        "Diluted EPS": 0.29,
        "Total Revenue": 14,
        "Gross Profit": 12,
        "Operating Income": 5,
        "EBIT": 6,
        "Net Income": 4
    },
    "2012-09-30": {
        "Diluted EPS": 0.17,
        "Total Revenue": 14,
        "Gross Profit": 12,
        "Operating Income": 5,
        "EBIT": 5,
        "Net Income": 3
    },
    "2012-06-30": {
        "Diluted EPS": 0.17,
        "Total Revenue": 14,
        "Gross Profit": 12,
        "Operating Income": 5,
        "EBIT": 6,
        "Net Income": 3
    },
    "2012-03-31": {
        "Diluted EPS": 0.1,
        "Total Revenue": 12,
        "Gross Profit": 11,
        "Operating Income": 4,
        "EBIT": 4,
        "Net Income": 2
    },
    "2011-12-31": {
        "Diluted EPS": 0.15,
        "Total Revenue": 12,
        "Gross Profit": 10,
        "Operating Income": 3,
        "EBIT": 4,
        "Net Income": 3
    },
    "2011-09-30": {
        "Diluted EPS": -1.07,
        "Total Revenue": 14,
        "Gross Profit": 12,
        "Operating Income": 3,
        "EBIT": 4,
        "Net Income": -19
    },
    "2011-06-30": {
        "Diluted EPS": 0.22,
        "Total Revenue": 13,
        "Gross Profit": 12,
        "Operating Income": 4,
        "EBIT": 5,
        "Net Income": 4
    },
    "2011-03-31": {
        "Diluted EPS": 0.14,
        "Total Revenue": 13,
        "Gross Profit": 11,
        "Operating Income": 4,
        "EBIT": 5,
        "Net Income": 2
    },
    "2010-12-31": {
        "Diluted EPS": -0.35,
        "Total Revenue": 13,
        "Gross Profit": 11,
        "Operating Income": 4,
        "EBIT": 5,
        "Net Income": -6
    },
    "2010-09-30": {
        "Diluted EPS": -1.25,
        "Total Revenue": 16,
        "Gross Profit": 13,
        "Operating Income": -18,
        "EBIT": -20,
        "Net Income": -22
    },
    "2010-06-30": {
        "Diluted EPS": -0.05,
        "Total Revenue": 19,
        "Gross Profit": 16,
        "Operating Income": 2,
        "EBIT": 4,
        "Net Income": -1
    },
    "2010-03-31": {
        "Diluted EPS": -0.02,
        "Total Revenue": 18,
        "Gross Profit": 16,
        "Operating Income": -1,
        "EBIT": 1,
        "Net Income": 0
    },
    "2009-12-31": {
        "Diluted EPS": 0.11,
        "Total Revenue": 17,
        "Gross Profit": 15,
        "Operating Income": 3,
        "EBIT": 5,
        "Net Income": 2
    },
    "2009-09-30": {
        "Diluted EPS": 0.18,
        "Total Revenue": 19,
        "Gross Profit": 17,
        "Operating Income": 4,
        "EBIT": 6,
        "Net Income": 3
    },
    "2009-06-30": {
        "Diluted EPS": 0.2,
        "Total Revenue": 18,
        "Gross Profit": 16,
        "Operating Income": 5,
        "EBIT": 6,
        "Net Income": 4
    },
    "2009-03-31": {
        "Diluted EPS": 0.24,
        "Total Revenue": 21,
        "Gross Profit": 19,
        "Operating Income": 6,
        "EBIT": 8,
        "Net Income": 4
    },
    "2023-09-30": {
        "Tax Effect Of Unusual Items": NaN,
        "Tax Rate For Calcs": NaN,
        "Normalized EBITDA": NaN,
        "Total Unusual Items": NaN,
        "Total Unusual Items Excluding Goodwill": NaN,
        "Net Income From Continuing Operation Net Minority Interest": NaN,
        "Reconciled Depreciation": NaN,
        "Reconciled Cost Of Revenue": NaN,
        "EBITDA": NaN,
        "EBIT": NaN,
        "Net Interest Income": NaN,
        "Interest Expense": NaN,
        "Normalized Income": NaN,
        "Net Income From Continuing And Discontinued Operation": NaN,
        "Total Expenses": NaN,
        "Total Operating Income As Reported": NaN,
        "Diluted Average Shares": NaN,
        "Basic Average Shares": NaN,
        "Diluted EPS": NaN,
        "Basic EPS": NaN,
        "Diluted NI Availto Com Stockholders": NaN,
        "Net Income Common Stockholders": NaN,
        "Net Income": NaN,
        "Net Income Including Noncontrolling Interests": NaN,
        "Net Income Continuous Operations": NaN,
        "Tax Provision": NaN,
        "Pretax Income": NaN,
        "Other Income Expense": NaN,
        "Other Non Operating Income Expenses": 0.0,
        "Special Income Charges": 0.0,
        "Restructuring And Mergern Acquisition": 0.0,
        "Gain On Sale Of Security": NaN,
        "Net Non Operating Interest Income Expense": NaN,
        "Interest Expense Non Operating": NaN,
        "Operating Income": NaN,
        "Operating Expense": NaN,
        "Depreciation Amortization Depletion Income Statement": NaN,
        "Depreciation And Amortization In Income Statement": NaN,
        "Amortization": NaN,
        "Amortization Of Intangibles Income Statement": NaN,
        "Selling General And Administration": NaN,
        "General And Administrative Expense": NaN,
        "Other Gand A": NaN,
        "Gross Profit": NaN,
        "Cost Of Revenue": NaN,
        "Total Revenue": NaN,
        "Operating Revenue": NaN
    },
    "2023-12-31": {
        "Tax Effect Of Unusual Items": NaN,
        "Tax Rate For Calcs": NaN,
        "Normalized EBITDA": NaN,
        "Total Unusual Items": NaN,
        "Total Unusual Items Excluding Goodwill": NaN,
        "Net Income From Continuing Operation Net Minority Interest": NaN,
        "Reconciled Depreciation": NaN,
        "Reconciled Cost Of Revenue": NaN,
        "EBITDA": NaN,
        "EBIT": NaN,
        "Net Interest Income": NaN,
        "Interest Expense": NaN,
        "Normalized Income": NaN,
        "Net Income From Continuing And Discontinued Operation": NaN,
        "Total Expenses": NaN,
        "Total Operating Income As Reported": NaN,
        "Diluted Average Shares": NaN,
        "Basic Average Shares": NaN,
        "Diluted EPS": NaN,
        "Basic EPS": NaN,
        "Diluted NI Availto Com Stockholders": NaN,
        "Net Income Common Stockholders": NaN,
        "Net Income": NaN,
        "Net Income Including Noncontrolling Interests": NaN,
        "Net Income Continuous Operations": NaN,
        "Tax Provision": NaN,
        "Pretax Income": NaN,
        "Other Income Expense": NaN,
        "Special Income Charges": 0.0,
        "Restructuring And Mergern Acquisition": 0.0,
        "Gain On Sale Of Security": NaN,
        "Net Non Operating Interest Income Expense": NaN,
        "Interest Expense Non Operating": NaN,
        "Operating Income": NaN,
        "Operating Expense": NaN,
        "Depreciation Amortization Depletion Income Statement": NaN,
        "Depreciation And Amortization In Income Statement": NaN,
        "Amortization": NaN,
        "Amortization Of Intangibles Income Statement": NaN,
        "Selling General And Administration": NaN,
        "General And Administrative Expense": NaN,
        "Other Gand A": NaN,
        "Gross Profit": NaN,
        "Cost Of Revenue": NaN,
        "Total Revenue": NaN,
        "Operating Revenue": NaN
    },
    "2024-03-31": {
        "Tax Effect Of Unusual Items": NaN,
        "Tax Rate For Calcs": NaN,
        "Normalized EBITDA": NaN,
        "Total Unusual Items": NaN,
        "Total Unusual Items Excluding Goodwill": NaN,
        "Net Income From Continuing Operation Net Minority Interest": NaN,
        "Reconciled Depreciation": NaN,
        "Reconciled Cost Of Revenue": NaN,
        "EBITDA": NaN,
        "EBIT": NaN,
        "Net Interest Income": NaN,
        "Interest Expense": NaN,
        "Normalized Income": NaN,
        "Net Income From Continuing And Discontinued Operation": NaN,
        "Total Expenses": NaN,
        "Total Operating Income As Reported": NaN,
        "Diluted Average Shares": NaN,
        "Basic Average Shares": NaN,
        "Diluted EPS": NaN,
        "Basic EPS": NaN,
        "Diluted NI Availto Com Stockholders": NaN,
        "Net Income Common Stockholders": NaN,
        "Net Income": NaN,
        "Net Income Including Noncontrolling Interests": NaN,
        "Net Income Continuous Operations": NaN,
        "Tax Provision": NaN,
        "Pretax Income": NaN,
        "Other Income Expense": NaN,
        "Special Income Charges": 0.0,
        "Restructuring And Mergern Acquisition": 0.0,
        "Gain On Sale Of Security": NaN,
        "Net Non Operating Interest Income Expense": NaN,
        "Interest Expense Non Operating": NaN,
        "Operating Income": NaN,
        "Operating Expense": NaN,
        "Depreciation Amortization Depletion Income Statement": NaN,
        "Depreciation And Amortization In Income Statement": NaN,
        "Amortization": NaN,
        "Amortization Of Intangibles Income Statement": NaN,
        "Selling General And Administration": NaN,
        "General And Administrative Expense": 13093000.0,
        "Other Gand A": 13093000.0,
        "Gross Profit": NaN,
        "Cost Of Revenue": NaN,
        "Total Revenue": NaN,
        "Operating Revenue": NaN
    },
    "2024-06-30": {
        "Tax Effect Of Unusual Items": 91770.0,
        "Tax Rate For Calcs": 0.21,
        "Normalized EBITDA": -3243000.0,
        "Total Unusual Items": 437000.0,
        "Total Unusual Items Excluding Goodwill": 437000.0,
        "Net Income From Continuing Operation Net Minority Interest": -7554000.0,
        "Reconciled Depreciation": 2126000.0,
        "Reconciled Cost Of Revenue": 16957000.0,
        "EBITDA": -2806000.0,
        "EBIT": -4932000.0,
        "Net Interest Income": -879000.0,
        "Interest Expense": 879000.0,
        "Normalized Income": -7899230.0,
        "Net Income From Continuing And Discontinued Operation": -7554000.0,
        "Total Expenses": 35710000.0,
        "Total Operating Income As Reported": -5369000.0,
        "Diluted Average Shares": 14170000.0,
        "Basic Average Shares": 14170000.0,
        "Diluted EPS": -0.53,
        "Basic EPS": -0.53,
        "Diluted NI Availto Com Stockholders": -7554000.0,
        "Net Income Common Stockholders": -7554000.0,
        "Net Income": -7554000.0,
        "Net Income Including Noncontrolling Interests": -7554000.0,
        "Net Income Continuous Operations": -7554000.0,
        "Tax Provision": 1743000.0,
        "Pretax Income": -5811000.0,
        "Other Income Expense": 437000.0,
        "Special Income Charges": 0.0,
        "Restructuring And Mergern Acquisition": 0.0,
        "Gain On Sale Of Security": 437000.0,
        "Net Non Operating Interest Income Expense": -879000.0,
        "Interest Expense Non Operating": 879000.0,
        "Operating Income": -5369000.0,
        "Operating Expense": 17497000.0,
        "Depreciation Amortization Depletion Income Statement": 870000.0,
        "Depreciation And Amortization In Income Statement": 870000.0,
        "Amortization": 870000.0,
        "Amortization Of Intangibles Income Statement": 870000.0,
        "Selling General And Administration": 16627000.0,
        "General And Administrative Expense": 16627000.0,
        "Other Gand A": 16627000.0,
        "Gross Profit": 12128000.0,
        "Cost Of Revenue": 18213000.0,
        "Total Revenue": 30341000.0,
        "Operating Revenue": 30341000.0
    },
    "2024-09-30": {
        "Tax Effect Of Unusual Items": 75600.0,
        "Tax Rate For Calcs": 0.21,
        "Normalized EBITDA": 1526000.0,
        "Total Unusual Items": 360000.0,
        "Total Unusual Items Excluding Goodwill": 360000.0,
        "Net Income From Continuing Operation Net Minority Interest": -3449000.0,
        "Reconciled Depreciation": 2139000.0,
        "Reconciled Cost Of Revenue": 17122000.0,
        "EBITDA": 1886000.0,
        "EBIT": -253000.0,
        "Net Interest Income": -884000.0,
        "Interest Expense": 884000.0,
        "Normalized Income": -3733400.0,
        "Net Income From Continuing And Discontinued Operation": -3449000.0,
        "Total Expenses": 33840000.0,
        "Total Operating Income As Reported": -613000.0,
        "Diluted Average Shares": 14189000.0,
        "Basic Average Shares": 14189000.0,
        "Diluted EPS": -0.24,
        "Basic EPS": -0.24,
        "Diluted NI Availto Com Stockholders": -3449000.0,
        "Net Income Common Stockholders": -3449000.0,
        "Net Income": -3449000.0,
        "Net Income Including Noncontrolling Interests": -3449000.0,
        "Net Income Continuous Operations": -3449000.0,
        "Tax Provision": 2312000.0,
        "Pretax Income": -1137000.0,
        "Other Income Expense": 360000.0,
        "Special Income Charges": 0.0,
        "Restructuring And Mergern Acquisition": 0.0,
        "Gain On Sale Of Security": 360000.0,
        "Net Non Operating Interest Income Expense": -884000.0,
        "Interest Expense Non Operating": 884000.0,
        "Operating Income": -613000.0,
        "Operating Expense": 15464000.0,
        "Depreciation Amortization Depletion Income Statement": 885000.0,
        "Depreciation And Amortization In Income Statement": 885000.0,
        "Amortization": 885000.0,
        "Amortization Of Intangibles Income Statement": 885000.0,
        "Selling General And Administration": 14579000.0,
        "General And Administrative Expense": NaN,
        "Other Gand A": NaN,
        "Gross Profit": 14851000.0,
        "Cost Of Revenue": 18376000.0,
        "Total Revenue": 33227000.0,
        "Operating Revenue": 33227000.0
    },
    "2024-12-31": {
        "Tax Effect Of Unusual Items": 87990.0,
        "Tax Rate For Calcs": 0.21,
        "Normalized EBITDA": -398000.0,
        "Total Unusual Items": 419000.0,
        "Total Unusual Items Excluding Goodwill": 419000.0,
        "Net Income From Continuing Operation Net Minority Interest": -3651000.0,
        "Reconciled Depreciation": 2083000.0,
        "Reconciled Cost Of Revenue": 15146000.0,
        "EBITDA": 21000.0,
        "EBIT": -2062000.0,
        "Net Interest Income": -882000.0,
        "Interest Expense": 882000.0,
        "Normalized Income": -3982010.0,
        "Net Income From Continuing And Discontinued Operation": -3651000.0,
        "Total Expenses": 32403000.0,
        "Total Operating Income As Reported": -2481000.0,
        "Diluted Average Shares": 14231000.0,
        "Basic Average Shares": 14231000.0,
        "Diluted EPS": -0.26,
        "Basic EPS": -0.26,
        "Diluted NI Availto Com Stockholders": -3651000.0,
        "Net Income Common Stockholders": -3651000.0,
        "Net Income": -3651000.0,
        "Net Income Including Noncontrolling Interests": -3651000.0,
        "Net Income Continuous Operations": -3651000.0,
        "Tax Provision": 707000.0,
        "Pretax Income": -2944000.0,
        "Other Income Expense": 419000.0,
        "Special Income Charges": NaN,
        "Restructuring And Mergern Acquisition": NaN,
        "Gain On Sale Of Security": 419000.0,
        "Net Non Operating Interest Income Expense": -882000.0,
        "Interest Expense Non Operating": 882000.0,
        "Operating Income": -2481000.0,
        "Operating Expense": 16037000.0,
        "Depreciation Amortization Depletion Income Statement": 863000.0,
        "Depreciation And Amortization In Income Statement": 863000.0,
        "Amortization": 863000.0,
        "Amortization Of Intangibles Income Statement": 863000.0,
        "Selling General And Administration": 15174000.0,
        "General And Administrative Expense": NaN,
        "Other Gand A": NaN,
        "Gross Profit": 13556000.0,
        "Cost Of Revenue": 16366000.0,
        "Total Revenue": 29922000.0,
        "Operating Revenue": 29922000.0
    },
    "2025-03-31": {
        "Tax Effect Of Unusual Items": 38430.0,
        "Tax Rate For Calcs": 0.21,
        "Normalized EBITDA": -1871000.0,
        "Total Unusual Items": 183000.0,
        "Total Unusual Items Excluding Goodwill": 183000.0,
        "Net Income From Continuing Operation Net Minority Interest": -5209000.0,
        "Reconciled Depreciation": 2139000.0,
        "Reconciled Cost Of Revenue": 14911000.0,
        "EBITDA": -1688000.0,
        "EBIT": -3827000.0,
        "Net Interest Income": -855000.0,
        "Interest Expense": 855000.0,
        "Normalized Income": -5353570.0,
        "Net Income From Continuing And Discontinued Operation": -5209000.0,
        "Total Expenses": 32095000.0,
        "Total Operating Income As Reported": -4010000.0,
        "Diluted Average Shares": 14278000.0,
        "Basic Average Shares": 14278000.0,
        "Diluted EPS": -0.36,
        "Basic EPS": -0.36,
        "Diluted NI Availto Com Stockholders": -5209000.0,
        "Net Income Common Stockholders": -5209000.0,
        "Net Income": -5209000.0,
        "Net Income Including Noncontrolling Interests": -5209000.0,
        "Net Income Continuous Operations": -5209000.0,
        "Tax Provision": 527000.0,
        "Pretax Income": -4682000.0,
        "Other Income Expense": 183000.0,
        "Special Income Charges": NaN,
        "Restructuring And Mergern Acquisition": NaN,
        "Gain On Sale Of Security": 183000.0,
        "Net Non Operating Interest Income Expense": -855000.0,
        "Interest Expense Non Operating": 855000.0,
        "Operating Income": -4010000.0,
        "Operating Expense": 15898000.0,
        "Depreciation Amortization Depletion Income Statement": 853000.0,
        "Depreciation And Amortization In Income Statement": 853000.0,
        "Amortization": 853000.0,
        "Amortization Of Intangibles Income Statement": 853000.0,
        "Selling General And Administration": 15045000.0,
        "General And Administrative Expense": 15045000.0,
        "Other Gand A": 15045000.0,
        "Gross Profit": 11888000.0,
        "Cost Of Revenue": 16197000.0,
        "Total Revenue": 28085000.0,
        "Operating Revenue": 28085000.0
    },
    "2025-06-30": {
        "Tax Effect Of Unusual Items": 17700.0,
        "Tax Rate For Calcs": 0.1,
        "Normalized EBITDA": -3139000.0,
        "Total Unusual Items": 177000.0,
        "Total Unusual Items Excluding Goodwill": 177000.0,
        "Net Income From Continuing Operation Net Minority Interest": -5318000.0,
        "Reconciled Depreciation": 2103000.0,
        "Reconciled Cost Of Revenue": 14956000.0,
        "EBITDA": -2962000.0,
        "EBIT": -5065000.0,
        "Net Interest Income": -864000.0,
        "Interest Expense": 864000.0,
        "Normalized Income": -5477300.0,
        "Net Income From Continuing And Discontinued Operation": -5318000.0,
        "Total Expenses": 34809000.0,
        "Total Operating Income As Reported": -5242000.0,
        "Diluted Average Shares": 14281000.0,
        "Basic Average Shares": 14281000.0,
        "Diluted EPS": -0.37,
        "Basic EPS": -0.37,
        "Diluted NI Availto Com Stockholders": -5318000.0,
        "Net Income Common Stockholders": -5318000.0,
        "Net Income": -5318000.0,
        "Net Income Including Noncontrolling Interests": -5318000.0,
        "Net Income Continuous Operations": -5318000.0,
        "Tax Provision": -611000.0,
        "Pretax Income": -5929000.0,
        "Other Income Expense": 177000.0,
        "Special Income Charges": NaN,
        "Restructuring And Mergern Acquisition": NaN,
        "Gain On Sale Of Security": 177000.0,
        "Net Non Operating Interest Income Expense": -864000.0,
        "Interest Expense Non Operating": 864000.0,
        "Operating Income": -5242000.0,
        "Operating Expense": 18660000.0,
        "Depreciation Amortization Depletion Income Statement": 910000.0,
        "Depreciation And Amortization In Income Statement": 910000.0,
        "Amortization": 910000.0,
        "Amortization Of Intangibles Income Statement": 910000.0,
        "Selling General And Administration": 17750000.0,
        "General And Administrative Expense": 17750000.0,
        "Other Gand A": 17750000.0,
        "Gross Profit": 13418000.0,
        "Cost Of Revenue": 16149000.0,
        "Total Revenue": 29567000.0,
        "Operating Revenue": 29567000.0
    }
}