{
    "2023-03-31": {
        "Tax Effect Of Unusual Items": NaN,
        "Tax Rate For Calcs": NaN,
        "Normalized EBITDA": NaN,
        "Net Income From Continuing Operation Net Minority Interest": NaN,
        "Reconciled Depreciation": NaN,
        "Reconciled Cost Of Revenue": NaN,
        "EBITDA": NaN,
        "EBIT": NaN,
        "Net Interest Income": NaN,
        "Interest Expense": NaN,
        "Normalized Income": NaN,
        "Net Income From Continuing And Discontinued Operation": NaN,
        "Total Expenses": NaN,
        "Total Operating Income As Reported": NaN,
        "Diluted Average Shares": 27349000.0,
        "Basic Average Shares": 27349000.0,
        "Diluted EPS": -0.27,
        "Basic EPS": -0.27,
        "Diluted NI Availto Com Stockholders": NaN,
        "Net Income Common Stockholders": NaN,
        "Net Income": NaN,
        "Net Income Including Noncontrolling Interests": NaN,
        "Net Income Continuous Operations": NaN,
        "Tax Provision": NaN,
        "Pretax Income": NaN,
        "Other Income Expense": NaN,
        "Other Non Operating Income Expenses": NaN,
        "Earnings From Equity Interest": NaN,
        "Net Non Operating Interest Income Expense": NaN,
        "Interest Expense Non Operating": NaN,
        "Operating Income": NaN,
        "Operating Expense": NaN,
        "Research And Development": NaN,
        "Selling General And Administration": NaN,
        "Gross Profit": NaN,
        "Cost Of Revenue": NaN,
        "Total Revenue": NaN,
        "Operating Revenue": NaN
    },
    "2022-12-31": {
        "Tax Effect Of Unusual Items": NaN,
        "Tax Rate For Calcs": NaN,
        "Normalized EBITDA": NaN,
        "Total Unusual Items": 0.0,
        "Total Unusual Items Excluding Goodwill": 0.0,
        "Net Income From Continuing Operation Net Minority Interest": NaN,
        "Reconciled Depreciation": NaN,
        "Reconciled Cost Of Revenue": NaN,
        "EBITDA": NaN,
        "EBIT": NaN,
        "Net Interest Income": NaN,
        "Interest Expense": NaN,
        "Normalized Income": NaN,
        "Net Income From Continuing And Discontinued Operation": NaN,
        "Total Expenses": NaN,
        "Total Operating Income As Reported": NaN,
        "Diluted Average Shares": NaN,
        "Basic Average Shares": NaN,
        "Diluted EPS": NaN,
        "Basic EPS": NaN,
        "Diluted NI Availto Com Stockholders": NaN,
        "Net Income Common Stockholders": NaN,
        "Net Income": NaN,
        "Net Income Including Noncontrolling Interests": NaN,
        "Net Income Continuous Operations": NaN,
        "Tax Provision": NaN,
        "Pretax Income": NaN,
        "Other Income Expense": NaN,
        "Other Non Operating Income Expenses": NaN,
        "Special Income Charges": 0.0,
        "Gain On Sale Of Business": 0.0,
        "Earnings From Equity Interest": NaN,
        "Net Non Operating Interest Income Expense": NaN,
        "Interest Expense Non Operating": NaN,
        "Operating Income": NaN,
        "Operating Expense": NaN,
        "Research And Development": NaN,
        "Selling General And Administration": NaN,
        "Gross Profit": NaN,
        "Cost Of Revenue": NaN,
        "Total Revenue": NaN,
        "Operating Revenue": NaN
    },
    "2022-09-30": {
        "Tax Effect Of Unusual Items": NaN,
        "Tax Rate For Calcs": NaN,
        "Normalized EBITDA": NaN,
        "Total Unusual Items": 0.0,
        "Total Unusual Items Excluding Goodwill": 0.0,
        "Net Income From Continuing Operation Net Minority Interest": NaN,
        "Reconciled Depreciation": NaN,
        "Reconciled Cost Of Revenue": NaN,
        "EBITDA": NaN,
        "EBIT": NaN,
        "Net Interest Income": NaN,
        "Interest Expense": NaN,
        "Normalized Income": NaN,
        "Net Income From Continuing And Discontinued Operation": NaN,
        "Total Expenses": NaN,
        "Total Operating Income As Reported": NaN,
        "Diluted Average Shares": 27524000.0,
        "Basic Average Shares": 27281000.0,
        "Diluted EPS": 0.03,
        "Basic EPS": 0.03,
        "Diluted NI Availto Com Stockholders": NaN,
        "Net Income Common Stockholders": NaN,
        "Net Income": NaN,
        "Net Income Including Noncontrolling Interests": NaN,
        "Net Income Continuous Operations": NaN,
        "Tax Provision": NaN,
        "Pretax Income": NaN,
        "Other Income Expense": NaN,
        "Other Non Operating Income Expenses": NaN,
        "Special Income Charges": 0.0,
        "Gain On Sale Of Business": 0.0,
        "Earnings From Equity Interest": NaN,
        "Net Non Operating Interest Income Expense": NaN,
        "Interest Expense Non Operating": NaN,
        "Operating Income": NaN,
        "Operating Expense": NaN,
        "Research And Development": NaN,
        "Selling General And Administration": NaN,
        "Gross Profit": NaN,
        "Cost Of Revenue": NaN,
        "Total Revenue": NaN,
        "Operating Revenue": NaN
    },
    "2022-06-30": {
        "Tax Effect Of Unusual Items": 0.0,
        "Tax Rate For Calcs": 0.4,
        "Normalized EBITDA": 2998000.0,
        "Total Unusual Items": 0.0,
        "Total Unusual Items Excluding Goodwill": 0.0,
        "Net Income From Continuing Operation Net Minority Interest": -7339000.0,
        "Reconciled Depreciation": 8707000.0,
        "Reconciled Cost Of Revenue": 182372000.0,
        "EBITDA": 2998000.0,
        "EBIT": -5709000.0,
        "Net Interest Income": -1217000.0,
        "Interest Expense": 1217000.0,
        "Normalized Income": -7339000.0,
        "Net Income From Continuing And Discontinued Operation": -7339000.0,
        "Total Expenses": 226864000.0,
        "Total Operating Income As Reported": -5928000.0,
        "Diluted Average Shares": 27268938.0,
        "Basic Average Shares": 27268938.0,
        "Diluted EPS": -0.27,
        "Basic EPS": -0.27,
        "Diluted NI Availto Com Stockholders": -7339000.0,
        "Net Income Common Stockholders": -7339000.0,
        "Net Income": -7339000.0,
        "Net Income Including Noncontrolling Interests": -7339000.0,
        "Net Income Continuous Operations": -7339000.0,
        "Tax Provision": 413000.0,
        "Pretax Income": -6926000.0,
        "Other Income Expense": 219000.0,
        "Other Non Operating Income Expenses": 596000.0,
        "Special Income Charges": 0.0,
        "Gain On Sale Of Business": 0.0,
        "Earnings From Equity Interest": -377000.0,
        "Net Non Operating Interest Income Expense": -1217000.0,
        "Interest Expense Non Operating": 1217000.0,
        "Operating Income": -5928000.0,
        "Operating Expense": 44492000.0,
        "Research And Development": 15554000.0,
        "Selling General And Administration": 28938000.0,
        "Gross Profit": 38564000.0,
        "Cost Of Revenue": 182372000.0,
        "Total Revenue": 220936000.0,
        "Operating Revenue": 220936000.0
    },
    "2023-06-30": {
        "Tax Effect Of Unusual Items": NaN,
        "Tax Rate For Calcs": NaN,
        "Normalized EBITDA": NaN,
        "Net Income From Continuing Operation Net Minority Interest": NaN,
        "Reconciled Depreciation": NaN,
        "Reconciled Cost Of Revenue": NaN,
        "EBITDA": NaN,
        "EBIT": NaN,
        "Net Interest Income": NaN,
        "Interest Expense": NaN,
        "Normalized Income": NaN,
        "Net Income From Continuing And Discontinued Operation": NaN,
        "Total Expenses": NaN,
        "Total Operating Income As Reported": NaN,
        "Diluted Average Shares": 27451623.0,
        "Basic Average Shares": 27451623.0,
        "Diluted EPS": -0.11,
        "Basic EPS": -0.11,
        "Diluted NI Availto Com Stockholders": NaN,
        "Net Income Common Stockholders": NaN,
        "Net Income": NaN,
        "Net Income Including Noncontrolling Interests": NaN,
        "Net Income Continuous Operations": NaN,
        "Tax Provision": NaN,
        "Pretax Income": NaN,
        "Other Income Expense": NaN,
        "Other Non Operating Income Expenses": NaN,
        "Earnings From Equity Interest": NaN,
        "Net Non Operating Interest Income Expense": NaN,
        "Interest Expense Non Operating": NaN,
        "Operating Income": NaN,
        "Operating Expense": NaN,
        "Research And Development": NaN,
        "Selling General And Administration": NaN,
        "Gross Profit": NaN,
        "Cost Of Revenue": NaN,
        "Total Revenue": NaN,
        "Operating Revenue": NaN
    },
    "2022-03-31": {
        "Diluted EPS": -0.28,
        "Total Revenue": 221,
        "Gross Profit": 41,
        "Operating Income": -3,
        "EBIT": 6,
        "Net Income": -8
    },
    "2021-12-31": {
        "Diluted EPS": -0.22,
        "Total Revenue": 204,
        "Gross Profit": 42,
        "Operating Income": -4,
        "EBIT": 4,
        "Net Income": -6
    },
    "2021-09-30": {
        "Diluted EPS": -0.38,
        "Total Revenue": 182,
        "Gross Profit": 36,
        "Operating Income": -9,
        "EBIT": -1,
        "Net Income": -10
    },
    "2021-06-30": {
        "Diluted EPS": 0.72,
        "Total Revenue": 191,
        "Gross Profit": 43,
        "Operating Income": 27,
        "EBIT": 35,
        "Net Income": 20
    },
    "2021-03-31": {
        "Diluted EPS": 0.0,
        "Total Revenue": 194,
        "Gross Profit": 46,
        "Operating Income": 2,
        "EBIT": 11,
        "Net Income": 0
    },
    "2020-12-31": {
        "Diluted EPS": 0.14,
        "Total Revenue": 190,
        "Gross Profit": 50,
        "Operating Income": 6,
        "EBIT": 15,
        "Net Income": 4
    },
    "2020-09-30": {
        "Diluted EPS": 0.25,
        "Total Revenue": 176,
        "Gross Profit": 46,
        "Operating Income": 10,
        "EBIT": 18,
        "Net Income": 7
    },
    "2020-06-30": {
        "Diluted EPS": -0.81,
        "Total Revenue": 100,
        "Gross Profit": 13,
        "Operating Income": -27,
        "EBIT": -19,
        "Net Income": -22
    },
    "2020-03-31": {
        "Diluted EPS": 0.13,
        "Total Revenue": 183,
        "Gross Profit": 45,
        "Operating Income": 4,
        "EBIT": 12,
        "Net Income": 3
    },
    "2019-12-31": {
        "Diluted EPS": 0.15,
        "Total Revenue": 190,
        "Gross Profit": 44,
        "Operating Income": 1,
        "EBIT": 9,
        "Net Income": 4
    },
    "2019-09-30": {
        "Diluted EPS": 0.24,
        "Total Revenue": 203,
        "Gross Profit": 52,
        "Operating Income": 9,
        "EBIT": 17,
        "Net Income": 7
    },
    "2019-06-30": {
        "Diluted EPS": 1.41,
        "Total Revenue": 222,
        "Gross Profit": 57,
        "Operating Income": 49,
        "EBIT": 57,
        "Net Income": 40
    },
    "2019-03-31": {
        "Diluted EPS": 0.33,
        "Total Revenue": 218,
        "Gross Profit": 61,
        "Operating Income": 12,
        "EBIT": 19,
        "Net Income": 10
    },
    "2018-12-31": {
        "Diluted EPS": 0.41,
        "Total Revenue": 211,
        "Gross Profit": 58,
        "Operating Income": 13,
        "EBIT": 20,
        "Net Income": 12
    },
    "2018-09-30": {
        "Diluted EPS": 0.46,
        "Total Revenue": 209,
        "Gross Profit": 63,
        "Operating Income": 18,
        "EBIT": 25,
        "Net Income": 13
    },
    "2018-06-30": {
        "Diluted EPS": 0.52,
        "Total Revenue": 221,
        "Gross Profit": 67,
        "Operating Income": 19,
        "EBIT": 26,
        "Net Income": 15
    },
    "2018-03-31": {
        "Diluted EPS": 0.46,
        "Total Revenue": 226,
        "Gross Profit": 68,
        "Operating Income": 17,
        "EBIT": 25,
        "Net Income": 13
    },
    "2017-12-31": {
        "Diluted EPS": 0.65,
        "Total Revenue": 207,
        "Gross Profit": 61,
        "Operating Income": 13,
        "EBIT": 21,
        "Net Income": 19
    },
    "2017-09-30": {
        "Diluted EPS": 0.28,
        "Total Revenue": 204,
        "Gross Profit": 63,
        "Operating Income": 13,
        "EBIT": 20,
        "Net Income": 8
    },
    "2017-06-30": {
        "Diluted EPS": 0.32,
        "Total Revenue": 209,
        "Gross Profit": 63,
        "Operating Income": 16,
        "EBIT": 23,
        "Net Income": 9
    },
    "2017-03-31": {
        "Diluted EPS": 0.32,
        "Total Revenue": 204,
        "Gross Profit": 61,
        "Operating Income": 15,
        "EBIT": 22,
        "Net Income": 9
    },
    "2016-12-31": {
        "Diluted EPS": 1.71,
        "Total Revenue": 173,
        "Gross Profit": 48,
        "Operating Income": 10,
        "EBIT": 16,
        "Net Income": 48
    },
    "2016-09-30": {
        "Diluted EPS": 0.36,
        "Total Revenue": 174,
        "Gross Profit": 50,
        "Operating Income": 12,
        "EBIT": 18,
        "Net Income": 10
    },
    "2016-06-30": {
        "Diluted EPS": 0.41,
        "Total Revenue": 187,
        "Gross Profit": 53,
        "Operating Income": 14,
        "EBIT": 20,
        "Net Income": 12
    },
    "2016-03-31": {
        "Diluted EPS": 0.26,
        "Total Revenue": 163,
        "Gross Profit": 45,
        "Operating Income": 9,
        "EBIT": 14,
        "Net Income": 7
    },
    "2015-12-31": {
        "Diluted EPS": 0.22,
        "Total Revenue": 155,
        "Gross Profit": 42,
        "Operating Income": 8,
        "EBIT": 13,
        "Net Income": 6
    },
    "2015-09-30": {
        "Diluted EPS": 0.26,
        "Total Revenue": 162,
        "Gross Profit": 45,
        "Operating Income": 9,
        "EBIT": 15,
        "Net Income": 7
    },
    "2015-06-30": {
        "Diluted EPS": 0.25,
        "Total Revenue": 165,
        "Gross Profit": 46,
        "Operating Income": 7,
        "EBIT": 13,
        "Net Income": 7
    },
    "2015-03-31": {
        "Diluted EPS": 0.08,
        "Total Revenue": 163,
        "Gross Profit": 44,
        "Operating Income": 3,
        "EBIT": 9,
        "Net Income": 2
    },
    "2014-12-31": {
        "Diluted EPS": -0.99,
        "Total Revenue": 167,
        "Gross Profit": 45,
        "Operating Income": -23,
        "EBIT": 12,
        "Net Income": -27
    },
    "2014-09-30": {
        "Diluted EPS": 0.0,
        "Total Revenue": 170,
        "Gross Profit": 50,
        "Operating Income": 14,
        "EBIT": 15,
        "Net Income": 0
    },
    "2014-06-30": {
        "Diluted EPS": -0.81,
        "Total Revenue": 162,
        "Gross Profit": 48,
        "Operating Income": -23,
        "EBIT": 14,
        "Net Income": -22
    },
    "2014-03-31": {
        "Diluted EPS": 0.05,
        "Total Revenue": 161,
        "Gross Profit": 48,
        "Operating Income": 6,
        "EBIT": 15,
        "Net Income": 1
    },
    "2013-12-31": {
        "Diluted EPS": 0.01,
        "Total Revenue": 92,
        "Gross Profit": 43,
        "Operating Income": 8,
        "EBIT": 17,
        "Net Income": 0
    },
    "2013-09-30": {
        "Diluted EPS": 0.19,
        "Total Revenue": 162,
        "Gross Profit": 50,
        "Operating Income": 13,
        "EBIT": 21,
        "Net Income": 5
    },
    "2013-06-30": {
        "Diluted EPS": 0.21,
        "Total Revenue": 170,
        "Gross Profit": 54,
        "Operating Income": 12,
        "EBIT": 21,
        "Net Income": 6
    },
    "2013-03-31": {
        "Diluted EPS": 0.15,
        "Total Revenue": 236,
        "Gross Profit": 59,
        "Operating Income": 10,
        "EBIT": 19,
        "Net Income": 4
    },
    "2012-12-31": {
        "Diluted EPS": 0.1,
        "Total Revenue": 223,
        "Gross Profit": 55,
        "Operating Income": 9,
        "EBIT": 17,
        "Net Income": 3
    },
    "2012-09-30": {
        "Diluted EPS": 0.02,
        "Total Revenue": 219,
        "Gross Profit": 51,
        "Operating Income": 7,
        "EBIT": 16,
        "Net Income": 0
    },
    "2012-06-30": {
        "Diluted EPS": -0.13,
        "Total Revenue": 234,
        "Gross Profit": 54,
        "Operating Income": 2,
        "EBIT": 11,
        "Net Income": -4
    },
    "2012-03-31": {
        "Diluted EPS": 0.22,
        "Total Revenue": 262,
        "Gross Profit": 65,
        "Operating Income": 12,
        "EBIT": 21,
        "Net Income": 6
    },
    "2011-12-31": {
        "Diluted EPS": 1.56,
        "Total Revenue": 186,
        "Gross Profit": 32,
        "Operating Income": -8,
        "EBIT": 2,
        "Net Income": 39
    },
    "2011-09-30": {
        "Diluted EPS": 0.18,
        "Total Revenue": 196,
        "Gross Profit": 37,
        "Operating Income": 7,
        "EBIT": 12,
        "Net Income": 5
    },
    "2011-06-30": {
        "Diluted EPS": 0.14,
        "Total Revenue": 190,
        "Gross Profit": 38,
        "Operating Income": 7,
        "EBIT": 13,
        "Net Income": 3
    },
    "2011-03-31": {
        "Diluted EPS": 0.12,
        "Total Revenue": 193,
        "Gross Profit": 39,
        "Operating Income": 7,
        "EBIT": 12,
        "Net Income": 3
    },
    "2010-12-31": {
        "Diluted EPS": 0.18,
        "Total Revenue": 160,
        "Gross Profit": 36,
        "Operating Income": 6,
        "EBIT": 11,
        "Net Income": 5
    },
    "2010-09-30": {
        "Diluted EPS": 0.05,
        "Total Revenue": 160,
        "Gross Profit": 37,
        "Operating Income": 6,
        "EBIT": 11,
        "Net Income": 1
    },
    "2010-06-30": {
        "Diluted EPS": 0.16,
        "Total Revenue": 166,
        "Gross Profit": 39,
        "Operating Income": 8,
        "EBIT": 13,
        "Net Income": 4
    },
    "2010-03-31": {
        "Diluted EPS": 0.08,
        "Total Revenue": 148,
        "Gross Profit": 34,
        "Operating Income": 4,
        "EBIT": 9,
        "Net Income": 2
    },
    "2009-12-31": {
        "Diluted EPS": -0.01,
        "Total Revenue": 134,
        "Gross Profit": 28,
        "Operating Income": 2,
        "EBIT": 7,
        "Net Income": 0
    },
    "2009-09-30": {
        "Diluted EPS": -0.04,
        "Total Revenue": 118,
        "Gross Profit": 27,
        "Operating Income": 3,
        "EBIT": 8,
        "Net Income": -1
    },
    "2009-06-30": {
        "Diluted EPS": -0.84,
        "Total Revenue": 102,
        "Gross Profit": 14,
        "Operating Income": -14,
        "EBIT": -9,
        "Net Income": -20
    },
    "2009-03-31": {
        "Diluted EPS": -0.49,
        "Total Revenue": 121,
        "Gross Profit": 19,
        "Operating Income": -9,
        "EBIT": -3,
        "Net Income": -12
    },
    "2023-09-30": {
        "Tax Effect Of Unusual Items": NaN,
        "Tax Rate For Calcs": NaN,
        "Normalized EBITDA": NaN,
        "Net Income From Continuing Operation Net Minority Interest": NaN,
        "Reconciled Depreciation": NaN,
        "Reconciled Cost Of Revenue": NaN,
        "EBITDA": NaN,
        "EBIT": NaN,
        "Net Interest Income": NaN,
        "Interest Expense": NaN,
        "Normalized Income": NaN,
        "Net Income From Continuing And Discontinued Operation": NaN,
        "Total Expenses": NaN,
        "Total Operating Income As Reported": NaN,
        "Diluted Average Shares": 27734109.0,
        "Basic Average Shares": 27483709.0,
        "Diluted EPS": 0.08,
        "Basic EPS": 0.08,
        "Diluted NI Availto Com Stockholders": NaN,
        "Net Income Common Stockholders": NaN,
        "Net Income": NaN,
        "Net Income Including Noncontrolling Interests": NaN,
        "Net Income Continuous Operations": NaN,
        "Tax Provision": NaN,
        "Pretax Income": NaN,
        "Other Income Expense": NaN,
        "Other Non Operating Income Expenses": NaN,
        "Earnings From Equity Interest": NaN,
        "Net Non Operating Interest Income Expense": NaN,
        "Interest Expense Non Operating": NaN,
        "Operating Income": NaN,
        "Operating Expense": NaN,
        "Research And Development": NaN,
        "Selling General And Administration": NaN,
        "Gross Profit": NaN,
        "Cost Of Revenue": NaN,
        "Total Revenue": NaN,
        "Operating Revenue": NaN
    },
    "2023-12-31": {
        "Tax Effect Of Unusual Items": 0.0,
        "Tax Rate For Calcs": 0.065513,
        "Normalized EBITDA": 16061000.0,
        "Net Income From Continuing Operation Net Minority Interest": 3024000.0,
        "Reconciled Depreciation": 9004000.0,
        "Reconciled Cost Of Revenue": 183974000.0,
        "EBITDA": 16061000.0,
        "EBIT": 7057000.0,
        "Net Interest Income": -3821000.0,
        "Interest Expense": 3821000.0,
        "Normalized Income": 3024000.0,
        "Net Income From Continuing And Discontinued Operation": 3024000.0,
        "Total Expenses": 223493000.0,
        "Total Operating Income As Reported": 6022000.0,
        "Diluted Average Shares": NaN,
        "Basic Average Shares": NaN,
        "Diluted EPS": NaN,
        "Basic EPS": NaN,
        "Diluted NI Availto Com Stockholders": 3024000.0,
        "Net Income Common Stockholders": 3024000.0,
        "Net Income": 3024000.0,
        "Net Income Including Noncontrolling Interests": 3024000.0,
        "Net Income Continuous Operations": 3024000.0,
        "Tax Provision": 212000.0,
        "Pretax Income": 3236000.0,
        "Other Income Expense": 1035000.0,
        "Other Non Operating Income Expenses": 916000.0,
        "Earnings From Equity Interest": 119000.0,
        "Net Non Operating Interest Income Expense": -3821000.0,
        "Interest Expense Non Operating": 3821000.0,
        "Operating Income": 6022000.0,
        "Operating Expense": 39519000.0,
        "Research And Development": 13589000.0,
        "Selling General And Administration": 25930000.0,
        "Gross Profit": 45541000.0,
        "Cost Of Revenue": 183974000.0,
        "Total Revenue": 229515000.0,
        "Operating Revenue": 229515000.0
    },
    "2024-03-31": {
        "Tax Effect Of Unusual Items": NaN,
        "Tax Rate For Calcs": NaN,
        "Normalized EBITDA": NaN,
        "Net Income From Continuing Operation Net Minority Interest": NaN,
        "Reconciled Depreciation": NaN,
        "Reconciled Cost Of Revenue": NaN,
        "EBITDA": NaN,
        "EBIT": NaN,
        "Net Interest Income": NaN,
        "Interest Expense": NaN,
        "Normalized Income": NaN,
        "Net Income From Continuing And Discontinued Operation": NaN,
        "Total Expenses": NaN,
        "Total Operating Income As Reported": NaN,
        "Diluted Average Shares": 27529000.0,
        "Basic Average Shares": 27529000.0,
        "Diluted EPS": -0.22,
        "Basic EPS": -0.22,
        "Diluted NI Availto Com Stockholders": NaN,
        "Net Income Common Stockholders": NaN,
        "Net Income": NaN,
        "Net Income Including Noncontrolling Interests": NaN,
        "Net Income Continuous Operations": NaN,
        "Tax Provision": NaN,
        "Pretax Income": NaN,
        "Other Income Expense": NaN,
        "Other Non Operating Income Expenses": NaN,
        "Earnings From Equity Interest": NaN,
        "Net Non Operating Interest Income Expense": NaN,
        "Interest Expense Non Operating": NaN,
        "Operating Income": NaN,
        "Operating Expense": NaN,
        "Research And Development": NaN,
        "Selling General And Administration": NaN,
        "Gross Profit": NaN,
        "Cost Of Revenue": NaN,
        "Total Revenue": NaN,
        "Operating Revenue": NaN
    },
    "2024-06-30": {
        "Tax Effect Of Unusual Items": 0.0,
        "Tax Rate For Calcs": 0.21,
        "Normalized EBITDA": 14380000.0,
        "Net Income From Continuing Operation Net Minority Interest": 2786000.0,
        "Reconciled Depreciation": 8729000.0,
        "Reconciled Cost Of Revenue": 183319000.0,
        "EBITDA": 14380000.0,
        "EBIT": 5651000.0,
        "Net Interest Income": -3801000.0,
        "Interest Expense": 3801000.0,
        "Normalized Income": 2786000.0,
        "Net Income From Continuing And Discontinued Operation": 2786000.0,
        "Total Expenses": 233652000.0,
        "Total Operating Income As Reported": 3407000.0,
        "Diluted Average Shares": 27853000.0,
        "Basic Average Shares": 27611000.0,
        "Diluted EPS": 0.1,
        "Basic EPS": 0.1,
        "Diluted NI Availto Com Stockholders": 2786000.0,
        "Net Income Common Stockholders": 2786000.0,
        "Net Income": 2786000.0,
        "Net Income Including Noncontrolling Interests": 2786000.0,
        "Net Income Continuous Operations": 2786000.0,
        "Tax Provision": -936000.0,
        "Pretax Income": 1850000.0,
        "Other Income Expense": 2244000.0,
        "Other Non Operating Income Expenses": 2296000.0,
        "Earnings From Equity Interest": -52000.0,
        "Net Non Operating Interest Income Expense": -3801000.0,
        "Interest Expense Non Operating": 3801000.0,
        "Operating Income": 3407000.0,
        "Operating Expense": 50333000.0,
        "Research And Development": 18457000.0,
        "Selling General And Administration": 31876000.0,
        "Gross Profit": 53740000.0,
        "Cost Of Revenue": 183319000.0,
        "Total Revenue": 237059000.0,
        "Operating Revenue": 237059000.0
    },
    "2024-09-30": {
        "Tax Effect Of Unusual Items": 0.0,
        "Tax Rate For Calcs": 0.21,
        "Normalized EBITDA": 8960000.0,
        "Net Income From Continuing Operation Net Minority Interest": -7070000.0,
        "Reconciled Depreciation": 9013000.0,
        "Reconciled Cost Of Revenue": 169340000.0,
        "EBITDA": 8960000.0,
        "EBIT": -53000.0,
        "Net Interest Income": -3604000.0,
        "Interest Expense": 3604000.0,
        "Normalized Income": -7070000.0,
        "Net Income From Continuing And Discontinued Operation": -7070000.0,
        "Total Expenses": 213516000.0,
        "Total Operating Income As Reported": 315000.0,
        "Diluted Average Shares": 27617663.0,
        "Basic Average Shares": 27617663.0,
        "Diluted EPS": -0.26,
        "Basic EPS": -0.26,
        "Diluted NI Availto Com Stockholders": -7070000.0,
        "Net Income Common Stockholders": -7070000.0,
        "Net Income": -7070000.0,
        "Net Income Including Noncontrolling Interests": -7070000.0,
        "Net Income Continuous Operations": -7070000.0,
        "Tax Provision": 3413000.0,
        "Pretax Income": -3657000.0,
        "Other Income Expense": -368000.0,
        "Other Non Operating Income Expenses": 384000.0,
        "Earnings From Equity Interest": -752000.0,
        "Net Non Operating Interest Income Expense": -3604000.0,
        "Interest Expense Non Operating": 3604000.0,
        "Operating Income": 315000.0,
        "Operating Expense": 44176000.0,
        "Research And Development": 17643000.0,
        "Selling General And Administration": 26533000.0,
        "Gross Profit": 44491000.0,
        "Cost Of Revenue": 169340000.0,
        "Total Revenue": 213831000.0,
        "Operating Revenue": 213831000.0
    },
    "2024-12-31": {
        "Tax Effect Of Unusual Items": 0.0,
        "Tax Rate For Calcs": 0.009718,
        "Normalized EBITDA": 5719000.0,
        "Net Income From Continuing Operation Net Minority Interest": -6114000.0,
        "Reconciled Depreciation": 8485000.0,
        "Reconciled Cost Of Revenue": 175583000.0,
        "EBITDA": 5719000.0,
        "EBIT": -2766000.0,
        "Net Interest Income": -3408000.0,
        "Interest Expense": 3408000.0,
        "Normalized Income": -6114000.0,
        "Net Income From Continuing And Discontinued Operation": -6114000.0,
        "Total Expenses": 222682000.0,
        "Total Operating Income As Reported": -4434000.0,
        "Diluted Average Shares": NaN,
        "Basic Average Shares": NaN,
        "Diluted EPS": NaN,
        "Basic EPS": NaN,
        "Diluted NI Availto Com Stockholders": -6114000.0,
        "Net Income Common Stockholders": -6114000.0,
        "Net Income": -6114000.0,
        "Net Income Including Noncontrolling Interests": -6114000.0,
        "Net Income Continuous Operations": -6114000.0,
        "Tax Provision": -60000.0,
        "Pretax Income": -6174000.0,
        "Other Income Expense": 1668000.0,
        "Other Non Operating Income Expenses": 1879000.0,
        "Earnings From Equity Interest": -211000.0,
        "Net Non Operating Interest Income Expense": -3408000.0,
        "Interest Expense Non Operating": 3408000.0,
        "Operating Income": -4434000.0,
        "Operating Expense": 47099000.0,
        "Research And Development": 18471000.0,
        "Selling General And Administration": 28628000.0,
        "Gross Profit": 42665000.0,
        "Cost Of Revenue": 175583000.0,
        "Total Revenue": 218248000.0,
        "Operating Revenue": 218248000.0
    },
    "2025-03-31": {
        "Tax Effect Of Unusual Items": 0.0,
        "Tax Rate For Calcs": 0.21,
        "Normalized EBITDA": 5017000.0,
        "Net Income From Continuing Operation Net Minority Interest": -7196000.0,
        "Reconciled Depreciation": 7482000.0,
        "Reconciled Cost Of Revenue": 171593000.0,
        "EBITDA": 5017000.0,
        "EBIT": -2465000.0,
        "Net Interest Income": -3167000.0,
        "Interest Expense": 3167000.0,
        "Normalized Income": -7196000.0,
        "Net Income From Continuing And Discontinued Operation": -7196000.0,
        "Total Expenses": 221115000.0,
        "Total Operating Income As Reported": -3225000.0,
        "Diluted Average Shares": 27680000.0,
        "Basic Average Shares": 27680000.0,
        "Diluted EPS": -0.26,
        "Basic EPS": -0.26,
        "Diluted NI Availto Com Stockholders": -7196000.0,
        "Net Income Common Stockholders": -7196000.0,
        "Net Income": -7196000.0,
        "Net Income Including Noncontrolling Interests": -7196000.0,
        "Net Income Continuous Operations": -7196000.0,
        "Tax Provision": 1564000.0,
        "Pretax Income": -5632000.0,
        "Other Income Expense": 760000.0,
        "Other Non Operating Income Expenses": 466000.0,
        "Earnings From Equity Interest": 294000.0,
        "Net Non Operating Interest Income Expense": -3167000.0,
        "Interest Expense Non Operating": 3167000.0,
        "Operating Income": -3225000.0,
        "Operating Expense": 49522000.0,
        "Research And Development": 17826000.0,
        "Selling General And Administration": 31696000.0,
        "Gross Profit": 46297000.0,
        "Cost Of Revenue": 171593000.0,
        "Total Revenue": 217890000.0,
        "Operating Revenue": 217890000.0
    },
    "2025-06-30": {
        "Tax Effect Of Unusual Items": 0.0,
        "Tax Rate For Calcs": 0.21,
        "Normalized EBITDA": 1860000.0,
        "Net Income From Continuing Operation Net Minority Interest": -9359000.0,
        "Reconciled Depreciation": 7841000.0,
        "Reconciled Cost Of Revenue": 179014000.0,
        "EBITDA": 1860000.0,
        "EBIT": -5981000.0,
        "Net Interest Income": -3134000.0,
        "Interest Expense": 3134000.0,
        "Normalized Income": -9359000.0,
        "Net Income From Continuing And Discontinued Operation": -9359000.0,
        "Total Expenses": 230553000.0,
        "Total Operating Income As Reported": -2601000.0,
        "Diluted Average Shares": 27788000.0,
        "Basic Average Shares": 27788000.0,
        "Diluted EPS": -0.34,
        "Basic EPS": -0.34,
        "Diluted NI Availto Com Stockholders": -9359000.0,
        "Net Income Common Stockholders": -9359000.0,
        "Net Income": -9359000.0,
        "Net Income Including Noncontrolling Interests": -9359000.0,
        "Net Income Continuous Operations": -9359000.0,
        "Tax Provision": 244000.0,
        "Pretax Income": -9115000.0,
        "Other Income Expense": -3380000.0,
        "Other Non Operating Income Expenses": -3430000.0,
        "Earnings From Equity Interest": 50000.0,
        "Net Non Operating Interest Income Expense": -3134000.0,
        "Interest Expense Non Operating": 3134000.0,
        "Operating Income": -2601000.0,
        "Operating Expense": 51539000.0,
        "Research And Development": 18704000.0,
        "Selling General And Administration": 32835000.0,
        "Gross Profit": 48938000.0,
        "Cost Of Revenue": 179014000.0,
        "Total Revenue": 227952000.0,
        "Operating Revenue": 227952000.0
    }
}