{
    "2023-03-31": {
        "Tax Effect Of Unusual Items": NaN,
        "Tax Rate For Calcs": NaN,
        "Normalized EBITDA": NaN,
        "Net Income From Continuing Operation Net Minority Interest": NaN,
        "Reconciled Depreciation": NaN,
        "Reconciled Cost Of Revenue": NaN,
        "EBITDA": NaN,
        "EBIT": NaN,
        "Net Interest Income": NaN,
        "Interest Expense": NaN,
        "Interest Income": NaN,
        "Normalized Income": NaN,
        "Net Income From Continuing And Discontinued Operation": NaN,
        "Total Expenses": NaN,
        "Total Operating Income As Reported": NaN,
        "Diluted Average Shares": 8200000.0,
        "Basic Average Shares": 1700000.0,
        "Diluted EPS": -0.022354,
        "Basic EPS": -0.022354,
        "Diluted NI Availto Com Stockholders": NaN,
        "Net Income Common Stockholders": NaN,
        "Net Income": NaN,
        "Net Income Including Noncontrolling Interests": NaN,
        "Net Income Continuous Operations": NaN,
        "Pretax Income": NaN,
        "Net Non Operating Interest Income Expense": NaN,
        "Interest Expense Non Operating": NaN,
        "Interest Income Non Operating": NaN,
        "Operating Income": NaN,
        "Operating Expense": NaN,
        "Selling General And Administration": NaN,
        "General And Administrative Expense": NaN,
        "Other Gand A": NaN,
        "Gross Profit": NaN,
        "Cost Of Revenue": NaN,
        "Total Revenue": NaN,
        "Operating Revenue": NaN
    },
    "2023-06-30": {
        "Tax Effect Of Unusual Items": NaN,
        "Tax Rate For Calcs": NaN,
        "Normalized EBITDA": NaN,
        "Net Income From Continuing Operation Net Minority Interest": NaN,
        "Reconciled Depreciation": NaN,
        "Reconciled Cost Of Revenue": NaN,
        "EBITDA": NaN,
        "EBIT": NaN,
        "Net Interest Income": NaN,
        "Interest Expense": NaN,
        "Interest Income": NaN,
        "Normalized Income": NaN,
        "Net Income From Continuing And Discontinued Operation": NaN,
        "Total Expenses": NaN,
        "Total Operating Income As Reported": 249949.0,
        "Diluted Average Shares": 9450000.0,
        "Basic Average Shares": 9450000.0,
        "Diluted EPS": 0.024129,
        "Basic EPS": 0.024129,
        "Diluted NI Availto Com Stockholders": NaN,
        "Net Income Common Stockholders": NaN,
        "Net Income": NaN,
        "Net Income Including Noncontrolling Interests": NaN,
        "Net Income Continuous Operations": NaN,
        "Pretax Income": NaN,
        "Net Non Operating Interest Income Expense": NaN,
        "Interest Expense Non Operating": NaN,
        "Interest Income Non Operating": NaN,
        "Operating Income": NaN,
        "Operating Expense": NaN,
        "Selling General And Administration": NaN,
        "General And Administrative Expense": NaN,
        "Other Gand A": NaN,
        "Gross Profit": NaN,
        "Cost Of Revenue": NaN,
        "Total Revenue": NaN,
        "Operating Revenue": NaN
    },
    "2023-09-30": {
        "Tax Effect Of Unusual Items": NaN,
        "Tax Rate For Calcs": NaN,
        "Normalized EBITDA": NaN,
        "Net Income From Continuing Operation Net Minority Interest": NaN,
        "Reconciled Depreciation": NaN,
        "Reconciled Cost Of Revenue": NaN,
        "EBITDA": NaN,
        "EBIT": NaN,
        "Net Interest Income": NaN,
        "Interest Expense": NaN,
        "Interest Income": NaN,
        "Normalized Income": NaN,
        "Net Income From Continuing And Discontinued Operation": NaN,
        "Total Expenses": NaN,
        "Total Operating Income As Reported": NaN,
        "Diluted Average Shares": 8007065.0,
        "Basic Average Shares": 8007065.0,
        "Diluted EPS": -0.19,
        "Basic EPS": -0.19,
        "Diluted NI Availto Com Stockholders": NaN,
        "Net Income Common Stockholders": NaN,
        "Net Income": NaN,
        "Net Income Including Noncontrolling Interests": NaN,
        "Net Income Continuous Operations": NaN,
        "Pretax Income": NaN,
        "Net Non Operating Interest Income Expense": NaN,
        "Interest Expense Non Operating": NaN,
        "Interest Income Non Operating": NaN,
        "Operating Income": NaN,
        "Operating Expense": NaN,
        "Selling General And Administration": NaN,
        "General And Administrative Expense": NaN,
        "Other Gand A": NaN,
        "Gross Profit": NaN,
        "Cost Of Revenue": NaN,
        "Total Revenue": NaN,
        "Operating Revenue": NaN
    },
    "2022-09-30": {
        "Tax Effect Of Unusual Items": NaN,
        "Tax Rate For Calcs": NaN,
        "Normalized EBITDA": NaN,
        "Net Income From Continuing Operation Net Minority Interest": NaN,
        "Reconciled Depreciation": NaN,
        "Reconciled Cost Of Revenue": NaN,
        "EBITDA": NaN,
        "EBIT": NaN,
        "Net Interest Income": NaN,
        "Interest Expense": NaN,
        "Interest Income": NaN,
        "Normalized Income": NaN,
        "Net Income From Continuing And Discontinued Operation": NaN,
        "Total Expenses": NaN,
        "Diluted Average Shares": 8200000.0,
        "Basic Average Shares": 1700000.0,
        "Diluted EPS": 0.029611,
        "Basic EPS": 0.142829,
        "Diluted NI Availto Com Stockholders": NaN,
        "Net Income Common Stockholders": NaN,
        "Net Income": NaN,
        "Net Income Including Noncontrolling Interests": NaN,
        "Net Income Continuous Operations": NaN,
        "Pretax Income": NaN,
        "Net Non Operating Interest Income Expense": NaN,
        "Interest Expense Non Operating": NaN,
        "Interest Income Non Operating": NaN,
        "Operating Income": NaN,
        "Operating Expense": NaN,
        "Selling General And Administration": NaN,
        "General And Administrative Expense": NaN,
        "Other Gand A": NaN,
        "Gross Profit": NaN,
        "Cost Of Revenue": NaN,
        "Total Revenue": NaN,
        "Operating Revenue": NaN
    },
    "2023-12-31": {
        "Tax Effect Of Unusual Items": 0.0,
        "Tax Rate For Calcs": 0.0,
        "Normalized EBITDA": -754243.0,
        "Net Income From Continuing Operation Net Minority Interest": -757130.0,
        "Reconciled Depreciation": 2887.0,
        "Reconciled Cost Of Revenue": 859370.0,
        "EBITDA": -754243.0,
        "EBIT": -757130.0,
        "Net Interest Income": 25561.0,
        "Interest Expense": 0.0,
        "Interest Income": 25561.0,
        "Normalized Income": -757130.0,
        "Net Income From Continuing And Discontinued Operation": -757130.0,
        "Total Expenses": 1986319.0,
        "Total Operating Income As Reported": NaN,
        "Diluted Average Shares": NaN,
        "Basic Average Shares": NaN,
        "Diluted EPS": NaN,
        "Basic EPS": NaN,
        "Diluted NI Availto Com Stockholders": -757130.0,
        "Net Income Common Stockholders": -757130.0,
        "Net Income": -757130.0,
        "Net Income Including Noncontrolling Interests": -757130.0,
        "Net Income Continuous Operations": -757130.0,
        "Pretax Income": -757130.0,
        "Net Non Operating Interest Income Expense": 25561.0,
        "Interest Expense Non Operating": 0.0,
        "Interest Income Non Operating": 25561.0,
        "Operating Income": -782691.0,
        "Operating Expense": 1126949.0,
        "Selling General And Administration": 1126949.0,
        "General And Administrative Expense": 1126949.0,
        "Other Gand A": 1126949.0,
        "Gross Profit": 344258.0,
        "Cost Of Revenue": 859370.0,
        "Total Revenue": 1203628.0,
        "Operating Revenue": 1203628.0
    },
    "2024-03-31": {
        "Tax Effect Of Unusual Items": 0.0,
        "Tax Rate For Calcs": 0.0,
        "Normalized EBITDA": -1707116.0,
        "Net Income From Continuing Operation Net Minority Interest": -1710004.0,
        "Reconciled Depreciation": 2888.0,
        "Reconciled Cost Of Revenue": 842810.0,
        "EBITDA": -1707116.0,
        "EBIT": -1710004.0,
        "Net Interest Income": 5002.0,
        "Interest Expense": 0.0,
        "Interest Income": 5002.0,
        "Normalized Income": -1710004.0,
        "Net Income From Continuing And Discontinued Operation": -1710004.0,
        "Total Expenses": 2721363.0,
        "Total Operating Income As Reported": NaN,
        "Diluted Average Shares": 10043522.0,
        "Basic Average Shares": 10043522.0,
        "Diluted EPS": -0.17,
        "Basic EPS": -0.17,
        "Diluted NI Availto Com Stockholders": -1710004.0,
        "Net Income Common Stockholders": -1710004.0,
        "Net Income": -1710004.0,
        "Net Income Including Noncontrolling Interests": -1710004.0,
        "Net Income Continuous Operations": -1710004.0,
        "Pretax Income": -1710004.0,
        "Net Non Operating Interest Income Expense": 5002.0,
        "Interest Expense Non Operating": 0.0,
        "Interest Income Non Operating": 5002.0,
        "Operating Income": -1715006.0,
        "Operating Expense": 1878553.0,
        "Selling General And Administration": 1878553.0,
        "General And Administrative Expense": 1878553.0,
        "Other Gand A": 1878553.0,
        "Gross Profit": 163547.0,
        "Cost Of Revenue": 842810.0,
        "Total Revenue": 1006357.0,
        "Operating Revenue": 1006357.0
    },
    "2022-12-31": {
        "Tax Effect Of Unusual Items": NaN,
        "Tax Rate For Calcs": NaN,
        "Normalized EBITDA": NaN,
        "Net Income From Continuing Operation Net Minority Interest": NaN,
        "Reconciled Depreciation": 583.0,
        "Reconciled Cost Of Revenue": NaN,
        "EBITDA": NaN,
        "EBIT": NaN,
        "Net Interest Income": NaN,
        "Interest Expense": NaN,
        "Interest Income": -1.0,
        "Normalized Income": NaN,
        "Net Income From Continuing And Discontinued Operation": NaN,
        "Total Expenses": NaN,
        "Diluted Average Shares": NaN,
        "Basic Average Shares": NaN,
        "Diluted EPS": NaN,
        "Basic EPS": NaN,
        "Diluted NI Availto Com Stockholders": NaN,
        "Net Income Common Stockholders": NaN,
        "Net Income": NaN,
        "Net Income Including Noncontrolling Interests": NaN,
        "Net Income Continuous Operations": NaN,
        "Pretax Income": NaN,
        "Net Non Operating Interest Income Expense": NaN,
        "Interest Expense Non Operating": NaN,
        "Interest Income Non Operating": -1.0,
        "Operating Income": NaN,
        "Operating Expense": NaN,
        "Selling General And Administration": 402241.0,
        "General And Administrative Expense": 402241.0,
        "Other Gand A": 402241.0,
        "Gross Profit": NaN,
        "Cost Of Revenue": NaN,
        "Total Revenue": NaN,
        "Operating Revenue": NaN
    },
    "2024-06-30": {
        "Tax Effect Of Unusual Items": 0.0,
        "Tax Rate For Calcs": 0.0,
        "Normalized EBITDA": -516613.0,
        "Net Income From Continuing Operation Net Minority Interest": -520971.0,
        "Reconciled Depreciation": 4358.0,
        "Reconciled Cost Of Revenue": 1183261.0,
        "EBITDA": -516613.0,
        "EBIT": -520971.0,
        "Net Interest Income": 5505.0,
        "Interest Expense": 0.0,
        "Interest Income": 5505.0,
        "Normalized Income": -520971.0,
        "Net Income From Continuing And Discontinued Operation": -520971.0,
        "Total Expenses": 2034403.0,
        "Total Operating Income As Reported": -526476.0,
        "Diluted Average Shares": 10187753.0,
        "Basic Average Shares": 10187753.0,
        "Diluted EPS": -0.05,
        "Basic EPS": -0.05,
        "Diluted NI Availto Com Stockholders": -520971.0,
        "Net Income Common Stockholders": -520971.0,
        "Net Income": -520971.0,
        "Net Income Including Noncontrolling Interests": -520971.0,
        "Net Income Continuous Operations": -520971.0,
        "Pretax Income": -520971.0,
        "Net Non Operating Interest Income Expense": 5505.0,
        "Interest Expense Non Operating": 0.0,
        "Interest Income Non Operating": 5505.0,
        "Operating Income": -526476.0,
        "Operating Expense": 851142.0,
        "Selling General And Administration": 851142.0,
        "General And Administrative Expense": 851142.0,
        "Other Gand A": 851142.0,
        "Gross Profit": 324666.0,
        "Cost Of Revenue": 1183261.0,
        "Total Revenue": 1507927.0,
        "Operating Revenue": 1507927.0
    },
    "2024-09-30": {
        "Tax Effect Of Unusual Items": 0.0,
        "Tax Rate For Calcs": 0.0,
        "Normalized EBITDA": -1091048.0,
        "Net Income From Continuing Operation Net Minority Interest": -1128872.0,
        "Reconciled Depreciation": 28908.0,
        "Reconciled Cost Of Revenue": 679874.0,
        "EBITDA": -1091048.0,
        "EBIT": -1119956.0,
        "Net Interest Income": 3461.0,
        "Interest Expense": 8916.0,
        "Interest Income": 12377.0,
        "Normalized Income": -1128872.0,
        "Net Income From Continuing And Discontinued Operation": -1128872.0,
        "Total Expenses": 2008725.0,
        "Total Operating Income As Reported": NaN,
        "Diluted Average Shares": 10581558.0,
        "Basic Average Shares": 10581558.0,
        "Diluted EPS": -0.11,
        "Basic EPS": -0.11,
        "Diluted NI Availto Com Stockholders": -1128872.0,
        "Net Income Common Stockholders": -1128872.0,
        "Net Income": -1128872.0,
        "Net Income Including Noncontrolling Interests": -1128872.0,
        "Net Income Continuous Operations": -1128872.0,
        "Pretax Income": -1128872.0,
        "Net Non Operating Interest Income Expense": 3461.0,
        "Interest Expense Non Operating": 8916.0,
        "Interest Income Non Operating": 12377.0,
        "Operating Income": -1132333.0,
        "Operating Expense": 1328851.0,
        "Selling General And Administration": 1328851.0,
        "General And Administrative Expense": 1328851.0,
        "Other Gand A": 1328851.0,
        "Gross Profit": 196518.0,
        "Cost Of Revenue": 679874.0,
        "Total Revenue": 876392.0,
        "Operating Revenue": 876392.0
    },
    "2024-12-31": {
        "Tax Effect Of Unusual Items": 0.0,
        "Tax Rate For Calcs": 0.0,
        "Normalized EBITDA": -875519.0,
        "Net Income From Continuing Operation Net Minority Interest": -979498.0,
        "Reconciled Depreciation": 80726.0,
        "Reconciled Cost Of Revenue": 750206.0,
        "EBITDA": -875519.0,
        "EBIT": -956245.0,
        "Net Interest Income": -18516.0,
        "Interest Expense": 23253.0,
        "Interest Income": 4737.0,
        "Normalized Income": -979498.0,
        "Net Income From Continuing And Discontinued Operation": -979498.0,
        "Total Expenses": 1881688.0,
        "Total Operating Income As Reported": NaN,
        "Diluted Average Shares": NaN,
        "Basic Average Shares": NaN,
        "Diluted EPS": NaN,
        "Basic EPS": NaN,
        "Diluted NI Availto Com Stockholders": -979498.0,
        "Net Income Common Stockholders": -979498.0,
        "Net Income": -979498.0,
        "Net Income Including Noncontrolling Interests": -979498.0,
        "Net Income Continuous Operations": -979498.0,
        "Pretax Income": -979498.0,
        "Net Non Operating Interest Income Expense": -18516.0,
        "Interest Expense Non Operating": 23253.0,
        "Interest Income Non Operating": 4737.0,
        "Operating Income": -960982.0,
        "Operating Expense": 1131482.0,
        "Selling General And Administration": 1131482.0,
        "General And Administrative Expense": 1131482.0,
        "Other Gand A": 1131482.0,
        "Gross Profit": 170500.0,
        "Cost Of Revenue": 750206.0,
        "Total Revenue": 920706.0,
        "Operating Revenue": 920706.0
    }
}