{
    "2023-06-30": {
        "Tax Effect Of Unusual Items": NaN,
        "Tax Rate For Calcs": NaN,
        "Total Unusual Items": NaN,
        "Total Unusual Items Excluding Goodwill": NaN,
        "Net Income From Continuing Operation Net Minority Interest": NaN,
        "Reconciled Depreciation": NaN,
        "Net Interest Income": NaN,
        "Interest Expense": NaN,
        "Interest Income": NaN,
        "Normalized Income": NaN,
        "Net Income From Continuing And Discontinued Operation": NaN,
        "Diluted Average Shares": NaN,
        "Basic Average Shares": NaN,
        "Diluted EPS": 1.62,
        "Basic EPS": 1.62,
        "Diluted NI Availto Com Stockholders": NaN,
        "Net Income Common Stockholders": NaN,
        "Net Income": NaN,
        "Net Income Including Noncontrolling Interests": NaN,
        "Net Income Continuous Operations": NaN,
        "Tax Provision": NaN,
        "Pretax Income": NaN,
        "Special Income Charges": NaN,
        "Restructuring And Mergern Acquisition": NaN,
        "Gain On Sale Of Security": NaN,
        "Depreciation Amortization Depletion Income Statement": NaN,
        "Depreciation And Amortization In Income Statement": NaN,
        "Amortization": NaN,
        "Amortization Of Intangibles Income Statement": NaN,
        "Selling General And Administration": NaN,
        "Selling And Marketing Expense": NaN,
        "General And Administrative Expense": NaN,
        "Other Gand A": 6672000.0,
        "Insurance And Claims": NaN,
        "Salaries And Wages": NaN,
        "Total Revenue": NaN,
        "Operating Revenue": NaN,
        "Occupancy And Equipment": NaN,
        "Professional Expense And Contract Services Expense": NaN,
        "Other Non Interest Expense": NaN
    },
    "2023-03-31": {
        "Tax Effect Of Unusual Items": NaN,
        "Tax Rate For Calcs": NaN,
        "Total Unusual Items": NaN,
        "Total Unusual Items Excluding Goodwill": NaN,
        "Net Income From Continuing Operation Net Minority Interest": NaN,
        "Reconciled Depreciation": NaN,
        "Net Interest Income": NaN,
        "Interest Expense": NaN,
        "Interest Income": NaN,
        "Normalized Income": NaN,
        "Net Income From Continuing And Discontinued Operation": NaN,
        "Diluted Average Shares": NaN,
        "Basic Average Shares": NaN,
        "Diluted EPS": NaN,
        "Basic EPS": NaN,
        "Diluted NI Availto Com Stockholders": NaN,
        "Net Income Common Stockholders": NaN,
        "Net Income": NaN,
        "Net Income Including Noncontrolling Interests": NaN,
        "Net Income Continuous Operations": NaN,
        "Tax Provision": NaN,
        "Pretax Income": NaN,
        "Special Income Charges": NaN,
        "Restructuring And Mergern Acquisition": NaN,
        "Gain On Sale Of Security": NaN,
        "Depreciation Amortization Depletion Income Statement": NaN,
        "Depreciation And Amortization In Income Statement": NaN,
        "Amortization": NaN,
        "Amortization Of Intangibles Income Statement": NaN,
        "Selling General And Administration": NaN,
        "Selling And Marketing Expense": NaN,
        "General And Administrative Expense": NaN,
        "Other Gand A": 25882000.0,
        "Insurance And Claims": NaN,
        "Salaries And Wages": NaN,
        "Total Revenue": NaN,
        "Operating Revenue": NaN,
        "Occupancy And Equipment": NaN,
        "Professional Expense And Contract Services Expense": NaN,
        "Other Non Interest Expense": NaN
    },
    "2022-12-31": {
        "Tax Effect Of Unusual Items": -1214608.163935,
        "Tax Rate For Calcs": 0.214785,
        "Total Unusual Items": -5655000.0,
        "Total Unusual Items Excluding Goodwill": -5655000.0,
        "Net Income From Continuing Operation Net Minority Interest": 143502000.0,
        "Reconciled Depreciation": 15826000.0,
        "Net Interest Income": 401709000.0,
        "Interest Expense": 24383000.0,
        "Interest Income": 426092000.0,
        "Normalized Income": 147942391.836065,
        "Net Income From Continuing And Discontinued Operation": 143502000.0,
        "Diluted Average Shares": 76326777.0,
        "Basic Average Shares": 75639640.0,
        "Diluted EPS": 1.88,
        "Basic EPS": 1.9,
        "Diluted NI Availto Com Stockholders": 143502000.0,
        "Net Income Common Stockholders": 143502000.0,
        "Net Income": 143502000.0,
        "Net Income Including Noncontrolling Interests": 143502000.0,
        "Net Income Continuous Operations": 143502000.0,
        "Tax Provision": 39253000.0,
        "Pretax Income": 182755000.0,
        "Special Income Charges": -5655000.0,
        "Restructuring And Mergern Acquisition": 1543000.0,
        "Gain On Sale Of Security": 0.0,
        "Depreciation Amortization Depletion Income Statement": 8027000.0,
        "Depreciation And Amortization In Income Statement": 8027000.0,
        "Amortization": 8027000.0,
        "Amortization Of Intangibles Income Statement": 8027000.0,
        "Selling General And Administration": 91749000.0,
        "Selling And Marketing Expense": 2669000.0,
        "General And Administrative Expense": 89080000.0,
        "Other Gand A": NaN,
        "Insurance And Claims": 6589000.0,
        "Salaries And Wages": 163837000.0,
        "Total Revenue": 428993000.0,
        "Operating Revenue": 428993000.0
    },
    "2022-09-30": {
        "Tax Effect Of Unusual Items": NaN,
        "Tax Rate For Calcs": NaN,
        "Total Unusual Items": NaN,
        "Total Unusual Items Excluding Goodwill": NaN,
        "Net Income From Continuing Operation Net Minority Interest": NaN,
        "Reconciled Depreciation": NaN,
        "Net Interest Income": NaN,
        "Interest Expense": NaN,
        "Interest Income": NaN,
        "Normalized Income": NaN,
        "Net Income From Continuing And Discontinued Operation": NaN,
        "Diluted Average Shares": NaN,
        "Basic Average Shares": NaN,
        "Diluted EPS": NaN,
        "Basic EPS": NaN,
        "Diluted NI Availto Com Stockholders": NaN,
        "Net Income Common Stockholders": NaN,
        "Net Income": NaN,
        "Net Income Including Noncontrolling Interests": NaN,
        "Net Income Continuous Operations": NaN,
        "Tax Provision": NaN,
        "Pretax Income": NaN,
        "Special Income Charges": NaN,
        "Restructuring And Mergern Acquisition": NaN,
        "Gain On Sale Of Security": NaN,
        "Depreciation Amortization Depletion Income Statement": NaN,
        "Depreciation And Amortization In Income Statement": NaN,
        "Amortization": NaN,
        "Amortization Of Intangibles Income Statement": NaN,
        "Selling General And Administration": NaN,
        "Selling And Marketing Expense": NaN,
        "General And Administrative Expense": NaN,
        "Other Gand A": 28425000.0,
        "Insurance And Claims": NaN,
        "Salaries And Wages": NaN,
        "Total Revenue": NaN,
        "Operating Revenue": NaN
    },
    "2022-06-30": {
        "Tax Effect Of Unusual Items": -1167474.0,
        "Tax Rate For Calcs": 0.2166,
        "Total Unusual Items": -5390000.0,
        "Total Unusual Items Excluding Goodwill": -5390000.0,
        "Net Income From Continuing Operation Net Minority Interest": 119175000.0,
        "Reconciled Depreciation": 8847000.0,
        "Net Interest Income": 314279000.0,
        "Interest Expense": 11380000.0,
        "Interest Income": 325659000.0,
        "Normalized Income": 123397526.0,
        "Net Income From Continuing And Discontinued Operation": 119175000.0,
        "Diluted Average Shares": 76094000.0,
        "Basic Average Shares": 75461000.0,
        "Diluted EPS": 1.57,
        "Basic EPS": 1.58,
        "Diluted NI Availto Com Stockholders": 119175000.0,
        "Net Income Common Stockholders": 119175000.0,
        "Net Income": 119175000.0,
        "Net Income Including Noncontrolling Interests": 119175000.0,
        "Net Income Continuous Operations": 119175000.0,
        "Tax Provision": 32941000.0,
        "Pretax Income": 152116000.0,
        "Special Income Charges": -5390000.0,
        "Restructuring And Mergern Acquisition": 5390000.0,
        "Gain On Sale Of Security": 0.0,
        "Depreciation Amortization Depletion Income Statement": 8847000.0,
        "Depreciation And Amortization In Income Statement": 8847000.0,
        "Amortization": 8847000.0,
        "Amortization Of Intangibles Income Statement": 8847000.0,
        "Selling General And Administration": 171918000.0,
        "Selling And Marketing Expense": 2286000.0,
        "General And Administrative Expense": 169632000.0,
        "Other Gand A": 27263000.0,
        "Insurance And Claims": 5332000.0,
        "Salaries And Wages": 137037000.0,
        "Total Revenue": 402571000.0,
        "Operating Revenue": 402571000.0
    },
    "2022-03-31": {
        "Diluted EPS": 1.39,
        "Total Revenue": 357,
        "Gross Profit": 348,
        "Operating Income": 127,
        "EBIT": NaN,
        "Net Income": 100
    },
    "2021-12-31": {
        "Diluted EPS": 1.52,
        "Total Revenue": 359,
        "Gross Profit": 350,
        "Operating Income": 169,
        "EBIT": NaN,
        "Net Income": 107
    },
    "2021-09-30": {
        "Diluted EPS": 1.74,
        "Total Revenue": 358,
        "Gross Profit": 347,
        "Operating Income": 154,
        "EBIT": NaN,
        "Net Income": 123
    },
    "2021-06-30": {
        "Diluted EPS": 1.39,
        "Total Revenue": 347,
        "Gross Profit": 332,
        "Operating Income": 161,
        "EBIT": NaN,
        "Net Income": 99
    },
    "2021-03-31": {
        "Diluted EPS": 2.06,
        "Total Revenue": 375,
        "Gross Profit": 358,
        "Operating Income": 188,
        "EBIT": NaN,
        "Net Income": 147
    },
    "2020-12-31": {
        "Diluted EPS": 2.1,
        "Total Revenue": 384,
        "Gross Profit": 363,
        "Operating Income": 87,
        "EBIT": NaN,
        "Net Income": 86
    },
    "2020-09-30": {
        "Diluted EPS": 1.34,
        "Total Revenue": 410,
        "Gross Profit": 385,
        "Operating Income": 140,
        "EBIT": NaN,
        "Net Income": 95
    },
    "2020-06-30": {
        "Diluted EPS": -1.96,
        "Total Revenue": 235,
        "Gross Profit": 217,
        "Operating Income": -69,
        "EBIT": NaN,
        "Net Income": -85
    },
    "2020-03-31": {
        "Diluted EPS": 0.71,
        "Total Revenue": 192,
        "Gross Profit": 172,
        "Operating Income": 32,
        "EBIT": NaN,
        "Net Income": 24
    },
    "2019-12-31": {
        "Diluted EPS": 1.44,
        "Total Revenue": 184,
        "Gross Profit": 163,
        "Operating Income": 60,
        "EBIT": NaN,
        "Net Income": 49
    },
    "2019-09-30": {
        "Diluted EPS": 1.5,
        "Total Revenue": 188,
        "Gross Profit": 165,
        "Operating Income": 65,
        "EBIT": NaN,
        "Net Income": 52
    },
    "2019-06-30": {
        "Diluted EPS": 1.17,
        "Total Revenue": 188,
        "Gross Profit": 165,
        "Operating Income": 54,
        "EBIT": NaN,
        "Net Income": 41
    },
    "2019-03-31": {
        "Diluted EPS": 1.25,
        "Total Revenue": 175,
        "Gross Profit": 155,
        "Operating Income": 57,
        "EBIT": NaN,
        "Net Income": 44
    },
    "2018-12-31": {
        "Diluted EPS": 1.34,
        "Total Revenue": 180,
        "Gross Profit": 162,
        "Operating Income": 76,
        "EBIT": NaN,
        "Net Income": 49
    },
    "2018-09-30": {
        "Diluted EPS": 1.28,
        "Total Revenue": 176,
        "Gross Profit": 160,
        "Operating Income": 61,
        "EBIT": NaN,
        "Net Income": 47
    },
    "2018-06-30": {
        "Diluted EPS": 1.09,
        "Total Revenue": 179,
        "Gross Profit": 167,
        "Operating Income": 52,
        "EBIT": NaN,
        "Net Income": 40
    },
    "2018-03-31": {
        "Diluted EPS": 1.15,
        "Total Revenue": 179,
        "Gross Profit": 170,
        "Operating Income": 65,
        "EBIT": NaN,
        "Net Income": 42
    },
    "2017-12-31": {
        "Diluted EPS": 0.03,
        "Total Revenue": 152,
        "Gross Profit": 147,
        "Operating Income": 86,
        "EBIT": NaN,
        "Net Income": 2
    },
    "2017-09-30": {
        "Diluted EPS": 1.19,
        "Total Revenue": 138,
        "Gross Profit": 134,
        "Operating Income": 54,
        "EBIT": NaN,
        "Net Income": 35
    },
    "2017-06-30": {
        "Diluted EPS": 1.08,
        "Total Revenue": 138,
        "Gross Profit": 134,
        "Operating Income": 48,
        "EBIT": NaN,
        "Net Income": 32
    },
    "2017-03-31": {
        "Diluted EPS": 0.63,
        "Total Revenue": 137,
        "Gross Profit": 134,
        "Operating Income": 25,
        "EBIT": NaN,
        "Net Income": 18
    },
    "2016-12-31": {
        "Diluted EPS": 1.0,
        "Total Revenue": 106,
        "Gross Profit": 104,
        "Operating Income": 44,
        "EBIT": NaN,
        "Net Income": 24
    },
    "2016-09-30": {
        "Diluted EPS": 1.16,
        "Total Revenue": 119,
        "Gross Profit": 117,
        "Operating Income": 43,
        "EBIT": NaN,
        "Net Income": 28
    },
    "2016-06-30": {
        "Diluted EPS": 1.01,
        "Total Revenue": 115,
        "Gross Profit": 114,
        "Operating Income": 37,
        "EBIT": NaN,
        "Net Income": 25
    },
    "2016-03-31": {
        "Diluted EPS": 1.01,
        "Total Revenue": 114,
        "Gross Profit": 112,
        "Operating Income": 38,
        "EBIT": NaN,
        "Net Income": 24
    },
    "2015-12-31": {
        "Diluted EPS": 1.05,
        "Total Revenue": 113,
        "Gross Profit": 111,
        "Operating Income": 45,
        "EBIT": NaN,
        "Net Income": 26
    },
    "2015-09-30": {
        "Diluted EPS": 1.04,
        "Total Revenue": 115,
        "Gross Profit": 113,
        "Operating Income": 39,
        "EBIT": NaN,
        "Net Income": 25
    },
    "2015-06-30": {
        "Diluted EPS": 1.03,
        "Total Revenue": 115,
        "Gross Profit": 112,
        "Operating Income": 38,
        "EBIT": NaN,
        "Net Income": 25
    },
    "2015-03-31": {
        "Diluted EPS": 0.99,
        "Total Revenue": 111,
        "Gross Profit": 108,
        "Operating Income": 36,
        "EBIT": NaN,
        "Net Income": 24
    },
    "2014-12-31": {
        "Diluted EPS": 0.88,
        "Total Revenue": 111,
        "Gross Profit": 107,
        "Operating Income": 35,
        "EBIT": NaN,
        "Net Income": 21
    },
    "2014-09-30": {
        "Diluted EPS": 0.8,
        "Total Revenue": 109,
        "Gross Profit": 105,
        "Operating Income": 35,
        "EBIT": NaN,
        "Net Income": 19
    },
    "2014-06-30": {
        "Diluted EPS": 0.74,
        "Total Revenue": 109,
        "Gross Profit": 105,
        "Operating Income": 34,
        "EBIT": NaN,
        "Net Income": 18
    },
    "2014-03-31": {
        "Diluted EPS": 0.66,
        "Total Revenue": 108,
        "Gross Profit": 104,
        "Operating Income": 32,
        "EBIT": NaN,
        "Net Income": 16
    },
    "2013-12-31": {
        "Diluted EPS": 0.49,
        "Total Revenue": 109,
        "Gross Profit": 105,
        "Operating Income": 31,
        "EBIT": NaN,
        "Net Income": 13
    },
    "2013-09-30": {
        "Diluted EPS": 0.52,
        "Total Revenue": 99,
        "Gross Profit": 95,
        "Operating Income": 29,
        "EBIT": NaN,
        "Net Income": 12
    },
    "2013-06-30": {
        "Diluted EPS": 0.74,
        "Total Revenue": 66,
        "Gross Profit": 64,
        "Operating Income": 20,
        "EBIT": NaN,
        "Net Income": 13
    },
    "2013-03-31": {
        "Diluted EPS": 0.63,
        "Total Revenue": 66,
        "Gross Profit": 63,
        "Operating Income": 18,
        "EBIT": NaN,
        "Net Income": 11
    },
    "2012-12-31": {
        "Diluted EPS": 0.38,
        "Total Revenue": 61,
        "Gross Profit": 59,
        "Operating Income": 16,
        "EBIT": NaN,
        "Net Income": 6
    },
    "2012-09-30": {
        "Diluted EPS": 0.6,
        "Total Revenue": 59,
        "Gross Profit": 56,
        "Operating Income": 15,
        "EBIT": NaN,
        "Net Income": 9
    },
    "2012-06-30": {
        "Diluted EPS": 0.55,
        "Total Revenue": 57,
        "Gross Profit": 54,
        "Operating Income": 14,
        "EBIT": NaN,
        "Net Income": 8
    },
    "2012-03-31": {
        "Diluted EPS": 0.5,
        "Total Revenue": 52,
        "Gross Profit": 49,
        "Operating Income": 11,
        "EBIT": NaN,
        "Net Income": 7
    },
    "2011-12-31": {
        "Diluted EPS": 0.35,
        "Total Revenue": 53,
        "Gross Profit": 50,
        "Operating Income": 6,
        "EBIT": NaN,
        "Net Income": 5
    },
    "2011-09-30": {
        "Diluted EPS": 0.74,
        "Total Revenue": 66,
        "Gross Profit": 61,
        "Operating Income": 18,
        "EBIT": NaN,
        "Net Income": 10
    },
    "2011-06-30": {
        "Diluted EPS": 0.35,
        "Total Revenue": 52,
        "Gross Profit": 47,
        "Operating Income": 8,
        "EBIT": NaN,
        "Net Income": 5
    },
    "2011-03-31": {
        "Diluted EPS": 0.19,
        "Total Revenue": 55,
        "Gross Profit": 49,
        "Operating Income": 4,
        "EBIT": NaN,
        "Net Income": 3
    },
    "2010-12-31": {
        "Diluted EPS": 0.03,
        "Total Revenue": 53,
        "Gross Profit": 45,
        "Operating Income": 1,
        "EBIT": NaN,
        "Net Income": 1
    },
    "2010-09-30": {
        "Diluted EPS": 0.14,
        "Total Revenue": 51,
        "Gross Profit": 43,
        "Operating Income": 3,
        "EBIT": NaN,
        "Net Income": 2
    },
    "2010-06-30": {
        "Diluted EPS": 0.05,
        "Total Revenue": 50,
        "Gross Profit": 42,
        "Operating Income": 2,
        "EBIT": NaN,
        "Net Income": 1
    },
    "2010-03-31": {
        "Diluted EPS": 3.86,
        "Total Revenue": 139,
        "Gross Profit": 130,
        "Operating Income": 81,
        "EBIT": NaN,
        "Net Income": 49
    },
    "2009-12-31": {
        "Diluted EPS": 0.11,
        "Total Revenue": 40,
        "Gross Profit": 33,
        "Operating Income": 2,
        "EBIT": NaN,
        "Net Income": 2
    },
    "2009-09-30": {
        "Diluted EPS": 0.17,
        "Total Revenue": 41,
        "Gross Profit": 32,
        "Operating Income": 3,
        "EBIT": NaN,
        "Net Income": 2
    },
    "2009-06-30": {
        "Diluted EPS": 0.13,
        "Total Revenue": 44,
        "Gross Profit": 34,
        "Operating Income": 8,
        "EBIT": NaN,
        "Net Income": 2
    },
    "2009-03-31": {
        "Diluted EPS": 0.33,
        "Total Revenue": 44,
        "Gross Profit": 32,
        "Operating Income": 7,
        "EBIT": NaN,
        "Net Income": 4
    },
    "2023-09-30": {
        "Tax Effect Of Unusual Items": -34571.2,
        "Tax Rate For Calcs": 0.2108,
        "Total Unusual Items": -164000.0,
        "Total Unusual Items Excluding Goodwill": -164000.0,
        "Net Income From Continuing Operation Net Minority Interest": 124144000.0,
        "Reconciled Depreciation": 14501000.0,
        "Net Interest Income": 355371000.0,
        "Interest Expense": 145138000.0,
        "Interest Income": 500509000.0,
        "Normalized Income": 124273428.8,
        "Net Income From Continuing And Discontinued Operation": 124144000.0,
        "Diluted Average Shares": 76571000.0,
        "Basic Average Shares": 76139000.0,
        "Diluted EPS": 1.62,
        "Basic EPS": 1.63,
        "Diluted NI Availto Com Stockholders": 124144000.0,
        "Net Income Common Stockholders": 124144000.0,
        "Net Income": 124144000.0,
        "Net Income Including Noncontrolling Interests": 124144000.0,
        "Net Income Continuous Operations": 124144000.0,
        "Tax Provision": 33160000.0,
        "Pretax Income": 157304000.0,
        "Special Income Charges": -164000.0,
        "Restructuring And Mergern Acquisition": 164000.0,
        "Gain On Sale Of Security": 0.0,
        "Depreciation Amortization Depletion Income Statement": 6616000.0,
        "Depreciation And Amortization In Income Statement": 6616000.0,
        "Amortization": 6616000.0,
        "Amortization Of Intangibles Income Statement": 6616000.0,
        "Selling General And Administration": 163782000.0,
        "Selling And Marketing Expense": 3009000.0,
        "General And Administrative Expense": 160773000.0,
        "Insurance And Claims": 8632000.0,
        "Salaries And Wages": 152141000.0,
        "Total Revenue": 428219000.0,
        "Operating Revenue": 428219000.0,
        "Occupancy And Equipment": 22251000.0,
        "Professional Expense And Contract Services Expense": 3456000.0,
        "Other Non Interest Expense": 41937000.0
    },
    "2023-12-31": {
        "Tax Effect Of Unusual Items": -1254899.029169,
        "Tax Rate For Calcs": 0.21813,
        "Total Unusual Items": -5753000.0,
        "Total Unusual Items Excluding Goodwill": -5753000.0,
        "Net Income From Continuing Operation Net Minority Interest": 106791000.0,
        "Reconciled Depreciation": 14461000.0,
        "Net Interest Income": 354231000.0,
        "Interest Expense": 161204000.0,
        "Interest Income": 515435000.0,
        "Normalized Income": 111289100.970831,
        "Net Income From Continuing And Discontinued Operation": 106791000.0,
        "Diluted Average Shares": 76634100.0,
        "Basic Average Shares": 76100187.0,
        "Diluted EPS": 1.39,
        "Basic EPS": 1.4,
        "Diluted NI Availto Com Stockholders": 106791000.0,
        "Net Income Common Stockholders": 106791000.0,
        "Net Income": 106791000.0,
        "Net Income Including Noncontrolling Interests": 106791000.0,
        "Net Income Continuous Operations": 106791000.0,
        "Tax Provision": 29793000.0,
        "Pretax Income": 136584000.0,
        "Special Income Charges": -5753000.0,
        "Restructuring And Mergern Acquisition": 1778000.0,
        "Gain On Sale Of Security": -2000.0,
        "Depreciation Amortization Depletion Income Statement": 6615000.0,
        "Depreciation And Amortization In Income Statement": 6615000.0,
        "Amortization": 6615000.0,
        "Amortization Of Intangibles Income Statement": 6615000.0,
        "Selling General And Administration": 193876000.0,
        "Selling And Marketing Expense": 2826000.0,
        "General And Administrative Expense": 191050000.0,
        "Insurance And Claims": 34016000.0,
        "Salaries And Wages": 157034000.0,
        "Total Revenue": 380844000.0,
        "Operating Revenue": 380844000.0,
        "Occupancy And Equipment": 22715000.0,
        "Professional Expense And Contract Services Expense": 7025000.0,
        "Other Non Interest Expense": -11246000.0
    },
    "2024-03-31": {
        "Tax Effect Of Unusual Items": -1130506.5,
        "Tax Rate For Calcs": 0.2505,
        "Total Unusual Items": -4513000.0,
        "Total Unusual Items Excluding Goodwill": -4513000.0,
        "Net Income From Continuing Operation Net Minority Interest": 115056000.0,
        "Reconciled Depreciation": 14079000.0,
        "Net Interest Income": 343936000.0,
        "Interest Expense": 173319000.0,
        "Interest Income": 517255000.0,
        "Normalized Income": 118438493.5,
        "Net Income From Continuing And Discontinued Operation": 115056000.0,
        "Diluted Average Shares": 76660000.0,
        "Basic Average Shares": 76301000.0,
        "Diluted EPS": 1.5,
        "Basic EPS": 1.51,
        "Diluted NI Availto Com Stockholders": 115056000.0,
        "Net Income Common Stockholders": 115056000.0,
        "Net Income": 115056000.0,
        "Net Income Including Noncontrolling Interests": 115056000.0,
        "Net Income Continuous Operations": 115056000.0,
        "Tax Provision": 38462000.0,
        "Pretax Income": 153518000.0,
        "Special Income Charges": -4513000.0,
        "Restructuring And Mergern Acquisition": 4513000.0,
        "Gain On Sale Of Security": 0.0,
        "Depreciation Amortization Depletion Income Statement": 5998000.0,
        "Depreciation And Amortization In Income Statement": 5998000.0,
        "Amortization": 5998000.0,
        "Amortization Of Intangibles Income Statement": 5998000.0,
        "Selling General And Administration": 170624000.0,
        "Selling And Marketing Expense": 1984000.0,
        "General And Administrative Expense": 168640000.0,
        "Insurance And Claims": 12388000.0,
        "Salaries And Wages": 156252000.0,
        "Total Revenue": 415494000.0,
        "Operating Revenue": 415494000.0,
        "Occupancy And Equipment": 22577000.0,
        "Professional Expense And Contract Services Expense": 3115000.0,
        "Other Non Interest Expense": 42463000.0
    },
    "2024-06-30": {
        "Tax Effect Of Unusual Items": NaN,
        "Tax Rate For Calcs": NaN,
        "Total Unusual Items": NaN,
        "Total Unusual Items Excluding Goodwill": NaN,
        "Net Income From Continuing Operation Net Minority Interest": NaN,
        "Reconciled Depreciation": NaN,
        "Net Interest Income": NaN,
        "Interest Expense": NaN,
        "Interest Income": NaN,
        "Normalized Income": NaN,
        "Net Income From Continuing And Discontinued Operation": NaN,
        "Diluted Average Shares": 76607000.0,
        "Basic Average Shares": 76251000.0,
        "Diluted EPS": NaN,
        "Basic EPS": NaN,
        "Diluted NI Availto Com Stockholders": NaN,
        "Net Income Common Stockholders": NaN,
        "Net Income": NaN,
        "Net Income Including Noncontrolling Interests": NaN,
        "Net Income Continuous Operations": NaN,
        "Tax Provision": NaN,
        "Pretax Income": NaN,
        "Special Income Charges": NaN,
        "Restructuring And Mergern Acquisition": NaN,
        "Gain On Sale Of Security": NaN,
        "Depreciation Amortization Depletion Income Statement": NaN,
        "Depreciation And Amortization In Income Statement": NaN,
        "Amortization": NaN,
        "Amortization Of Intangibles Income Statement": NaN,
        "Selling General And Administration": NaN,
        "Selling And Marketing Expense": NaN,
        "General And Administrative Expense": NaN,
        "Insurance And Claims": NaN,
        "Salaries And Wages": NaN,
        "Total Revenue": NaN,
        "Operating Revenue": NaN,
        "Occupancy And Equipment": NaN,
        "Professional Expense And Contract Services Expense": NaN,
        "Other Non Interest Expense": NaN
    },
    "2024-09-30": {
        "Tax Effect Of Unusual Items": -767617.2,
        "Tax Rate For Calcs": 0.2324,
        "Total Unusual Items": -3303000.0,
        "Total Unusual Items Excluding Goodwill": -3303000.0,
        "Net Income From Continuing Operation Net Minority Interest": 143179000.0,
        "Reconciled Depreciation": 13710000.0,
        "Net Interest Income": 351480000.0,
        "Interest Expense": 192698000.0,
        "Interest Income": 544178000.0,
        "Normalized Income": 145714382.8,
        "Net Income From Continuing And Discontinued Operation": 143179000.0,
        "Diluted Average Shares": 76805000.0,
        "Basic Average Shares": 76299000.0,
        "Diluted EPS": 1.86,
        "Basic EPS": 1.88,
        "Diluted NI Availto Com Stockholders": 143179000.0,
        "Net Income Common Stockholders": 143179000.0,
        "Net Income": 143179000.0,
        "Net Income Including Noncontrolling Interests": 143179000.0,
        "Net Income Continuous Operations": 143179000.0,
        "Tax Provision": 43359000.0,
        "Pretax Income": 186538000.0,
        "Special Income Charges": -3303000.0,
        "Restructuring And Mergern Acquisition": 3303000.0,
        "Gain On Sale Of Security": 0.0,
        "Depreciation Amortization Depletion Income Statement": 5327000.0,
        "Depreciation And Amortization In Income Statement": 5327000.0,
        "Amortization": 5327000.0,
        "Amortization Of Intangibles Income Statement": 5327000.0,
        "Selling General And Administration": 166440000.0,
        "Selling And Marketing Expense": 2296000.0,
        "General And Administrative Expense": 164144000.0,
        "Insurance And Claims": 7482000.0,
        "Salaries And Wages": 156662000.0,
        "Total Revenue": 426414000.0,
        "Operating Revenue": 426414000.0,
        "Occupancy And Equipment": 22242000.0,
        "Professional Expense And Contract Services Expense": 4017000.0,
        "Other Non Interest Expense": 45518000.0
    },
    "2024-12-31": {
        "Tax Effect Of Unusual Items": -2495113.876078,
        "Tax Rate For Calcs": 0.23041,
        "Total Unusual Items": -10829000.0,
        "Total Unusual Items Excluding Goodwill": -10829000.0,
        "Net Income From Continuing Operation Net Minority Interest": 144178000.0,
        "Reconciled Depreciation": 15150000.0,
        "Net Interest Income": 369779000.0,
        "Interest Expense": 179026000.0,
        "Interest Income": 548805000.0,
        "Normalized Income": 152511886.123922,
        "Net Income From Continuing And Discontinued Operation": 144178000.0,
        "Diluted Average Shares": NaN,
        "Basic Average Shares": NaN,
        "Diluted EPS": NaN,
        "Basic EPS": NaN,
        "Diluted NI Availto Com Stockholders": 144178000.0,
        "Net Income Common Stockholders": 144178000.0,
        "Net Income": 144178000.0,
        "Net Income Including Noncontrolling Interests": 144178000.0,
        "Net Income Continuous Operations": 144178000.0,
        "Tax Provision": 43166000.0,
        "Pretax Income": 187344000.0,
        "Special Income Charges": -10829000.0,
        "Restructuring And Mergern Acquisition": 6531000.0,
        "Gain On Sale Of Security": -50000.0,
        "Depreciation Amortization Depletion Income Statement": 5326000.0,
        "Depreciation And Amortization In Income Statement": 5326000.0,
        "Amortization": 5326000.0,
        "Amortization Of Intangibles Income Statement": 5326000.0,
        "Selling General And Administration": 173728000.0,
        "Selling And Marketing Expense": 2269000.0,
        "General And Administrative Expense": 171459000.0,
        "Insurance And Claims": 6744000.0,
        "Salaries And Wages": 164715000.0,
        "Total Revenue": 399739000.0,
        "Operating Revenue": 399739000.0,
        "Occupancy And Equipment": 22831000.0,
        "Professional Expense And Contract Services Expense": 5366000.0,
        "Other Non Interest Expense": -12173000.0
    }
}