{
    "2023-06-30": {
        "Tax Effect Of Unusual Items": NaN,
        "Tax Rate For Calcs": NaN,
        "Total Unusual Items": NaN,
        "Total Unusual Items Excluding Goodwill": NaN,
        "Net Income From Continuing Operation Net Minority Interest": NaN,
        "Reconciled Depreciation": NaN,
        "Net Interest Income": NaN,
        "Interest Expense": NaN,
        "Interest Income": NaN,
        "Normalized Income": NaN,
        "Net Income From Continuing And Discontinued Operation": NaN,
        "Diluted Average Shares": NaN,
        "Basic Average Shares": NaN,
        "Diluted EPS": NaN,
        "Basic EPS": NaN,
        "Diluted NI Availto Com Stockholders": NaN,
        "Average Dilution Earnings": NaN,
        "Net Income Common Stockholders": NaN,
        "Net Income": NaN,
        "Net Income Including Noncontrolling Interests": NaN,
        "Net Income Continuous Operations": NaN,
        "Tax Provision": NaN,
        "Pretax Income": NaN,
        "Special Income Charges": NaN,
        "Restructuring And Mergern Acquisition": NaN,
        "Gain On Sale Of Security": NaN,
        "Selling General And Administration": NaN,
        "General And Administrative Expense": NaN,
        "Salaries And Wages": NaN,
        "Total Revenue": NaN,
        "Operating Revenue": NaN,
        "Occupancy And Equipment": NaN,
        "Professional Expense And Contract Services Expense": 1243000.0,
        "Other Non Interest Expense": NaN
    },
    "2023-03-31": {
        "Tax Effect Of Unusual Items": 0.0,
        "Tax Rate For Calcs": 0.232363,
        "Net Income From Continuing Operation Net Minority Interest": 7671000.0,
        "Reconciled Depreciation": 376000.0,
        "Net Interest Income": 19546000.0,
        "Interest Expense": 9153000.0,
        "Interest Income": 28699000.0,
        "Normalized Income": 7671000.0,
        "Net Income From Continuing And Discontinued Operation": 7671000.0,
        "Diluted Average Shares": 9043122.0,
        "Basic Average Shares": 8762450.0,
        "Diluted EPS": 0.85,
        "Basic EPS": 0.87,
        "Diluted NI Availto Com Stockholders": 7671000.0,
        "Average Dilution Earnings": NaN,
        "Net Income Common Stockholders": 7671000.0,
        "Net Income": 7671000.0,
        "Net Income Including Noncontrolling Interests": 7671000.0,
        "Net Income Continuous Operations": 7671000.0,
        "Tax Provision": 2322000.0,
        "Pretax Income": 9993000.0,
        "Gain On Sale Of Security": 514000.0,
        "Selling General And Administration": 6311000.0,
        "General And Administrative Expense": 6311000.0,
        "Salaries And Wages": 6311000.0,
        "Total Revenue": 21332000.0,
        "Operating Revenue": 21332000.0,
        "Occupancy And Equipment": 683000.0,
        "Professional Expense And Contract Services Expense": NaN,
        "Other Non Interest Expense": 3164000.0
    },
    "2022-12-31": {
        "Tax Effect Of Unusual Items": 0.0,
        "Tax Rate For Calcs": 0.192252,
        "Net Income From Continuing Operation Net Minority Interest": 10592000.0,
        "Reconciled Depreciation": 375000.0,
        "Net Interest Income": 20884000.0,
        "Interest Expense": 5822000.0,
        "Interest Income": 26706000.0,
        "Normalized Income": 10592000.0,
        "Net Income From Continuing And Discontinued Operation": 10592000.0,
        "Diluted Average Shares": 8932585.0,
        "Basic Average Shares": 8707026.0,
        "Diluted EPS": 1.18,
        "Basic EPS": 1.22,
        "Diluted NI Availto Com Stockholders": 10606000.0,
        "Average Dilution Earnings": NaN,
        "Net Income Common Stockholders": 10592000.0,
        "Net Income": 10592000.0,
        "Net Income Including Noncontrolling Interests": 10592000.0,
        "Net Income Continuous Operations": 10592000.0,
        "Tax Provision": 2521000.0,
        "Pretax Income": 13113000.0,
        "Gain On Sale Of Security": -86000.0,
        "Selling General And Administration": 6738000.0,
        "General And Administrative Expense": 6738000.0,
        "Salaries And Wages": 6738000.0,
        "Total Revenue": 25487000.0,
        "Operating Revenue": 25487000.0
    },
    "2022-09-30": {
        "Tax Effect Of Unusual Items": NaN,
        "Tax Rate For Calcs": NaN,
        "Net Income From Continuing Operation Net Minority Interest": NaN,
        "Reconciled Depreciation": NaN,
        "Net Interest Income": NaN,
        "Interest Expense": NaN,
        "Interest Income": NaN,
        "Normalized Income": NaN,
        "Net Income From Continuing And Discontinued Operation": NaN,
        "Diluted Average Shares": NaN,
        "Basic Average Shares": NaN,
        "Diluted EPS": NaN,
        "Basic EPS": NaN,
        "Diluted NI Availto Com Stockholders": NaN,
        "Average Dilution Earnings": -7000.0,
        "Net Income Common Stockholders": NaN,
        "Net Income": NaN,
        "Net Income Including Noncontrolling Interests": NaN,
        "Net Income Continuous Operations": NaN,
        "Tax Provision": NaN,
        "Pretax Income": NaN,
        "Gain On Sale Of Security": NaN,
        "Selling General And Administration": NaN,
        "General And Administrative Expense": NaN,
        "Salaries And Wages": NaN,
        "Total Revenue": NaN,
        "Operating Revenue": NaN
    },
    "2022-06-30": {
        "Tax Effect Of Unusual Items": 0.0,
        "Tax Rate For Calcs": 0.233377,
        "Net Income From Continuing Operation Net Minority Interest": 5223000.0,
        "Reconciled Depreciation": 393000.0,
        "Net Interest Income": 16365000.0,
        "Interest Expense": 1387000.0,
        "Interest Income": 17752000.0,
        "Normalized Income": 5223000.0,
        "Net Income From Continuing And Discontinued Operation": 5223000.0,
        "Diluted Average Shares": 8894577.0,
        "Basic Average Shares": 8740295.0,
        "Diluted EPS": 0.59,
        "Basic EPS": 0.6,
        "Diluted NI Availto Com Stockholders": 5223000.0,
        "Average Dilution Earnings": -8000.0,
        "Net Income Common Stockholders": 5223000.0,
        "Net Income": 5223000.0,
        "Net Income Including Noncontrolling Interests": 5223000.0,
        "Net Income Continuous Operations": 5223000.0,
        "Tax Provision": 1590000.0,
        "Pretax Income": 6813000.0,
        "Gain On Sale Of Security": -42000.0,
        "Selling General And Administration": 5982000.0,
        "General And Administrative Expense": 5982000.0,
        "Other Gand A": 832000.0,
        "Salaries And Wages": 5982000.0,
        "Total Revenue": 17769000.0,
        "Operating Revenue": 17769000.0
    },
    "2022-03-31": {
        "Diluted EPS": 0.5,
        "Total Revenue": 17,
        "Gross Profit": 16,
        "Operating Income": 6,
        "EBIT": NaN,
        "Net Income": 5
    },
    "2021-12-31": {
        "Diluted EPS": 0.42,
        "Total Revenue": 17,
        "Gross Profit": 16,
        "Operating Income": 6,
        "EBIT": NaN,
        "Net Income": 4
    },
    "2021-09-30": {
        "Diluted EPS": 0.58,
        "Total Revenue": 17,
        "Gross Profit": 16,
        "Operating Income": 6,
        "EBIT": NaN,
        "Net Income": 5
    },
    "2021-06-30": {
        "Diluted EPS": 0.5,
        "Total Revenue": 16,
        "Gross Profit": 15,
        "Operating Income": 5,
        "EBIT": NaN,
        "Net Income": 4
    },
    "2021-03-31": {
        "Diluted EPS": 0.73,
        "Total Revenue": 18,
        "Gross Profit": 17,
        "Operating Income": 7,
        "EBIT": NaN,
        "Net Income": 6
    },
    "2020-12-31": {
        "Diluted EPS": 0.0,
        "Total Revenue": NaN,
        "Gross Profit": NaN,
        "Operating Income": NaN,
        "EBIT": NaN,
        "Net Income": NaN
    },
    "2020-09-30": {
        "Diluted EPS": 0.41,
        "Total Revenue": 15,
        "Gross Profit": 13,
        "Operating Income": 4,
        "EBIT": NaN,
        "Net Income": 3
    },
    "2020-06-30": {
        "Diluted EPS": 0.37,
        "Total Revenue": 14,
        "Gross Profit": 12,
        "Operating Income": 4,
        "EBIT": NaN,
        "Net Income": 3
    },
    "2023-09-30": {
        "Tax Effect Of Unusual Items": NaN,
        "Tax Rate For Calcs": NaN,
        "Total Unusual Items": 0.0,
        "Total Unusual Items Excluding Goodwill": 0.0,
        "Net Income From Continuing Operation Net Minority Interest": NaN,
        "Reconciled Depreciation": NaN,
        "Net Interest Income": NaN,
        "Interest Expense": NaN,
        "Interest Income": NaN,
        "Normalized Income": NaN,
        "Net Income From Continuing And Discontinued Operation": NaN,
        "Diluted Average Shares": NaN,
        "Basic Average Shares": NaN,
        "Diluted EPS": NaN,
        "Basic EPS": NaN,
        "Diluted NI Availto Com Stockholders": NaN,
        "Average Dilution Earnings": -5000.0,
        "Net Income Common Stockholders": NaN,
        "Net Income": NaN,
        "Net Income Including Noncontrolling Interests": NaN,
        "Net Income Continuous Operations": NaN,
        "Tax Provision": NaN,
        "Pretax Income": NaN,
        "Special Income Charges": 0.0,
        "Restructuring And Mergern Acquisition": 0.0,
        "Gain On Sale Of Security": NaN,
        "Selling General And Administration": NaN,
        "General And Administrative Expense": NaN,
        "Salaries And Wages": NaN,
        "Total Revenue": NaN,
        "Operating Revenue": NaN,
        "Occupancy And Equipment": NaN,
        "Professional Expense And Contract Services Expense": -1243000.0,
        "Other Non Interest Expense": NaN
    },
    "2023-12-31": {
        "Tax Effect Of Unusual Items": 0.0,
        "Tax Rate For Calcs": 0.207554,
        "Total Unusual Items": NaN,
        "Total Unusual Items Excluding Goodwill": NaN,
        "Net Income From Continuing Operation Net Minority Interest": 8896000.0,
        "Reconciled Depreciation": 373000.0,
        "Net Interest Income": 20403000.0,
        "Interest Expense": 15769000.0,
        "Interest Income": 36172000.0,
        "Normalized Income": 8896000.0,
        "Net Income From Continuing And Discontinued Operation": 8896000.0,
        "Diluted Average Shares": 9021358.0,
        "Basic Average Shares": 8864734.0,
        "Diluted EPS": 0.99,
        "Basic EPS": 1.0,
        "Diluted NI Availto Com Stockholders": 8907000.0,
        "Average Dilution Earnings": NaN,
        "Net Income Common Stockholders": 8896000.0,
        "Net Income": 8896000.0,
        "Net Income Including Noncontrolling Interests": 8896000.0,
        "Net Income Continuous Operations": 8896000.0,
        "Tax Provision": 2330000.0,
        "Pretax Income": 11226000.0,
        "Special Income Charges": NaN,
        "Restructuring And Mergern Acquisition": NaN,
        "Gain On Sale Of Security": 98000.0,
        "Selling General And Administration": 5739000.0,
        "General And Administrative Expense": 5739000.0,
        "Salaries And Wages": 5739000.0,
        "Total Revenue": 23522000.0,
        "Operating Revenue": 23522000.0,
        "Occupancy And Equipment": 681000.0,
        "Professional Expense And Contract Services Expense": NaN,
        "Other Non Interest Expense": 3297000.0
    },
    "2024-03-31": {
        "Tax Effect Of Unusual Items": 0.0,
        "Tax Rate For Calcs": 0.226467,
        "Total Unusual Items": NaN,
        "Total Unusual Items Excluding Goodwill": NaN,
        "Net Income From Continuing Operation Net Minority Interest": 8119000.0,
        "Reconciled Depreciation": 380000.0,
        "Net Interest Income": 20839000.0,
        "Interest Expense": 17897000.0,
        "Interest Income": 38736000.0,
        "Normalized Income": 8119000.0,
        "Net Income From Continuing And Discontinued Operation": 8119000.0,
        "Diluted Average Shares": 9043122.0,
        "Basic Average Shares": 8913477.0,
        "Diluted EPS": 0.9,
        "Basic EPS": 0.91,
        "Diluted NI Availto Com Stockholders": 8119000.0,
        "Average Dilution Earnings": NaN,
        "Net Income Common Stockholders": 8119000.0,
        "Net Income": 8119000.0,
        "Net Income Including Noncontrolling Interests": 8119000.0,
        "Net Income Continuous Operations": 8119000.0,
        "Tax Provision": 2377000.0,
        "Pretax Income": 10496000.0,
        "Special Income Charges": NaN,
        "Restructuring And Mergern Acquisition": NaN,
        "Gain On Sale Of Security": -12000.0,
        "Selling General And Administration": 6231000.0,
        "General And Administrative Expense": 6231000.0,
        "Salaries And Wages": 6231000.0,
        "Total Revenue": 22107000.0,
        "Operating Revenue": 22107000.0,
        "Occupancy And Equipment": 689000.0,
        "Professional Expense And Contract Services Expense": NaN,
        "Other Non Interest Expense": 3455000.0
    },
    "2024-06-30": {
        "Tax Effect Of Unusual Items": 0.0,
        "Tax Rate For Calcs": 0.216926,
        "Total Unusual Items": NaN,
        "Total Unusual Items Excluding Goodwill": NaN,
        "Net Income From Continuing Operation Net Minority Interest": 8198000.0,
        "Reconciled Depreciation": 378000.0,
        "Net Interest Income": 21579000.0,
        "Interest Expense": 19428000.0,
        "Interest Income": 41007000.0,
        "Normalized Income": 8198000.0,
        "Net Income From Continuing And Discontinued Operation": 8198000.0,
        "Diluted Average Shares": 9070568.0,
        "Basic Average Shares": 8957608.0,
        "Diluted EPS": 0.9,
        "Basic EPS": 0.91,
        "Diluted NI Availto Com Stockholders": 8198000.0,
        "Average Dilution Earnings": NaN,
        "Net Income Common Stockholders": 8198000.0,
        "Net Income": 8198000.0,
        "Net Income Including Noncontrolling Interests": 8198000.0,
        "Net Income Continuous Operations": 8198000.0,
        "Tax Provision": 2271000.0,
        "Pretax Income": 10469000.0,
        "Special Income Charges": NaN,
        "Restructuring And Mergern Acquisition": NaN,
        "Gain On Sale Of Security": 20000.0,
        "Selling General And Administration": 6112000.0,
        "General And Administrative Expense": 6112000.0,
        "Salaries And Wages": 6112000.0,
        "Total Revenue": 22947000.0,
        "Operating Revenue": 22947000.0,
        "Occupancy And Equipment": 667000.0,
        "Professional Expense And Contract Services Expense": 0.0,
        "Other Non Interest Expense": 4632000.0
    },
    "2024-09-30": {
        "Tax Effect Of Unusual Items": -369483.20148,
        "Tax Rate For Calcs": 0.244529,
        "Total Unusual Items": -1511000.0,
        "Total Unusual Items Excluding Goodwill": -1511000.0,
        "Net Income From Continuing Operation Net Minority Interest": 7353000.0,
        "Reconciled Depreciation": 614000.0,
        "Net Interest Income": 24246000.0,
        "Interest Expense": 20822000.0,
        "Interest Income": 45068000.0,
        "Normalized Income": 8494516.79852,
        "Net Income From Continuing And Discontinued Operation": 7353000.0,
        "Diluted Average Shares": 9725884.0,
        "Basic Average Shares": 9608868.0,
        "Diluted EPS": 0.76,
        "Basic EPS": 0.76,
        "Diluted NI Availto Com Stockholders": 7346000.0,
        "Average Dilution Earnings": -7000.0,
        "Net Income Common Stockholders": 7353000.0,
        "Net Income": 7353000.0,
        "Net Income Including Noncontrolling Interests": 7353000.0,
        "Net Income Continuous Operations": 7353000.0,
        "Tax Provision": 2380000.0,
        "Pretax Income": 9733000.0,
        "Special Income Charges": -1511000.0,
        "Restructuring And Mergern Acquisition": 1511000.0,
        "Gain On Sale Of Security": 75000.0,
        "Selling General And Administration": 6876000.0,
        "General And Administrative Expense": 6876000.0,
        "Salaries And Wages": 6876000.0,
        "Total Revenue": 26003000.0,
        "Operating Revenue": 26003000.0,
        "Occupancy And Equipment": 814000.0,
        "Professional Expense And Contract Services Expense": 0.0,
        "Other Non Interest Expense": 4486000.0
    },
    "2024-12-31": {
        "Tax Effect Of Unusual Items": 0.0,
        "Tax Rate For Calcs": 0.248103,
        "Total Unusual Items": 0.0,
        "Total Unusual Items Excluding Goodwill": 0.0,
        "Net Income From Continuing Operation Net Minority Interest": 11198000.0,
        "Reconciled Depreciation": 737000.0,
        "Net Interest Income": 25043000.0,
        "Interest Expense": 19927000.0,
        "Interest Income": 44970000.0,
        "Normalized Income": 11198000.0,
        "Net Income From Continuing And Discontinued Operation": 11198000.0,
        "Diluted Average Shares": 10061735.0,
        "Basic Average Shares": 9940221.0,
        "Diluted EPS": 1.11,
        "Basic EPS": 1.13,
        "Diluted NI Availto Com Stockholders": 11213000.0,
        "Average Dilution Earnings": NaN,
        "Net Income Common Stockholders": 11198000.0,
        "Net Income": 11198000.0,
        "Net Income Including Noncontrolling Interests": 11198000.0,
        "Net Income Continuous Operations": 11198000.0,
        "Tax Provision": 3695000.0,
        "Pretax Income": 14893000.0,
        "Special Income Charges": 0.0,
        "Restructuring And Mergern Acquisition": 0.0,
        "Gain On Sale Of Security": 25000.0,
        "Selling General And Administration": 7002000.0,
        "General And Administrative Expense": 7002000.0,
        "Salaries And Wages": 7002000.0,
        "Total Revenue": 28040000.0,
        "Operating Revenue": 28040000.0,
        "Occupancy And Equipment": 851000.0,
        "Professional Expense And Contract Services Expense": 236000.0,
        "Other Non Interest Expense": 4986000.0
    },
    "2025-03-31": {
        "Tax Effect Of Unusual Items": 0.0,
        "Tax Rate For Calcs": 0.230466,
        "Total Unusual Items": NaN,
        "Total Unusual Items Excluding Goodwill": NaN,
        "Net Income From Continuing Operation Net Minority Interest": 10351000.0,
        "Reconciled Depreciation": 732000.0,
        "Net Interest Income": 24879000.0,
        "Interest Expense": 18285000.0,
        "Interest Income": 43164000.0,
        "Normalized Income": 10351000.0,
        "Net Income From Continuing And Discontinued Operation": 10351000.0,
        "Diluted Average Shares": 10072329.0,
        "Basic Average Shares": 9979120.0,
        "Diluted EPS": 1.03,
        "Basic EPS": 1.04,
        "Diluted NI Availto Com Stockholders": 10351000.0,
        "Average Dilution Earnings": NaN,
        "Net Income Common Stockholders": 10351000.0,
        "Net Income": 10351000.0,
        "Net Income Including Noncontrolling Interests": 10351000.0,
        "Net Income Continuous Operations": 10351000.0,
        "Tax Provision": 3100000.0,
        "Pretax Income": 13451000.0,
        "Special Income Charges": NaN,
        "Restructuring And Mergern Acquisition": NaN,
        "Gain On Sale Of Security": 23000.0,
        "Selling General And Administration": 6924000.0,
        "General And Administrative Expense": 6924000.0,
        "Salaries And Wages": 6924000.0,
        "Total Revenue": 26532000.0,
        "Operating Revenue": 26532000.0,
        "Occupancy And Equipment": 828000.0,
        "Professional Expense And Contract Services Expense": NaN,
        "Other Non Interest Expense": 4554000.0
    }
}