{
    "2023-03-31": {
        "Tax Effect Of Unusual Items": NaN,
        "Tax Rate For Calcs": NaN,
        "Normalized EBITDA": NaN,
        "Total Unusual Items": NaN,
        "Total Unusual Items Excluding Goodwill": NaN,
        "Net Income From Continuing Operation Net Minority Interest": NaN,
        "Reconciled Depreciation": NaN,
        "Reconciled Cost Of Revenue": NaN,
        "EBITDA": NaN,
        "EBIT": NaN,
        "Net Interest Income": NaN,
        "Interest Expense": NaN,
        "Normalized Income": NaN,
        "Net Income From Continuing And Discontinued Operation": NaN,
        "Total Expenses": NaN,
        "Total Operating Income As Reported": NaN,
        "Diluted Average Shares": NaN,
        "Basic Average Shares": NaN,
        "Diluted EPS": NaN,
        "Basic EPS": NaN,
        "Diluted NI Availto Com Stockholders": NaN,
        "Net Income Common Stockholders": NaN,
        "Otherunder Preferred Stock Dividend": 0.0,
        "Preferred Stock Dividends": NaN,
        "Net Income": NaN,
        "Net Income Including Noncontrolling Interests": NaN,
        "Net Income Continuous Operations": NaN,
        "Tax Provision": NaN,
        "Pretax Income": NaN,
        "Other Income Expense": NaN,
        "Other Non Operating Income Expenses": NaN,
        "Special Income Charges": NaN,
        "Gain On Sale Of Ppe": NaN,
        "Impairment Of Capital Assets": NaN,
        "Restructuring And Mergern Acquisition": NaN,
        "Net Non Operating Interest Income Expense": NaN,
        "Interest Expense Non Operating": NaN,
        "Operating Income": NaN,
        "Operating Expense": NaN,
        "Depreciation Amortization Depletion Income Statement": NaN,
        "Depreciation And Amortization In Income Statement": NaN,
        "Amortization": NaN,
        "Amortization Of Intangibles Income Statement": NaN,
        "Depreciation Income Statement": NaN,
        "Selling General And Administration": NaN,
        "General And Administrative Expense": NaN,
        "Other Gand A": NaN,
        "Salaries And Wages": NaN,
        "Gross Profit": NaN,
        "Cost Of Revenue": NaN,
        "Total Revenue": NaN,
        "Operating Revenue": NaN
    },
    "2022-12-31": {
        "Tax Effect Of Unusual Items": NaN,
        "Tax Rate For Calcs": NaN,
        "Normalized EBITDA": NaN,
        "Total Unusual Items": NaN,
        "Total Unusual Items Excluding Goodwill": NaN,
        "Net Income From Continuing Operation Net Minority Interest": NaN,
        "Reconciled Depreciation": NaN,
        "Reconciled Cost Of Revenue": NaN,
        "EBITDA": NaN,
        "EBIT": NaN,
        "Net Interest Income": NaN,
        "Interest Expense": NaN,
        "Normalized Income": NaN,
        "Net Income From Continuing And Discontinued Operation": NaN,
        "Total Expenses": NaN,
        "Total Operating Income As Reported": NaN,
        "Diluted Average Shares": NaN,
        "Basic Average Shares": NaN,
        "Diluted EPS": NaN,
        "Basic EPS": NaN,
        "Diluted NI Availto Com Stockholders": NaN,
        "Net Income Common Stockholders": NaN,
        "Otherunder Preferred Stock Dividend": NaN,
        "Preferred Stock Dividends": NaN,
        "Net Income": NaN,
        "Net Income Including Noncontrolling Interests": NaN,
        "Net Income Discontinuous Operations": 0.0,
        "Net Income Continuous Operations": NaN,
        "Tax Provision": NaN,
        "Pretax Income": NaN,
        "Other Income Expense": NaN,
        "Other Non Operating Income Expenses": NaN,
        "Special Income Charges": NaN,
        "Gain On Sale Of Ppe": NaN,
        "Gain On Sale Of Business": 0.0,
        "Other Special Charges": -7355000.0,
        "Impairment Of Capital Assets": NaN,
        "Restructuring And Mergern Acquisition": NaN,
        "Net Non Operating Interest Income Expense": NaN,
        "Interest Expense Non Operating": NaN,
        "Operating Income": NaN,
        "Operating Expense": NaN,
        "Depreciation Amortization Depletion Income Statement": NaN,
        "Depreciation And Amortization In Income Statement": NaN,
        "Amortization": NaN,
        "Amortization Of Intangibles Income Statement": NaN,
        "Depreciation Income Statement": NaN,
        "Selling General And Administration": NaN,
        "General And Administrative Expense": NaN,
        "Other Gand A": NaN,
        "Salaries And Wages": NaN,
        "Gross Profit": NaN,
        "Cost Of Revenue": NaN,
        "Total Revenue": NaN,
        "Operating Revenue": NaN
    },
    "2022-09-30": {
        "Tax Effect Of Unusual Items": NaN,
        "Tax Rate For Calcs": NaN,
        "Normalized EBITDA": NaN,
        "Total Unusual Items": NaN,
        "Total Unusual Items Excluding Goodwill": NaN,
        "Net Income From Continuing Operation Net Minority Interest": NaN,
        "Reconciled Depreciation": NaN,
        "Reconciled Cost Of Revenue": NaN,
        "EBITDA": NaN,
        "EBIT": NaN,
        "Net Interest Income": NaN,
        "Interest Expense": NaN,
        "Normalized Income": NaN,
        "Net Income From Continuing And Discontinued Operation": NaN,
        "Total Expenses": NaN,
        "Total Operating Income As Reported": NaN,
        "Diluted Average Shares": NaN,
        "Basic Average Shares": NaN,
        "Diluted EPS": NaN,
        "Basic EPS": NaN,
        "Diluted NI Availto Com Stockholders": NaN,
        "Net Income Common Stockholders": NaN,
        "Otherunder Preferred Stock Dividend": 885000.0,
        "Preferred Stock Dividends": NaN,
        "Net Income": NaN,
        "Net Income Including Noncontrolling Interests": NaN,
        "Net Income Discontinuous Operations": 0.0,
        "Net Income Continuous Operations": NaN,
        "Tax Provision": NaN,
        "Pretax Income": NaN,
        "Other Income Expense": NaN,
        "Other Non Operating Income Expenses": NaN,
        "Special Income Charges": NaN,
        "Gain On Sale Of Ppe": NaN,
        "Gain On Sale Of Business": 0.0,
        "Other Special Charges": NaN,
        "Impairment Of Capital Assets": 0.0,
        "Restructuring And Mergern Acquisition": NaN,
        "Net Non Operating Interest Income Expense": NaN,
        "Interest Expense Non Operating": NaN,
        "Operating Income": NaN,
        "Operating Expense": NaN,
        "Depreciation Amortization Depletion Income Statement": NaN,
        "Depreciation And Amortization In Income Statement": NaN,
        "Amortization": NaN,
        "Amortization Of Intangibles Income Statement": NaN,
        "Depreciation Income Statement": NaN,
        "Selling General And Administration": NaN,
        "General And Administrative Expense": NaN,
        "Other Gand A": NaN,
        "Salaries And Wages": NaN,
        "Gross Profit": NaN,
        "Cost Of Revenue": NaN,
        "Total Revenue": NaN,
        "Operating Revenue": NaN
    },
    "2022-06-30": {
        "Tax Effect Of Unusual Items": -397358.781362,
        "Tax Rate For Calcs": 0.251971,
        "Normalized EBITDA": 134407000.0,
        "Total Unusual Items": -1577000.0,
        "Total Unusual Items Excluding Goodwill": -1577000.0,
        "Net Income From Continuing Operation Net Minority Interest": 41740000.0,
        "Reconciled Depreciation": 41019000.0,
        "Reconciled Cost Of Revenue": 308510000.0,
        "EBITDA": 132830000.0,
        "EBIT": 91811000.0,
        "Net Interest Income": -36011000.0,
        "Interest Expense": 36011000.0,
        "Normalized Income": 42919641.218638,
        "Net Income From Continuing And Discontinued Operation": 41740000.0,
        "Total Expenses": 503911000.0,
        "Total Operating Income As Reported": 88979000.0,
        "Diluted Average Shares": 87820000.0,
        "Basic Average Shares": 83270000.0,
        "Diluted EPS": 0.32,
        "Basic EPS": 0.34,
        "Diluted NI Availto Com Stockholders": 29163000.0,
        "Net Income Common Stockholders": 29163000.0,
        "Otherunder Preferred Stock Dividend": NaN,
        "Preferred Stock Dividends": 12577000.0,
        "Net Income": 41740000.0,
        "Net Income Including Noncontrolling Interests": 41740000.0,
        "Net Income Discontinuous Operations": 0.0,
        "Net Income Continuous Operations": 41740000.0,
        "Tax Provision": 14060000.0,
        "Pretax Income": 55800000.0,
        "Other Income Expense": 1255000.0,
        "Other Non Operating Income Expenses": 2832000.0,
        "Special Income Charges": -1577000.0,
        "Gain On Sale Of Ppe": -1577000.0,
        "Gain On Sale Of Business": 0.0,
        "Other Special Charges": NaN,
        "Impairment Of Capital Assets": NaN,
        "Restructuring And Mergern Acquisition": 0.0,
        "Net Non Operating Interest Income Expense": -36011000.0,
        "Interest Expense Non Operating": 36011000.0,
        "Operating Income": 90556000.0,
        "Operating Expense": 195401000.0,
        "Depreciation Amortization Depletion Income Statement": 41019000.0,
        "Depreciation And Amortization In Income Statement": 41019000.0,
        "Amortization": 25207000.0,
        "Amortization Of Intangibles Income Statement": 25207000.0,
        "Depreciation Income Statement": 15812000.0,
        "Selling General And Administration": 154382000.0,
        "General And Administrative Expense": NaN,
        "Other Gand A": NaN,
        "Gross Profit": 285957000.0,
        "Cost Of Revenue": 308510000.0,
        "Total Revenue": 594467000.0,
        "Operating Revenue": 584451000.0
    },
    "2022-03-31": {
        "Diluted EPS": 0.1,
        "Total Revenue": 566,
        "Gross Profit": 268,
        "Operating Income": 71,
        "EBIT": 111,
        "Net Income": 10
    },
    "2021-12-31": {
        "Diluted EPS": 0.47,
        "Total Revenue": 622,
        "Gross Profit": 335,
        "Operating Income": 124,
        "EBIT": 163,
        "Net Income": 40
    },
    "2021-09-30": {
        "Diluted EPS": 0.5,
        "Total Revenue": 555,
        "Gross Profit": 269,
        "Operating Income": 116,
        "EBIT": 158,
        "Net Income": 46
    },
    "2021-06-30": {
        "Diluted EPS": -0.09,
        "Total Revenue": 565,
        "Gross Profit": 296,
        "Operating Income": 104,
        "EBIT": 145,
        "Net Income": -7
    },
    "2021-03-31": {
        "Diluted EPS": -0.07,
        "Total Revenue": 541,
        "Gross Profit": 277,
        "Operating Income": 57,
        "EBIT": 97,
        "Net Income": -6
    },
    "2020-12-31": {
        "Diluted EPS": 2.94,
        "Total Revenue": 591,
        "Gross Profit": 344,
        "Operating Income": 174,
        "EBIT": 200,
        "Net Income": 245
    },
    "2020-09-30": {
        "Diluted EPS": 0.69,
        "Total Revenue": 493,
        "Gross Profit": 266,
        "Operating Income": 107,
        "EBIT": 134,
        "Net Income": 59
    },
    "2020-06-30": {
        "Diluted EPS": -0.27,
        "Total Revenue": 359,
        "Gross Profit": 136,
        "Operating Income": 2,
        "EBIT": 28,
        "Net Income": -22
    },
    "2020-03-31": {
        "Diluted EPS": -0.15,
        "Total Revenue": 414,
        "Gross Profit": 182,
        "Operating Income": 21,
        "EBIT": 48,
        "Net Income": -12
    },
    "2019-12-31": {
        "Diluted EPS": 0.13,
        "Total Revenue": 408,
        "Gross Profit": 62,
        "Operating Income": 55,
        "EBIT": 81,
        "Net Income": 11
    },
    "2019-09-30": {
        "Diluted EPS": -0.27,
        "Total Revenue": 331,
        "Gross Profit": 163,
        "Operating Income": 3,
        "EBIT": 25,
        "Net Income": -22
    },
    "2019-06-30": {
        "Diluted EPS": -0.01,
        "Total Revenue": 320,
        "Gross Profit": 230,
        "Operating Income": 28,
        "EBIT": 47,
        "Net Income": 0
    },
    "2019-03-31": {
        "Diluted EPS": -0.08,
        "Total Revenue": 292,
        "Gross Profit": 194,
        "Operating Income": 0,
        "EBIT": 18,
        "Net Income": -7
    },
    "2018-12-31": {
        "Diluted EPS": 0.28,
        "Total Revenue": 317,
        "Gross Profit": 139,
        "Operating Income": 86,
        "EBIT": 101,
        "Net Income": 22
    },
    "2018-09-30": {
        "Diluted EPS": 0.23,
        "Total Revenue": 303,
        "Gross Profit": 153,
        "Operating Income": 40,
        "EBIT": 56,
        "Net Income": 19
    },
    "2018-06-30": {
        "Diluted EPS": 0.06,
        "Total Revenue": 283,
        "Gross Profit": 199,
        "Operating Income": 22,
        "EBIT": 38,
        "Net Income": 6
    },
    "2018-03-31": {
        "Diluted EPS": -0.33,
        "Total Revenue": 254,
        "Gross Profit": 118,
        "Operating Income": -1,
        "EBIT": 15,
        "Net Income": -26
    },
    "2017-12-31": {
        "Diluted EPS": 0.08,
        "Total Revenue": 262,
        "Gross Profit": 317,
        "Operating Income": 18,
        "EBIT": 33,
        "Net Income": 7
    },
    "2017-09-30": {
        "Diluted EPS": -0.32,
        "Total Revenue": 201,
        "Gross Profit": 102,
        "Operating Income": -38,
        "EBIT": 11,
        "Net Income": -27
    },
    "2017-06-30": {
        "Diluted EPS": 0.1,
        "Total Revenue": 216,
        "Gross Profit": 120,
        "Operating Income": 18,
        "EBIT": 32,
        "Net Income": 9
    },
    "2017-03-31": {
        "Diluted EPS": -0.02,
        "Total Revenue": 198,
        "Gross Profit": 109,
        "Operating Income": 0,
        "EBIT": 14,
        "Net Income": -2
    },
    "2016-12-31": {
        "Diluted EPS": 0.46,
        "Total Revenue": 204,
        "Gross Profit": 133,
        "Operating Income": 58,
        "EBIT": 69,
        "Net Income": 38
    },
    "2016-09-30": {
        "Diluted EPS": 0.15,
        "Total Revenue": 233,
        "Gross Profit": 137,
        "Operating Income": 31,
        "EBIT": 46,
        "Net Income": 13
    },
    "2016-06-30": {
        "Diluted EPS": 0.13,
        "Total Revenue": 228,
        "Gross Profit": 134,
        "Operating Income": 27,
        "EBIT": 42,
        "Net Income": 11
    },
    "2016-03-31": {
        "Diluted EPS": 0.06,
        "Total Revenue": 209,
        "Gross Profit": 123,
        "Operating Income": 12,
        "EBIT": 27,
        "Net Income": 5
    },
    "2015-12-31": {
        "Diluted EPS": -0.31,
        "Total Revenue": 143,
        "Gross Profit": 56,
        "Operating Income": 14,
        "EBIT": 51,
        "Net Income": -22
    },
    "2015-09-30": {
        "Diluted EPS": -0.29,
        "Total Revenue": 190,
        "Gross Profit": 111,
        "Operating Income": -25,
        "EBIT": -9,
        "Net Income": -24
    },
    "2015-06-30": {
        "Diluted EPS": -0.37,
        "Total Revenue": 198,
        "Gross Profit": 123,
        "Operating Income": -16,
        "EBIT": -2,
        "Net Income": -31
    },
    "2015-03-31": {
        "Diluted EPS": -0.09,
        "Total Revenue": 123,
        "Gross Profit": 102,
        "Operating Income": -10,
        "EBIT": -1,
        "Net Income": -5
    },
    "2014-12-31": {
        "Diluted EPS": 0.27,
        "Total Revenue": 52,
        "Gross Profit": -52,
        "Operating Income": 20,
        "EBIT": 29,
        "Net Income": 15
    },
    "2014-09-30": {
        "Diluted EPS": -0.02,
        "Total Revenue": 123,
        "Gross Profit": 107,
        "Operating Income": 6,
        "EBIT": 14,
        "Net Income": -1
    },
    "2014-06-30": {
        "Diluted EPS": -0.06,
        "Total Revenue": 120,
        "Gross Profit": 106,
        "Operating Income": -2,
        "EBIT": 1,
        "Net Income": -3
    },
    "2014-03-31": {
        "Diluted EPS": -0.01,
        "Total Revenue": 204,
        "Gross Profit": 167,
        "Operating Income": 2,
        "EBIT": 14,
        "Net Income": -1
    },
    "2013-12-31": {
        "Diluted EPS": 0.15,
        "Total Revenue": 221,
        "Gross Profit": 164,
        "Operating Income": 17,
        "EBIT": 12,
        "Net Income": 8
    },
    "2013-09-30": {
        "Diluted EPS": -0.16,
        "Total Revenue": 190,
        "Gross Profit": 153,
        "Operating Income": -8,
        "EBIT": 4,
        "Net Income": -9
    },
    "2013-06-30": {
        "Diluted EPS": 0.05,
        "Total Revenue": 208,
        "Gross Profit": 171,
        "Operating Income": 8,
        "EBIT": 20,
        "Net Income": 3
    },
    "2013-03-31": {
        "Diluted EPS": -0.05,
        "Total Revenue": 199,
        "Gross Profit": 161,
        "Operating Income": -4,
        "EBIT": 8,
        "Net Income": -3
    },
    "2012-12-31": {
        "Diluted EPS": 0.47,
        "Total Revenue": 260,
        "Gross Profit": 221,
        "Operating Income": 45,
        "EBIT": 58,
        "Net Income": 27
    },
    "2012-09-30": {
        "Diluted EPS": 0.21,
        "Total Revenue": 220,
        "Gross Profit": 181,
        "Operating Income": 18,
        "EBIT": 30,
        "Net Income": 12
    },
    "2012-06-30": {
        "Diluted EPS": 0.09,
        "Total Revenue": 217,
        "Gross Profit": 177,
        "Operating Income": 14,
        "EBIT": 27,
        "Net Income": 5
    },
    "2012-03-31": {
        "Diluted EPS": -0.08,
        "Total Revenue": 207,
        "Gross Profit": 166,
        "Operating Income": -4,
        "EBIT": 8,
        "Net Income": -4
    },
    "2011-12-31": {
        "Diluted EPS": 0.11,
        "Total Revenue": 197,
        "Gross Profit": 121,
        "Operating Income": 7,
        "EBIT": 17,
        "Net Income": 6
    },
    "2011-09-30": {
        "Diluted EPS": -0.19,
        "Total Revenue": 168,
        "Gross Profit": 141,
        "Operating Income": -18,
        "EBIT": 1,
        "Net Income": -11
    },
    "2011-06-30": {
        "Diluted EPS": -0.04,
        "Total Revenue": 183,
        "Gross Profit": 155,
        "Operating Income": -2,
        "EBIT": 8,
        "Net Income": -2
    },
    "2011-03-31": {
        "Diluted EPS": -0.15,
        "Total Revenue": 180,
        "Gross Profit": 152,
        "Operating Income": -10,
        "EBIT": 0,
        "Net Income": -9
    },
    "2010-12-31": {
        "Diluted EPS": 0.4,
        "Total Revenue": 220,
        "Gross Profit": 145,
        "Operating Income": 29,
        "EBIT": 40,
        "Net Income": 22
    },
    "2010-09-30": {
        "Diluted EPS": 0.1,
        "Total Revenue": 184,
        "Gross Profit": 157,
        "Operating Income": 1,
        "EBIT": 11,
        "Net Income": 6
    },
    "2010-06-30": {
        "Diluted EPS": 1.55,
        "Total Revenue": 189,
        "Gross Profit": 162,
        "Operating Income": 3,
        "EBIT": 15,
        "Net Income": 89
    },
    "2010-03-31": {
        "Diluted EPS": -0.02,
        "Total Revenue": 184,
        "Gross Profit": 158,
        "Operating Income": -1,
        "EBIT": 10,
        "Net Income": -1
    },
    "2009-12-31": {
        "Diluted EPS": 0.25,
        "Total Revenue": 179,
        "Gross Profit": 154,
        "Operating Income": 9,
        "EBIT": 21,
        "Net Income": 12
    },
    "2009-09-30": {
        "Diluted EPS": -0.06,
        "Total Revenue": 169,
        "Gross Profit": 146,
        "Operating Income": -6,
        "EBIT": 4,
        "Net Income": -3
    },
    "2009-06-30": {
        "Diluted EPS": 0.04,
        "Total Revenue": 179,
        "Gross Profit": 153,
        "Operating Income": 1,
        "EBIT": 12,
        "Net Income": 2
    },
    "2009-03-31": {
        "Diluted EPS": -4.12,
        "Total Revenue": 205,
        "Gross Profit": 174,
        "Operating Income": -234,
        "EBIT": -6,
        "Net Income": -221
    },
    "2023-06-30": {
        "Tax Effect Of Unusual Items": NaN,
        "Tax Rate For Calcs": NaN,
        "Normalized EBITDA": NaN,
        "Total Unusual Items": NaN,
        "Total Unusual Items Excluding Goodwill": NaN,
        "Net Income From Continuing Operation Net Minority Interest": NaN,
        "Reconciled Depreciation": NaN,
        "Reconciled Cost Of Revenue": NaN,
        "EBITDA": NaN,
        "EBIT": NaN,
        "Net Interest Income": NaN,
        "Interest Expense": NaN,
        "Normalized Income": NaN,
        "Net Income From Continuing And Discontinued Operation": NaN,
        "Total Expenses": NaN,
        "Total Operating Income As Reported": NaN,
        "Diluted Average Shares": NaN,
        "Basic Average Shares": NaN,
        "Diluted EPS": NaN,
        "Basic EPS": NaN,
        "Diluted NI Availto Com Stockholders": NaN,
        "Net Income Common Stockholders": NaN,
        "Otherunder Preferred Stock Dividend": NaN,
        "Preferred Stock Dividends": NaN,
        "Net Income": NaN,
        "Net Income Including Noncontrolling Interests": NaN,
        "Net Income Continuous Operations": NaN,
        "Tax Provision": NaN,
        "Pretax Income": NaN,
        "Other Income Expense": NaN,
        "Other Non Operating Income Expenses": NaN,
        "Special Income Charges": NaN,
        "Gain On Sale Of Ppe": NaN,
        "Impairment Of Capital Assets": NaN,
        "Restructuring And Mergern Acquisition": NaN,
        "Net Non Operating Interest Income Expense": NaN,
        "Interest Expense Non Operating": NaN,
        "Operating Income": NaN,
        "Operating Expense": NaN,
        "Depreciation Amortization Depletion Income Statement": NaN,
        "Depreciation And Amortization In Income Statement": NaN,
        "Amortization": NaN,
        "Amortization Of Intangibles Income Statement": NaN,
        "Depreciation Income Statement": NaN,
        "Selling General And Administration": NaN,
        "General And Administrative Expense": NaN,
        "Other Gand A": NaN,
        "Salaries And Wages": -134000.0,
        "Gross Profit": NaN,
        "Cost Of Revenue": NaN,
        "Total Revenue": NaN,
        "Operating Revenue": NaN
    },
    "2023-09-30": {
        "Tax Effect Of Unusual Items": NaN,
        "Tax Rate For Calcs": NaN,
        "Normalized EBITDA": NaN,
        "Total Unusual Items": NaN,
        "Total Unusual Items Excluding Goodwill": NaN,
        "Net Income From Continuing Operation Net Minority Interest": NaN,
        "Reconciled Depreciation": NaN,
        "Reconciled Cost Of Revenue": NaN,
        "EBITDA": NaN,
        "EBIT": NaN,
        "Net Interest Income": NaN,
        "Interest Expense": NaN,
        "Normalized Income": NaN,
        "Net Income From Continuing And Discontinued Operation": NaN,
        "Total Expenses": NaN,
        "Total Operating Income As Reported": NaN,
        "Diluted Average Shares": NaN,
        "Basic Average Shares": NaN,
        "Diluted EPS": NaN,
        "Basic EPS": NaN,
        "Diluted NI Availto Com Stockholders": NaN,
        "Net Income Common Stockholders": NaN,
        "Otherunder Preferred Stock Dividend": 0.0,
        "Preferred Stock Dividends": NaN,
        "Net Income": NaN,
        "Net Income Including Noncontrolling Interests": NaN,
        "Net Income Continuous Operations": NaN,
        "Tax Provision": NaN,
        "Pretax Income": NaN,
        "Other Income Expense": NaN,
        "Other Non Operating Income Expenses": NaN,
        "Special Income Charges": NaN,
        "Gain On Sale Of Ppe": NaN,
        "Impairment Of Capital Assets": 0.0,
        "Restructuring And Mergern Acquisition": NaN,
        "Net Non Operating Interest Income Expense": NaN,
        "Interest Expense Non Operating": NaN,
        "Operating Income": NaN,
        "Operating Expense": NaN,
        "Depreciation Amortization Depletion Income Statement": NaN,
        "Depreciation And Amortization In Income Statement": NaN,
        "Amortization": NaN,
        "Amortization Of Intangibles Income Statement": NaN,
        "Depreciation Income Statement": NaN,
        "Selling General And Administration": NaN,
        "General And Administrative Expense": NaN,
        "Other Gand A": NaN,
        "Salaries And Wages": -251000.0,
        "Gross Profit": NaN,
        "Cost Of Revenue": NaN,
        "Total Revenue": NaN,
        "Operating Revenue": NaN
    },
    "2023-12-31": {
        "Tax Effect Of Unusual Items": NaN,
        "Tax Rate For Calcs": NaN,
        "Normalized EBITDA": NaN,
        "Total Unusual Items": NaN,
        "Total Unusual Items Excluding Goodwill": NaN,
        "Net Income From Continuing Operation Net Minority Interest": NaN,
        "Reconciled Depreciation": NaN,
        "Reconciled Cost Of Revenue": NaN,
        "EBITDA": NaN,
        "EBIT": NaN,
        "Net Interest Income": NaN,
        "Interest Expense": NaN,
        "Normalized Income": NaN,
        "Net Income From Continuing And Discontinued Operation": NaN,
        "Total Expenses": NaN,
        "Total Operating Income As Reported": NaN,
        "Diluted Average Shares": NaN,
        "Basic Average Shares": NaN,
        "Diluted EPS": NaN,
        "Basic EPS": NaN,
        "Diluted NI Availto Com Stockholders": NaN,
        "Net Income Common Stockholders": NaN,
        "Otherunder Preferred Stock Dividend": NaN,
        "Preferred Stock Dividends": NaN,
        "Net Income": NaN,
        "Net Income Including Noncontrolling Interests": NaN,
        "Net Income Continuous Operations": NaN,
        "Tax Provision": NaN,
        "Pretax Income": NaN,
        "Other Income Expense": NaN,
        "Other Non Operating Income Expenses": NaN,
        "Special Income Charges": NaN,
        "Gain On Sale Of Ppe": NaN,
        "Other Special Charges": NaN,
        "Impairment Of Capital Assets": 266000000.0,
        "Restructuring And Mergern Acquisition": NaN,
        "Net Non Operating Interest Income Expense": NaN,
        "Total Other Finance Cost": NaN,
        "Interest Expense Non Operating": NaN,
        "Operating Income": NaN,
        "Operating Expense": NaN,
        "Depreciation Amortization Depletion Income Statement": NaN,
        "Depreciation And Amortization In Income Statement": NaN,
        "Amortization": NaN,
        "Amortization Of Intangibles Income Statement": NaN,
        "Depreciation Income Statement": NaN,
        "Selling General And Administration": NaN,
        "General And Administrative Expense": NaN,
        "Other Gand A": NaN,
        "Salaries And Wages": -131000.0,
        "Gross Profit": NaN,
        "Cost Of Revenue": NaN,
        "Total Revenue": NaN,
        "Operating Revenue": NaN
    },
    "2024-03-31": {
        "Tax Effect Of Unusual Items": NaN,
        "Tax Rate For Calcs": NaN,
        "Normalized EBITDA": NaN,
        "Total Unusual Items": NaN,
        "Total Unusual Items Excluding Goodwill": NaN,
        "Net Income From Continuing Operation Net Minority Interest": NaN,
        "Reconciled Depreciation": NaN,
        "Reconciled Cost Of Revenue": NaN,
        "EBITDA": NaN,
        "EBIT": NaN,
        "Net Interest Income": NaN,
        "Interest Expense": NaN,
        "Normalized Income": NaN,
        "Net Income From Continuing And Discontinued Operation": NaN,
        "Total Expenses": NaN,
        "Total Operating Income As Reported": NaN,
        "Diluted Average Shares": NaN,
        "Basic Average Shares": NaN,
        "Diluted EPS": NaN,
        "Basic EPS": NaN,
        "Diluted NI Availto Com Stockholders": NaN,
        "Net Income Common Stockholders": NaN,
        "Otherunder Preferred Stock Dividend": NaN,
        "Preferred Stock Dividends": NaN,
        "Net Income": NaN,
        "Net Income Including Noncontrolling Interests": NaN,
        "Net Income Continuous Operations": NaN,
        "Tax Provision": NaN,
        "Pretax Income": NaN,
        "Other Income Expense": NaN,
        "Other Non Operating Income Expenses": NaN,
        "Special Income Charges": NaN,
        "Gain On Sale Of Ppe": NaN,
        "Other Special Charges": NaN,
        "Impairment Of Capital Assets": NaN,
        "Restructuring And Mergern Acquisition": NaN,
        "Net Non Operating Interest Income Expense": NaN,
        "Total Other Finance Cost": NaN,
        "Interest Expense Non Operating": NaN,
        "Operating Income": NaN,
        "Operating Expense": NaN,
        "Depreciation Amortization Depletion Income Statement": NaN,
        "Depreciation And Amortization In Income Statement": NaN,
        "Amortization": NaN,
        "Amortization Of Intangibles Income Statement": NaN,
        "Depreciation Income Statement": NaN,
        "Selling General And Administration": NaN,
        "General And Administrative Expense": NaN,
        "Other Gand A": NaN,
        "Salaries And Wages": -177000.0,
        "Gross Profit": NaN,
        "Cost Of Revenue": NaN,
        "Total Revenue": NaN,
        "Operating Revenue": NaN
    },
    "2024-06-30": {
        "Tax Effect Of Unusual Items": NaN,
        "Tax Rate For Calcs": NaN,
        "Normalized EBITDA": NaN,
        "Total Unusual Items": NaN,
        "Total Unusual Items Excluding Goodwill": NaN,
        "Net Income From Continuing Operation Net Minority Interest": NaN,
        "Reconciled Depreciation": NaN,
        "Reconciled Cost Of Revenue": NaN,
        "EBITDA": NaN,
        "EBIT": NaN,
        "Net Interest Income": NaN,
        "Interest Expense": NaN,
        "Normalized Income": NaN,
        "Net Income From Continuing And Discontinued Operation": NaN,
        "Total Expenses": NaN,
        "Total Operating Income As Reported": NaN,
        "Diluted Average Shares": NaN,
        "Basic Average Shares": NaN,
        "Diluted EPS": NaN,
        "Basic EPS": NaN,
        "Diluted NI Availto Com Stockholders": NaN,
        "Net Income Common Stockholders": NaN,
        "Otherunder Preferred Stock Dividend": NaN,
        "Preferred Stock Dividends": NaN,
        "Net Income": NaN,
        "Net Income Including Noncontrolling Interests": NaN,
        "Net Income Continuous Operations": NaN,
        "Tax Provision": NaN,
        "Pretax Income": NaN,
        "Other Income Expense": NaN,
        "Other Non Operating Income Expenses": NaN,
        "Special Income Charges": NaN,
        "Gain On Sale Of Ppe": NaN,
        "Other Special Charges": NaN,
        "Impairment Of Capital Assets": 0.0,
        "Restructuring And Mergern Acquisition": NaN,
        "Net Non Operating Interest Income Expense": NaN,
        "Total Other Finance Cost": NaN,
        "Interest Expense Non Operating": NaN,
        "Operating Income": NaN,
        "Operating Expense": NaN,
        "Depreciation Amortization Depletion Income Statement": NaN,
        "Depreciation And Amortization In Income Statement": NaN,
        "Amortization": NaN,
        "Amortization Of Intangibles Income Statement": NaN,
        "Depreciation Income Statement": NaN,
        "Selling General And Administration": NaN,
        "General And Administrative Expense": NaN,
        "Other Gand A": NaN,
        "Salaries And Wages": -177000.0,
        "Gross Profit": NaN,
        "Cost Of Revenue": NaN,
        "Total Revenue": NaN,
        "Operating Revenue": NaN
    },
    "2024-09-30": {
        "Tax Effect Of Unusual Items": -3974213.050326,
        "Tax Rate For Calcs": 0.29676,
        "Normalized EBITDA": 174632000.0,
        "Total Unusual Items": -13392000.0,
        "Total Unusual Items Excluding Goodwill": -13392000.0,
        "Net Income From Continuing Operation Net Minority Interest": 47776000.0,
        "Reconciled Depreciation": 38861000.0,
        "Reconciled Cost Of Revenue": 317486000.0,
        "EBITDA": 161240000.0,
        "EBIT": 122379000.0,
        "Net Interest Income": -54442000.0,
        "Interest Expense": 54442000.0,
        "Normalized Income": 57193786.949674,
        "Net Income From Continuing And Discontinued Operation": 47776000.0,
        "Total Expenses": 511128000.0,
        "Total Operating Income As Reported": 121780000.0,
        "Diluted Average Shares": 86067000.0,
        "Basic Average Shares": 86067000.0,
        "Diluted EPS": 0.369596,
        "Basic EPS": 0.369596,
        "Diluted NI Availto Com Stockholders": 31810000.0,
        "Net Income Common Stockholders": 31810000.0,
        "Otherunder Preferred Stock Dividend": 1223000.0,
        "Preferred Stock Dividends": 14743000.0,
        "Net Income": 47776000.0,
        "Net Income Including Noncontrolling Interests": 47776000.0,
        "Net Income Continuous Operations": 47776000.0,
        "Tax Provision": 20161000.0,
        "Pretax Income": 67937000.0,
        "Other Income Expense": -12793000.0,
        "Other Non Operating Income Expenses": 599000.0,
        "Special Income Charges": -13392000.0,
        "Gain On Sale Of Ppe": -727000.0,
        "Other Special Charges": NaN,
        "Impairment Of Capital Assets": 0.0,
        "Restructuring And Mergern Acquisition": 12665000.0,
        "Net Non Operating Interest Income Expense": -54442000.0,
        "Total Other Finance Cost": NaN,
        "Interest Expense Non Operating": 54442000.0,
        "Operating Income": 135172000.0,
        "Operating Expense": 193642000.0,
        "Depreciation Amortization Depletion Income Statement": 38861000.0,
        "Depreciation And Amortization In Income Statement": 38861000.0,
        "Amortization": 23050000.0,
        "Amortization Of Intangibles Income Statement": 23050000.0,
        "Depreciation Income Statement": 15811000.0,
        "Selling General And Administration": 154781000.0,
        "General And Administrative Expense": 154781000.0,
        "Other Gand A": 154781000.0,
        "Salaries And Wages": NaN,
        "Gross Profit": 328814000.0,
        "Cost Of Revenue": 317486000.0,
        "Total Revenue": 646300000.0,
        "Operating Revenue": 639024000.0
    },
    "2024-12-31": {
        "Tax Effect Of Unusual Items": 1212669.761472,
        "Tax Rate For Calcs": 0.284064,
        "Normalized EBITDA": 217038000.0,
        "Total Unusual Items": 4269000.0,
        "Total Unusual Items Excluding Goodwill": 4269000.0,
        "Net Income From Continuing Operation Net Minority Interest": 95387000.0,
        "Reconciled Depreciation": 39211000.0,
        "Reconciled Cost Of Revenue": 347648000.0,
        "EBITDA": 221307000.0,
        "EBIT": 182096000.0,
        "Net Interest Income": -48862000.0,
        "Interest Expense": 48862000.0,
        "Normalized Income": 92330669.761472,
        "Net Income From Continuing And Discontinued Operation": 95387000.0,
        "Total Expenses": 541031000.0,
        "Total Operating Income As Reported": 191617000.0,
        "Diluted Average Shares": 86613000.0,
        "Basic Average Shares": 86312000.0,
        "Diluted EPS": 0.92,
        "Basic EPS": 0.924437,
        "Diluted NI Availto Com Stockholders": 79895000.0,
        "Net Income Common Stockholders": 79895000.0,
        "Otherunder Preferred Stock Dividend": 429000.0,
        "Preferred Stock Dividends": 15063000.0,
        "Net Income": 95387000.0,
        "Net Income Including Noncontrolling Interests": 95387000.0,
        "Net Income Continuous Operations": 95387000.0,
        "Tax Provision": 37847000.0,
        "Pretax Income": 133234000.0,
        "Other Income Expense": -5252000.0,
        "Other Non Operating Income Expenses": -9521000.0,
        "Special Income Charges": 4269000.0,
        "Gain On Sale Of Ppe": 19141000.0,
        "Other Special Charges": NaN,
        "Impairment Of Capital Assets": 0.0,
        "Restructuring And Mergern Acquisition": 14872000.0,
        "Net Non Operating Interest Income Expense": -48862000.0,
        "Total Other Finance Cost": NaN,
        "Interest Expense Non Operating": 48862000.0,
        "Operating Income": 187348000.0,
        "Operating Expense": 193383000.0,
        "Depreciation Amortization Depletion Income Statement": 39211000.0,
        "Depreciation And Amortization In Income Statement": 39211000.0,
        "Amortization": 23300000.0,
        "Amortization Of Intangibles Income Statement": 23300000.0,
        "Depreciation Income Statement": 15911000.0,
        "Selling General And Administration": 154172000.0,
        "General And Administrative Expense": 154172000.0,
        "Other Gand A": 154172000.0,
        "Salaries And Wages": NaN,
        "Gross Profit": 380731000.0,
        "Cost Of Revenue": 347648000.0,
        "Total Revenue": 728379000.0,
        "Operating Revenue": 720365000.0
    },
    "2025-03-31": {
        "Tax Effect Of Unusual Items": -853860.0,
        "Tax Rate For Calcs": 0.21,
        "Normalized EBITDA": 69819000.0,
        "Total Unusual Items": -4066000.0,
        "Total Unusual Items Excluding Goodwill": -4066000.0,
        "Net Income From Continuing Operation Net Minority Interest": -3455000.0,
        "Reconciled Depreciation": 38460000.0,
        "Reconciled Cost Of Revenue": 317153000.0,
        "EBITDA": 65753000.0,
        "EBIT": 27293000.0,
        "Net Interest Income": -43750000.0,
        "Interest Expense": 43750000.0,
        "Normalized Income": -242860.0,
        "Net Income From Continuing And Discontinued Operation": -3455000.0,
        "Total Expenses": 492852000.0,
        "Total Operating Income As Reported": 27475000.0,
        "Diluted Average Shares": 86912000.0,
        "Basic Average Shares": 86912000.0,
        "Diluted EPS": -0.22,
        "Basic EPS": -0.22,
        "Diluted NI Availto Com Stockholders": -18843000.0,
        "Net Income Common Stockholders": -18843000.0,
        "Otherunder Preferred Stock Dividend": NaN,
        "Preferred Stock Dividends": 15388000.0,
        "Net Income": -3455000.0,
        "Net Income Including Noncontrolling Interests": -3455000.0,
        "Net Income Continuous Operations": -3455000.0,
        "Tax Provision": -13002000.0,
        "Pretax Income": -16457000.0,
        "Other Income Expense": -4248000.0,
        "Other Non Operating Income Expenses": -182000.0,
        "Special Income Charges": -4066000.0,
        "Gain On Sale Of Ppe": 78000.0,
        "Other Special Charges": NaN,
        "Impairment Of Capital Assets": NaN,
        "Restructuring And Mergern Acquisition": 4144000.0,
        "Net Non Operating Interest Income Expense": -43750000.0,
        "Total Other Finance Cost": NaN,
        "Interest Expense Non Operating": 43750000.0,
        "Operating Income": 31541000.0,
        "Operating Expense": 175699000.0,
        "Depreciation Amortization Depletion Income Statement": 38460000.0,
        "Depreciation And Amortization In Income Statement": 38460000.0,
        "Amortization": 23556000.0,
        "Amortization Of Intangibles Income Statement": 23556000.0,
        "Depreciation Income Statement": 14904000.0,
        "Selling General And Administration": 137239000.0,
        "General And Administrative Expense": 137239000.0,
        "Other Gand A": 137239000.0,
        "Salaries And Wages": NaN,
        "Gross Profit": 207240000.0,
        "Cost Of Revenue": 317153000.0,
        "Total Revenue": 524393000.0,
        "Operating Revenue": 514774000.0
    },
    "2025-06-30": {
        "Tax Effect Of Unusual Items": 5843250.0,
        "Tax Rate For Calcs": 0.21,
        "Normalized EBITDA": 42914000.0,
        "Total Unusual Items": 27825000.0,
        "Total Unusual Items Excluding Goodwill": 27825000.0,
        "Net Income From Continuing Operation Net Minority Interest": -35962000.0,
        "Reconciled Depreciation": 37198000.0,
        "Reconciled Cost Of Revenue": 313689000.0,
        "EBITDA": 70739000.0,
        "EBIT": 33541000.0,
        "Net Interest Income": -96724000.0,
        "Interest Expense": 58653000.0,
        "Normalized Income": -57943750.0,
        "Net Income From Continuing And Discontinued Operation": -35962000.0,
        "Total Expenses": 494273000.0,
        "Total Operating Income As Reported": 76604000.0,
        "Diluted Average Shares": 87925000.0,
        "Basic Average Shares": 87925000.0,
        "Diluted EPS": -0.59,
        "Basic EPS": -0.59,
        "Diluted NI Availto Com Stockholders": -51684000.0,
        "Net Income Common Stockholders": -51684000.0,
        "Otherunder Preferred Stock Dividend": NaN,
        "Preferred Stock Dividends": 15722000.0,
        "Net Income": -35962000.0,
        "Net Income Including Noncontrolling Interests": -35962000.0,
        "Net Income Continuous Operations": -35962000.0,
        "Tax Provision": 10850000.0,
        "Pretax Income": -25112000.0,
        "Other Income Expense": 25805000.0,
        "Other Non Operating Income Expenses": -2020000.0,
        "Special Income Charges": 27825000.0,
        "Gain On Sale Of Ppe": 31410000.0,
        "Other Special Charges": 2972000.0,
        "Impairment Of Capital Assets": NaN,
        "Restructuring And Mergern Acquisition": 613000.0,
        "Net Non Operating Interest Income Expense": -96724000.0,
        "Total Other Finance Cost": 38071000.0,
        "Interest Expense Non Operating": 58653000.0,
        "Operating Income": 45807000.0,
        "Operating Expense": 180584000.0,
        "Depreciation Amortization Depletion Income Statement": 37198000.0,
        "Depreciation And Amortization In Income Statement": 37198000.0,
        "Amortization": 22555000.0,
        "Amortization Of Intangibles Income Statement": 22555000.0,
        "Depreciation Income Statement": 14643000.0,
        "Selling General And Administration": 143386000.0,
        "General And Administrative Expense": 143386000.0,
        "Other Gand A": 143386000.0,
        "Salaries And Wages": NaN,
        "Gross Profit": 226391000.0,
        "Cost Of Revenue": 313689000.0,
        "Total Revenue": 540080000.0,
        "Operating Revenue": 530934000.0
    },
    "2025-09-30": {
        "Tax Effect Of Unusual Items": -1126269.072525,
        "Tax Rate For Calcs": 0.113696,
        "Normalized EBITDA": 69146000.0,
        "Total Unusual Items": -9906000.0,
        "Total Unusual Items Excluding Goodwill": -9906000.0,
        "Net Income From Continuing Operation Net Minority Interest": -32959000.0,
        "Reconciled Depreciation": 37208000.0,
        "Reconciled Cost Of Revenue": 311313000.0,
        "EBITDA": 59240000.0,
        "EBIT": 22032000.0,
        "Net Interest Income": -65685000.0,
        "Interest Expense": 59219000.0,
        "Normalized Income": -24179269.072525,
        "Net Income From Continuing And Discontinued Operation": -32959000.0,
        "Total Expenses": 485947000.0,
        "Total Operating Income As Reported": 37623000.0,
        "Diluted Average Shares": 88461000.0,
        "Basic Average Shares": 88461000.0,
        "Diluted EPS": -0.554154,
        "Basic EPS": -0.554154,
        "Diluted NI Availto Com Stockholders": -49021000.0,
        "Net Income Common Stockholders": -49021000.0,
        "Otherunder Preferred Stock Dividend": 0.0,
        "Preferred Stock Dividends": 16062000.0,
        "Net Income": -32959000.0,
        "Net Income Including Noncontrolling Interests": -32959000.0,
        "Net Income Continuous Operations": -32959000.0,
        "Tax Provision": -4228000.0,
        "Pretax Income": -37187000.0,
        "Other Income Expense": -11409000.0,
        "Other Non Operating Income Expenses": -1503000.0,
        "Special Income Charges": -9906000.0,
        "Gain On Sale Of Ppe": 434000.0,
        "Other Special Charges": 7622000.0,
        "Impairment Of Capital Assets": NaN,
        "Restructuring And Mergern Acquisition": 2718000.0,
        "Net Non Operating Interest Income Expense": -65685000.0,
        "Total Other Finance Cost": 6466000.0,
        "Interest Expense Non Operating": 59219000.0,
        "Operating Income": 39907000.0,
        "Operating Expense": 174634000.0,
        "Depreciation Amortization Depletion Income Statement": 37208000.0,
        "Depreciation And Amortization In Income Statement": 37208000.0,
        "Amortization": 22528000.0,
        "Amortization Of Intangibles Income Statement": 22528000.0,
        "Depreciation Income Statement": 14680000.0,
        "Selling General And Administration": 137426000.0,
        "General And Administrative Expense": 137426000.0,
        "Other Gand A": 137426000.0,
        "Salaries And Wages": NaN,
        "Gross Profit": 214541000.0,
        "Cost Of Revenue": 311313000.0,
        "Total Revenue": 525854000.0,
        "Operating Revenue": 517252000.0
    }
}