{
    "2023-03-31": {
        "Tax Effect Of Unusual Items": NaN,
        "Tax Rate For Calcs": NaN,
        "Normalized EBITDA": NaN,
        "Total Unusual Items": NaN,
        "Total Unusual Items Excluding Goodwill": NaN,
        "Net Income From Continuing Operation Net Minority Interest": NaN,
        "Reconciled Depreciation": NaN,
        "Reconciled Cost Of Revenue": NaN,
        "EBITDA": NaN,
        "EBIT": NaN,
        "Net Interest Income": NaN,
        "Interest Expense": NaN,
        "Interest Income": NaN,
        "Normalized Income": NaN,
        "Net Income From Continuing And Discontinued Operation": NaN,
        "Total Expenses": NaN,
        "Total Operating Income As Reported": NaN,
        "Diluted Average Shares": NaN,
        "Basic Average Shares": NaN,
        "Diluted EPS": NaN,
        "Basic EPS": NaN,
        "Diluted NI Availto Com Stockholders": NaN,
        "Net Income Common Stockholders": NaN,
        "Net Income": NaN,
        "Net Income Including Noncontrolling Interests": NaN,
        "Net Income Continuous Operations": NaN,
        "Tax Provision": NaN,
        "Pretax Income": NaN,
        "Other Income Expense": NaN,
        "Other Non Operating Income Expenses": 165000.0,
        "Special Income Charges": NaN,
        "Restructuring And Mergern Acquisition": NaN,
        "Gain On Sale Of Security": NaN,
        "Net Non Operating Interest Income Expense": NaN,
        "Interest Expense Non Operating": NaN,
        "Interest Income Non Operating": NaN,
        "Operating Income": NaN,
        "Operating Expense": NaN,
        "Research And Development": NaN,
        "Selling General And Administration": NaN,
        "Selling And Marketing Expense": NaN,
        "General And Administrative Expense": NaN,
        "Other Gand A": NaN,
        "Gross Profit": NaN,
        "Cost Of Revenue": NaN,
        "Total Revenue": NaN,
        "Operating Revenue": NaN
    },
    "2022-12-31": {
        "Tax Effect Of Unusual Items": NaN,
        "Tax Rate For Calcs": NaN,
        "Normalized EBITDA": NaN,
        "Total Unusual Items": NaN,
        "Total Unusual Items Excluding Goodwill": NaN,
        "Net Income From Continuing Operation Net Minority Interest": NaN,
        "Reconciled Depreciation": NaN,
        "Reconciled Cost Of Revenue": NaN,
        "EBITDA": NaN,
        "EBIT": NaN,
        "Net Interest Income": NaN,
        "Interest Expense": NaN,
        "Interest Income": NaN,
        "Normalized Income": NaN,
        "Net Income From Continuing And Discontinued Operation": NaN,
        "Total Expenses": NaN,
        "Total Operating Income As Reported": NaN,
        "Diluted Average Shares": NaN,
        "Basic Average Shares": NaN,
        "Diluted EPS": NaN,
        "Basic EPS": NaN,
        "Diluted NI Availto Com Stockholders": NaN,
        "Net Income Common Stockholders": NaN,
        "Net Income": NaN,
        "Net Income Including Noncontrolling Interests": NaN,
        "Net Income Continuous Operations": NaN,
        "Tax Provision": NaN,
        "Pretax Income": NaN,
        "Other Income Expense": NaN,
        "Other Non Operating Income Expenses": 14000.0,
        "Special Income Charges": NaN,
        "Restructuring And Mergern Acquisition": NaN,
        "Gain On Sale Of Security": NaN,
        "Net Non Operating Interest Income Expense": NaN,
        "Interest Expense Non Operating": NaN,
        "Interest Income Non Operating": NaN,
        "Operating Income": NaN,
        "Operating Expense": NaN,
        "Research And Development": NaN,
        "Selling General And Administration": NaN,
        "Selling And Marketing Expense": NaN,
        "General And Administrative Expense": NaN,
        "Other Gand A": NaN,
        "Gross Profit": NaN,
        "Cost Of Revenue": NaN,
        "Total Revenue": NaN,
        "Operating Revenue": NaN
    },
    "2022-09-30": {
        "Tax Effect Of Unusual Items": NaN,
        "Tax Rate For Calcs": NaN,
        "Normalized EBITDA": NaN,
        "Total Unusual Items": NaN,
        "Total Unusual Items Excluding Goodwill": NaN,
        "Net Income From Continuing Operation Net Minority Interest": NaN,
        "Reconciled Depreciation": NaN,
        "Reconciled Cost Of Revenue": NaN,
        "EBITDA": NaN,
        "EBIT": NaN,
        "Net Interest Income": NaN,
        "Interest Expense": NaN,
        "Interest Income": NaN,
        "Normalized Income": NaN,
        "Net Income From Continuing And Discontinued Operation": NaN,
        "Total Expenses": NaN,
        "Total Operating Income As Reported": NaN,
        "Diluted Average Shares": NaN,
        "Basic Average Shares": NaN,
        "Diluted EPS": NaN,
        "Basic EPS": NaN,
        "Diluted NI Availto Com Stockholders": NaN,
        "Net Income Common Stockholders": NaN,
        "Net Income": NaN,
        "Net Income Including Noncontrolling Interests": NaN,
        "Net Income Continuous Operations": NaN,
        "Tax Provision": NaN,
        "Pretax Income": NaN,
        "Other Income Expense": NaN,
        "Other Non Operating Income Expenses": 9000.0,
        "Special Income Charges": 0.0,
        "Restructuring And Mergern Acquisition": 0.0,
        "Gain On Sale Of Security": NaN,
        "Net Non Operating Interest Income Expense": NaN,
        "Interest Expense Non Operating": NaN,
        "Interest Income Non Operating": NaN,
        "Operating Income": NaN,
        "Operating Expense": NaN,
        "Research And Development": NaN,
        "Selling General And Administration": NaN,
        "Selling And Marketing Expense": NaN,
        "General And Administrative Expense": NaN,
        "Other Gand A": NaN,
        "Gross Profit": NaN,
        "Cost Of Revenue": NaN,
        "Total Revenue": NaN,
        "Operating Revenue": NaN
    },
    "2022-06-30": {
        "Tax Effect Of Unusual Items": -359280.0,
        "Tax Rate For Calcs": 0.144,
        "Normalized EBITDA": 41923000.0,
        "Total Unusual Items": -2495000.0,
        "Total Unusual Items Excluding Goodwill": -2495000.0,
        "Net Income From Continuing Operation Net Minority Interest": 19445000.0,
        "Reconciled Depreciation": 16510000.0,
        "Reconciled Cost Of Revenue": 77019000.0,
        "EBITDA": 39428000.0,
        "EBIT": 22918000.0,
        "Net Interest Income": -205000.0,
        "Interest Expense": 205000.0,
        "Interest Income": NaN,
        "Normalized Income": 21580720.0,
        "Net Income From Continuing And Discontinued Operation": 19445000.0,
        "Total Expenses": 181498000.0,
        "Total Operating Income As Reported": 25374000.0,
        "Diluted Average Shares": 36578000.0,
        "Basic Average Shares": 36123000.0,
        "Diluted EPS": 0.53,
        "Basic EPS": 0.54,
        "Diluted NI Availto Com Stockholders": 19445000.0,
        "Net Income Common Stockholders": 19445000.0,
        "Net Income": 19445000.0,
        "Net Income Including Noncontrolling Interests": 19445000.0,
        "Net Income Continuous Operations": 19445000.0,
        "Tax Provision": 3268000.0,
        "Pretax Income": 22713000.0,
        "Other Income Expense": -2456000.0,
        "Other Non Operating Income Expenses": 39000.0,
        "Special Income Charges": NaN,
        "Impairment Of Capital Assets": NaN,
        "Restructuring And Mergern Acquisition": NaN,
        "Gain On Sale Of Security": -2495000.0,
        "Net Non Operating Interest Income Expense": -205000.0,
        "Interest Expense Non Operating": 205000.0,
        "Interest Income Non Operating": NaN,
        "Operating Income": 25374000.0,
        "Operating Expense": 104479000.0,
        "Research And Development": 17162000.0,
        "Selling General And Administration": 87317000.0,
        "Selling And Marketing Expense": 54229000.0,
        "General And Administrative Expense": 33088000.0,
        "Other Gand A": 33088000.0,
        "Gross Profit": 129853000.0,
        "Cost Of Revenue": 77019000.0,
        "Total Revenue": 206872000.0,
        "Operating Revenue": 206872000.0
    },
    "2023-06-30": {
        "Tax Effect Of Unusual Items": NaN,
        "Tax Rate For Calcs": NaN,
        "Normalized EBITDA": NaN,
        "Total Unusual Items": NaN,
        "Total Unusual Items Excluding Goodwill": NaN,
        "Net Income From Continuing Operation Net Minority Interest": NaN,
        "Reconciled Depreciation": NaN,
        "Reconciled Cost Of Revenue": NaN,
        "EBITDA": NaN,
        "EBIT": NaN,
        "Net Interest Income": NaN,
        "Interest Expense": NaN,
        "Interest Income": 668000.0,
        "Normalized Income": NaN,
        "Net Income From Continuing And Discontinued Operation": NaN,
        "Total Expenses": NaN,
        "Total Operating Income As Reported": NaN,
        "Diluted Average Shares": NaN,
        "Basic Average Shares": NaN,
        "Diluted EPS": NaN,
        "Basic EPS": NaN,
        "Diluted NI Availto Com Stockholders": NaN,
        "Net Income Common Stockholders": NaN,
        "Net Income": NaN,
        "Net Income Including Noncontrolling Interests": NaN,
        "Net Income Continuous Operations": NaN,
        "Tax Provision": NaN,
        "Pretax Income": NaN,
        "Other Income Expense": NaN,
        "Special Income Charges": 41940000.0,
        "Restructuring And Mergern Acquisition": -41940000.0,
        "Gain On Sale Of Security": NaN,
        "Net Non Operating Interest Income Expense": NaN,
        "Interest Expense Non Operating": NaN,
        "Interest Income Non Operating": 668000.0,
        "Operating Income": NaN,
        "Operating Expense": NaN,
        "Research And Development": NaN,
        "Selling General And Administration": NaN,
        "Selling And Marketing Expense": NaN,
        "General And Administrative Expense": NaN,
        "Other Gand A": NaN,
        "Gross Profit": NaN,
        "Cost Of Revenue": NaN,
        "Total Revenue": NaN,
        "Operating Revenue": NaN
    },
    "2022-03-31": {
        "Diluted EPS": 0.71,
        "Total Revenue": 199,
        "Gross Profit": 130,
        "Operating Income": 32,
        "EBIT": 47,
        "Net Income": 27
    },
    "2021-12-31": {
        "Diluted EPS": 0.45,
        "Total Revenue": 206,
        "Gross Profit": 127,
        "Operating Income": 15,
        "EBIT": 30,
        "Net Income": 17
    },
    "2021-09-30": {
        "Diluted EPS": 0.43,
        "Total Revenue": 194,
        "Gross Profit": 125,
        "Operating Income": 22,
        "EBIT": 36,
        "Net Income": 16
    },
    "2021-06-30": {
        "Diluted EPS": 0.79,
        "Total Revenue": 190,
        "Gross Profit": 122,
        "Operating Income": 33,
        "EBIT": 43,
        "Net Income": 29
    },
    "2021-03-31": {
        "Diluted EPS": 0.79,
        "Total Revenue": 183,
        "Gross Profit": 121,
        "Operating Income": 38,
        "EBIT": 48,
        "Net Income": 30
    },
    "2020-12-31": {
        "Diluted EPS": 0.7,
        "Total Revenue": 181,
        "Gross Profit": 115,
        "Operating Income": 28,
        "EBIT": 38,
        "Net Income": 26
    },
    "2020-09-30": {
        "Diluted EPS": 0.62,
        "Total Revenue": 165,
        "Gross Profit": 105,
        "Operating Income": 29,
        "EBIT": 39,
        "Net Income": 23
    },
    "2020-06-30": {
        "Diluted EPS": 0.53,
        "Total Revenue": 159,
        "Gross Profit": 95,
        "Operating Income": 23,
        "EBIT": 33,
        "Net Income": 19
    },
    "2020-03-31": {
        "Diluted EPS": 0.12,
        "Total Revenue": 161,
        "Gross Profit": 92,
        "Operating Income": 6,
        "EBIT": 16,
        "Net Income": 4
    },
    "2019-12-31": {
        "Diluted EPS": 0.13,
        "Total Revenue": 166,
        "Gross Profit": 95,
        "Operating Income": 6,
        "EBIT": 18,
        "Net Income": 4
    },
    "2019-09-30": {
        "Diluted EPS": 0.14,
        "Total Revenue": 159,
        "Gross Profit": 90,
        "Operating Income": 3,
        "EBIT": 15,
        "Net Income": 5
    },
    "2019-06-30": {
        "Diluted EPS": 0.09,
        "Total Revenue": 162,
        "Gross Profit": 93,
        "Operating Income": 3,
        "EBIT": 16,
        "Net Income": 3
    },
    "2019-03-31": {
        "Diluted EPS": 0.21,
        "Total Revenue": 163,
        "Gross Profit": 94,
        "Operating Income": 8,
        "EBIT": 20,
        "Net Income": 8
    },
    "2018-12-31": {
        "Diluted EPS": 0.42,
        "Total Revenue": 162,
        "Gross Profit": 93,
        "Operating Income": 16,
        "EBIT": 27,
        "Net Income": 15
    },
    "2018-09-30": {
        "Diluted EPS": 0.21,
        "Total Revenue": 152,
        "Gross Profit": 85,
        "Operating Income": 7,
        "EBIT": 18,
        "Net Income": 7
    },
    "2018-06-30": {
        "Diluted EPS": -0.01,
        "Total Revenue": 157,
        "Gross Profit": 89,
        "Operating Income": 6,
        "EBIT": 17,
        "Net Income": 0
    },
    "2018-03-31": {
        "Diluted EPS": 0.92,
        "Total Revenue": 153,
        "Gross Profit": 89,
        "Operating Income": 4,
        "EBIT": 15,
        "Net Income": 33
    },
    "2017-12-31": {
        "Diluted EPS": 0.05,
        "Total Revenue": 152,
        "Gross Profit": 87,
        "Operating Income": 7,
        "EBIT": 18,
        "Net Income": 2
    },
    "2017-09-30": {
        "Diluted EPS": 0.14,
        "Total Revenue": 141,
        "Gross Profit": 82,
        "Operating Income": 6,
        "EBIT": 16,
        "Net Income": 5
    },
    "2017-06-30": {
        "Diluted EPS": 0.09,
        "Total Revenue": 134,
        "Gross Profit": 77,
        "Operating Income": 3,
        "EBIT": 11,
        "Net Income": 3
    },
    "2017-03-31": {
        "Diluted EPS": 0.19,
        "Total Revenue": 130,
        "Gross Profit": 78,
        "Operating Income": 10,
        "EBIT": 17,
        "Net Income": 7
    },
    "2016-12-31": {
        "Diluted EPS": 0.28,
        "Total Revenue": 130,
        "Gross Profit": 78,
        "Operating Income": 13,
        "EBIT": 19,
        "Net Income": 10
    },
    "2016-09-30": {
        "Diluted EPS": 0.26,
        "Total Revenue": 123,
        "Gross Profit": 73,
        "Operating Income": 11,
        "EBIT": 16,
        "Net Income": 9
    },
    "2016-06-30": {
        "Diluted EPS": 0.2,
        "Total Revenue": 124,
        "Gross Profit": 72,
        "Operating Income": 10,
        "EBIT": 15,
        "Net Income": 7
    },
    "2016-03-31": {
        "Diluted EPS": 0.17,
        "Total Revenue": 117,
        "Gross Profit": 69,
        "Operating Income": 11,
        "EBIT": 15,
        "Net Income": 6
    },
    "2015-12-31": {
        "Diluted EPS": 0.19,
        "Total Revenue": 116,
        "Gross Profit": 68,
        "Operating Income": 15,
        "EBIT": 20,
        "Net Income": 7
    },
    "2015-09-30": {
        "Diluted EPS": 0.11,
        "Total Revenue": 107,
        "Gross Profit": 63,
        "Operating Income": 8,
        "EBIT": 12,
        "Net Income": 4
    },
    "2015-06-30": {
        "Diluted EPS": 0.15,
        "Total Revenue": 104,
        "Gross Profit": 62,
        "Operating Income": 10,
        "EBIT": 13,
        "Net Income": 5
    },
    "2015-03-31": {
        "Diluted EPS": 0.09,
        "Total Revenue": 98,
        "Gross Profit": 58,
        "Operating Income": 8,
        "EBIT": 11,
        "Net Income": 3
    },
    "2014-12-31": {
        "Diluted EPS": 0.18,
        "Total Revenue": 91,
        "Gross Profit": 56,
        "Operating Income": 12,
        "EBIT": 15,
        "Net Income": 7
    },
    "2014-09-30": {
        "Diluted EPS": 0.15,
        "Total Revenue": 84,
        "Gross Profit": 50,
        "Operating Income": 9,
        "EBIT": 11,
        "Net Income": 5
    },
    "2014-06-30": {
        "Diluted EPS": 0.14,
        "Total Revenue": 80,
        "Gross Profit": 48,
        "Operating Income": 8,
        "EBIT": 10,
        "Net Income": 5
    },
    "2014-03-31": {
        "Diluted EPS": 0.14,
        "Total Revenue": 73,
        "Gross Profit": 44,
        "Operating Income": 9,
        "EBIT": 11,
        "Net Income": 5
    },
    "2013-12-31": {
        "Diluted EPS": 0.23,
        "Total Revenue": 68,
        "Gross Profit": 42,
        "Operating Income": 12,
        "EBIT": 14,
        "Net Income": 8
    },
    "2013-09-30": {
        "Diluted EPS": 0.18,
        "Total Revenue": 60,
        "Gross Profit": 37,
        "Operating Income": 10,
        "EBIT": 11,
        "Net Income": 6
    },
    "2013-06-30": {
        "Diluted EPS": 0.2,
        "Total Revenue": 57,
        "Gross Profit": 35,
        "Operating Income": 11,
        "EBIT": 12,
        "Net Income": 7
    },
    "2013-03-31": {
        "Diluted EPS": 0.16,
        "Total Revenue": 51,
        "Gross Profit": 31,
        "Operating Income": 10,
        "EBIT": 11,
        "Net Income": 6
    },
    "2012-12-31": {
        "Diluted EPS": 1.13,
        "Total Revenue": 49,
        "Gross Profit": 30,
        "Operating Income": 3,
        "EBIT": 4,
        "Net Income": 29
    },
    "2012-09-30": {
        "Diluted EPS": 0.31,
        "Total Revenue": 42,
        "Gross Profit": 26,
        "Operating Income": 9,
        "EBIT": 10,
        "Net Income": 7
    },
    "2012-06-30": {
        "Diluted EPS": 0.22,
        "Total Revenue": 41,
        "Gross Profit": 25,
        "Operating Income": 6,
        "EBIT": 7,
        "Net Income": 5
    },
    "2012-03-31": {
        "Diluted EPS": 0.13,
        "Total Revenue": 38,
        "Gross Profit": 23,
        "Operating Income": 4,
        "EBIT": 4,
        "Net Income": 3
    },
    "2011-12-31": {
        "Diluted EPS": 0.0,
        "Total Revenue": NaN,
        "Gross Profit": NaN,
        "Operating Income": NaN,
        "EBIT": NaN,
        "Net Income": NaN
    },
    "2011-09-30": {
        "Diluted EPS": 0.2,
        "Total Revenue": 31,
        "Gross Profit": 20,
        "Operating Income": 6,
        "EBIT": 6,
        "Net Income": 4
    },
    "2010-12-31": {
        "Diluted EPS": 0.0,
        "Total Revenue": NaN,
        "Gross Profit": NaN,
        "Operating Income": NaN,
        "EBIT": NaN,
        "Net Income": NaN
    },
    "2023-09-30": {
        "Tax Effect Of Unusual Items": NaN,
        "Tax Rate For Calcs": NaN,
        "Normalized EBITDA": NaN,
        "Total Unusual Items": NaN,
        "Total Unusual Items Excluding Goodwill": NaN,
        "Net Income From Continuing Operation Net Minority Interest": NaN,
        "Reconciled Depreciation": NaN,
        "Reconciled Cost Of Revenue": NaN,
        "EBITDA": NaN,
        "EBIT": NaN,
        "Net Interest Income": NaN,
        "Interest Expense": NaN,
        "Interest Income": NaN,
        "Normalized Income": NaN,
        "Net Income From Continuing And Discontinued Operation": NaN,
        "Total Expenses": NaN,
        "Total Operating Income As Reported": NaN,
        "Diluted Average Shares": NaN,
        "Basic Average Shares": NaN,
        "Diluted EPS": NaN,
        "Basic EPS": NaN,
        "Diluted NI Availto Com Stockholders": NaN,
        "Net Income Common Stockholders": NaN,
        "Net Income": NaN,
        "Net Income Including Noncontrolling Interests": NaN,
        "Net Income Continuous Operations": NaN,
        "Tax Provision": NaN,
        "Pretax Income": NaN,
        "Other Income Expense": NaN,
        "Special Income Charges": 9864000.0,
        "Restructuring And Mergern Acquisition": -9864000.0,
        "Gain On Sale Of Security": NaN,
        "Net Non Operating Interest Income Expense": NaN,
        "Interest Expense Non Operating": NaN,
        "Interest Income Non Operating": NaN,
        "Operating Income": NaN,
        "Operating Expense": NaN,
        "Depreciation Amortization Depletion Income Statement": NaN,
        "Depreciation And Amortization In Income Statement": NaN,
        "Research And Development": NaN,
        "Selling General And Administration": NaN,
        "Selling And Marketing Expense": NaN,
        "General And Administrative Expense": NaN,
        "Other Gand A": NaN,
        "Gross Profit": NaN,
        "Cost Of Revenue": NaN,
        "Total Revenue": NaN,
        "Operating Revenue": NaN
    },
    "2023-12-31": {
        "Tax Effect Of Unusual Items": NaN,
        "Tax Rate For Calcs": NaN,
        "Normalized EBITDA": NaN,
        "Total Unusual Items": NaN,
        "Total Unusual Items Excluding Goodwill": NaN,
        "Net Income From Continuing Operation Net Minority Interest": NaN,
        "Reconciled Depreciation": NaN,
        "Reconciled Cost Of Revenue": NaN,
        "EBITDA": NaN,
        "EBIT": NaN,
        "Net Interest Income": NaN,
        "Interest Expense": NaN,
        "Interest Income": NaN,
        "Normalized Income": NaN,
        "Net Income From Continuing And Discontinued Operation": NaN,
        "Total Expenses": NaN,
        "Total Operating Income As Reported": NaN,
        "Diluted Average Shares": NaN,
        "Basic Average Shares": NaN,
        "Diluted EPS": NaN,
        "Basic EPS": NaN,
        "Diluted NI Availto Com Stockholders": NaN,
        "Net Income Common Stockholders": NaN,
        "Net Income": NaN,
        "Net Income Including Noncontrolling Interests": NaN,
        "Net Income Continuous Operations": NaN,
        "Tax Provision": NaN,
        "Pretax Income": NaN,
        "Other Income Expense": NaN,
        "Special Income Charges": -1543000.0,
        "Write Off": NaN,
        "Restructuring And Mergern Acquisition": 1543000.0,
        "Gain On Sale Of Security": NaN,
        "Net Non Operating Interest Income Expense": NaN,
        "Interest Expense Non Operating": NaN,
        "Interest Income Non Operating": NaN,
        "Operating Income": NaN,
        "Operating Expense": NaN,
        "Depreciation Amortization Depletion Income Statement": NaN,
        "Depreciation And Amortization In Income Statement": NaN,
        "Research And Development": NaN,
        "Selling General And Administration": NaN,
        "Selling And Marketing Expense": NaN,
        "General And Administrative Expense": NaN,
        "Other Gand A": NaN,
        "Gross Profit": NaN,
        "Cost Of Revenue": NaN,
        "Total Revenue": NaN,
        "Operating Revenue": NaN
    },
    "2024-03-31": {
        "Tax Effect Of Unusual Items": NaN,
        "Tax Rate For Calcs": NaN,
        "Normalized EBITDA": NaN,
        "Total Unusual Items": NaN,
        "Total Unusual Items Excluding Goodwill": NaN,
        "Net Income From Continuing Operation Net Minority Interest": NaN,
        "Reconciled Depreciation": NaN,
        "Reconciled Cost Of Revenue": NaN,
        "EBITDA": NaN,
        "EBIT": NaN,
        "Net Interest Income": NaN,
        "Interest Expense": NaN,
        "Interest Income": NaN,
        "Normalized Income": NaN,
        "Net Income From Continuing And Discontinued Operation": NaN,
        "Total Expenses": NaN,
        "Total Operating Income As Reported": NaN,
        "Diluted Average Shares": NaN,
        "Basic Average Shares": NaN,
        "Diluted EPS": NaN,
        "Basic EPS": NaN,
        "Diluted NI Availto Com Stockholders": NaN,
        "Net Income Common Stockholders": NaN,
        "Net Income": NaN,
        "Net Income Including Noncontrolling Interests": NaN,
        "Net Income Continuous Operations": NaN,
        "Tax Provision": NaN,
        "Pretax Income": NaN,
        "Other Income Expense": NaN,
        "Special Income Charges": NaN,
        "Write Off": NaN,
        "Restructuring And Mergern Acquisition": NaN,
        "Gain On Sale Of Security": NaN,
        "Net Non Operating Interest Income Expense": NaN,
        "Interest Expense Non Operating": NaN,
        "Interest Income Non Operating": NaN,
        "Operating Income": NaN,
        "Operating Expense": NaN,
        "Depreciation Amortization Depletion Income Statement": 1389000.0,
        "Depreciation And Amortization In Income Statement": 1389000.0,
        "Research And Development": NaN,
        "Selling General And Administration": NaN,
        "Selling And Marketing Expense": NaN,
        "General And Administrative Expense": NaN,
        "Other Gand A": NaN,
        "Gross Profit": NaN,
        "Cost Of Revenue": NaN,
        "Total Revenue": NaN,
        "Operating Revenue": NaN
    },
    "2024-06-30": {
        "Tax Effect Of Unusual Items": NaN,
        "Tax Rate For Calcs": NaN,
        "Normalized EBITDA": NaN,
        "Total Unusual Items": NaN,
        "Total Unusual Items Excluding Goodwill": NaN,
        "Net Income From Continuing Operation Net Minority Interest": NaN,
        "Reconciled Depreciation": NaN,
        "Reconciled Cost Of Revenue": NaN,
        "EBITDA": NaN,
        "EBIT": NaN,
        "Net Interest Income": NaN,
        "Interest Expense": NaN,
        "Interest Income": NaN,
        "Normalized Income": NaN,
        "Net Income From Continuing And Discontinued Operation": NaN,
        "Total Expenses": NaN,
        "Total Operating Income As Reported": NaN,
        "Diluted Average Shares": NaN,
        "Basic Average Shares": NaN,
        "Diluted EPS": NaN,
        "Basic EPS": NaN,
        "Diluted NI Availto Com Stockholders": NaN,
        "Net Income Common Stockholders": NaN,
        "Net Income": NaN,
        "Net Income Including Noncontrolling Interests": NaN,
        "Net Income Continuous Operations": NaN,
        "Tax Provision": NaN,
        "Pretax Income": NaN,
        "Other Income Expense": NaN,
        "Special Income Charges": 0.0,
        "Write Off": 0.0,
        "Restructuring And Mergern Acquisition": 0.0,
        "Gain On Sale Of Security": NaN,
        "Net Non Operating Interest Income Expense": NaN,
        "Interest Expense Non Operating": NaN,
        "Interest Income Non Operating": NaN,
        "Operating Income": NaN,
        "Operating Expense": NaN,
        "Depreciation Amortization Depletion Income Statement": 1346000.0,
        "Depreciation And Amortization In Income Statement": 1346000.0,
        "Research And Development": NaN,
        "Selling General And Administration": NaN,
        "Selling And Marketing Expense": NaN,
        "General And Administrative Expense": NaN,
        "Other Gand A": NaN,
        "Gross Profit": NaN,
        "Cost Of Revenue": NaN,
        "Total Revenue": NaN,
        "Operating Revenue": NaN
    },
    "2024-09-30": {
        "Tax Effect Of Unusual Items": 248850.0,
        "Tax Rate For Calcs": 0.21,
        "Normalized EBITDA": 42436000.0,
        "Total Unusual Items": 1185000.0,
        "Total Unusual Items Excluding Goodwill": 1185000.0,
        "Net Income From Continuing Operation Net Minority Interest": 17615000.0,
        "Reconciled Depreciation": 21643000.0,
        "Reconciled Cost Of Revenue": 104405000.0,
        "EBITDA": 43621000.0,
        "EBIT": 21978000.0,
        "Net Interest Income": -1807000.0,
        "Interest Expense": 4451000.0,
        "Interest Income": 2644000.0,
        "Normalized Income": 16678850.0,
        "Net Income From Continuing And Discontinued Operation": 17615000.0,
        "Total Expenses": 232439000.0,
        "Total Operating Income As Reported": 18149000.0,
        "Diluted Average Shares": 35472000.0,
        "Basic Average Shares": 35174000.0,
        "Diluted EPS": 0.5,
        "Basic EPS": 0.5,
        "Diluted NI Availto Com Stockholders": 17615000.0,
        "Net Income Common Stockholders": 17615000.0,
        "Net Income": 17615000.0,
        "Net Income Including Noncontrolling Interests": 17615000.0,
        "Net Income Continuous Operations": 17615000.0,
        "Tax Provision": -88000.0,
        "Pretax Income": 17527000.0,
        "Other Income Expense": 1185000.0,
        "Special Income Charges": 0.0,
        "Write Off": NaN,
        "Restructuring And Mergern Acquisition": 0.0,
        "Gain On Sale Of Security": 1185000.0,
        "Net Non Operating Interest Income Expense": -1807000.0,
        "Interest Expense Non Operating": 4451000.0,
        "Interest Income Non Operating": 2644000.0,
        "Operating Income": 18149000.0,
        "Operating Expense": 128034000.0,
        "Depreciation Amortization Depletion Income Statement": NaN,
        "Depreciation And Amortization In Income Statement": NaN,
        "Research And Development": 28610000.0,
        "Selling General And Administration": 99424000.0,
        "Selling And Marketing Expense": 55403000.0,
        "General And Administrative Expense": 44021000.0,
        "Other Gand A": 44021000.0,
        "Gross Profit": 146183000.0,
        "Cost Of Revenue": 104405000.0,
        "Total Revenue": 250588000.0,
        "Operating Revenue": 250588000.0
    },
    "2024-12-31": {
        "Tax Effect Of Unusual Items": -242760.0,
        "Tax Rate For Calcs": 0.21,
        "Normalized EBITDA": 37501000.0,
        "Total Unusual Items": -1156000.0,
        "Total Unusual Items Excluding Goodwill": -1156000.0,
        "Net Income From Continuing Operation Net Minority Interest": -1429000.0,
        "Reconciled Depreciation": 23287000.0,
        "Reconciled Cost Of Revenue": 112434000.0,
        "EBITDA": 36345000.0,
        "EBIT": 13058000.0,
        "Net Interest Income": -3920000.0,
        "Interest Expense": 4987000.0,
        "Interest Income": 1067000.0,
        "Normalized Income": -515760.0,
        "Net Income From Continuing And Discontinued Operation": -1429000.0,
        "Total Expenses": 237159000.0,
        "Total Operating Income As Reported": 13147000.0,
        "Diluted Average Shares": 35122000.0,
        "Basic Average Shares": 34867000.0,
        "Diluted EPS": -0.04,
        "Basic EPS": -0.04,
        "Diluted NI Availto Com Stockholders": -1429000.0,
        "Net Income Common Stockholders": -1429000.0,
        "Net Income": -1429000.0,
        "Net Income Including Noncontrolling Interests": -1429000.0,
        "Net Income Continuous Operations": -1429000.0,
        "Tax Provision": 9500000.0,
        "Pretax Income": 8071000.0,
        "Other Income Expense": -1156000.0,
        "Special Income Charges": 0.0,
        "Write Off": NaN,
        "Restructuring And Mergern Acquisition": 0.0,
        "Gain On Sale Of Security": -1156000.0,
        "Net Non Operating Interest Income Expense": -3920000.0,
        "Interest Expense Non Operating": 4987000.0,
        "Interest Income Non Operating": 1067000.0,
        "Operating Income": 13147000.0,
        "Operating Expense": 124725000.0,
        "Depreciation Amortization Depletion Income Statement": NaN,
        "Depreciation And Amortization In Income Statement": NaN,
        "Research And Development": 18897000.0,
        "Selling General And Administration": 99007000.0,
        "Selling And Marketing Expense": 59184000.0,
        "General And Administrative Expense": 39823000.0,
        "Other Gand A": 39823000.0,
        "Gross Profit": 137872000.0,
        "Cost Of Revenue": 112434000.0,
        "Total Revenue": 250306000.0,
        "Operating Revenue": 250306000.0
    },
    "2025-03-31": {
        "Tax Effect Of Unusual Items": 27200.0,
        "Tax Rate For Calcs": 0.085,
        "Normalized EBITDA": 47067000.0,
        "Total Unusual Items": 320000.0,
        "Total Unusual Items Excluding Goodwill": 320000.0,
        "Net Income From Continuing Operation Net Minority Interest": 18688000.0,
        "Reconciled Depreciation": 22671000.0,
        "Reconciled Cost Of Revenue": 80146000.0,
        "EBITDA": 47387000.0,
        "EBIT": 24716000.0,
        "Net Interest Income": 9897000.0,
        "Interest Expense": 4298000.0,
        "Interest Income": 14195000.0,
        "Normalized Income": 18395200.0,
        "Net Income From Continuing And Discontinued Operation": 18688000.0,
        "Total Expenses": 232419000.0,
        "Total Operating Income As Reported": 10201000.0,
        "Diluted Average Shares": 35322000.0,
        "Basic Average Shares": 34890000.0,
        "Diluted EPS": 0.53,
        "Basic EPS": 0.54,
        "Diluted NI Availto Com Stockholders": 18688000.0,
        "Net Income Common Stockholders": 18688000.0,
        "Net Income": 18688000.0,
        "Net Income Including Noncontrolling Interests": 18688000.0,
        "Net Income Continuous Operations": 18688000.0,
        "Tax Provision": 1730000.0,
        "Pretax Income": 20418000.0,
        "Other Income Expense": 320000.0,
        "Special Income Charges": NaN,
        "Write Off": NaN,
        "Restructuring And Mergern Acquisition": NaN,
        "Gain On Sale Of Security": 320000.0,
        "Net Non Operating Interest Income Expense": 9897000.0,
        "Interest Expense Non Operating": 4298000.0,
        "Interest Income Non Operating": 14195000.0,
        "Operating Income": 10201000.0,
        "Operating Expense": 131531000.0,
        "Depreciation Amortization Depletion Income Statement": 1929000.0,
        "Depreciation And Amortization In Income Statement": 1929000.0,
        "Research And Development": 19865000.0,
        "Selling General And Administration": 109737000.0,
        "Selling And Marketing Expense": 53359000.0,
        "General And Administrative Expense": 56378000.0,
        "Other Gand A": 56378000.0,
        "Gross Profit": 141732000.0,
        "Cost Of Revenue": 100888000.0,
        "Total Revenue": 242620000.0,
        "Operating Revenue": 242620000.0
    },
    "2025-06-30": {
        "Tax Effect Of Unusual Items": -2054794.0,
        "Tax Rate For Calcs": 0.317,
        "Normalized EBITDA": 76448000.0,
        "Total Unusual Items": -6482000.0,
        "Total Unusual Items Excluding Goodwill": -6482000.0,
        "Net Income From Continuing Operation Net Minority Interest": 29440000.0,
        "Reconciled Depreciation": 22611000.0,
        "Reconciled Cost Of Revenue": 85190000.0,
        "EBITDA": 69966000.0,
        "EBIT": 47355000.0,
        "Net Interest Income": 14882000.0,
        "Interest Expense": 4224000.0,
        "Interest Income": 19106000.0,
        "Normalized Income": 33867206.0,
        "Net Income From Continuing And Discontinued Operation": 29440000.0,
        "Total Expenses": 232259000.0,
        "Total Operating Income As Reported": 34731000.0,
        "Diluted Average Shares": 35958000.0,
        "Basic Average Shares": 35257000.0,
        "Diluted EPS": 0.82,
        "Basic EPS": 0.84,
        "Diluted NI Availto Com Stockholders": 29440000.0,
        "Net Income Common Stockholders": 29440000.0,
        "Net Income": 29440000.0,
        "Net Income Including Noncontrolling Interests": 29440000.0,
        "Net Income Continuous Operations": 29440000.0,
        "Tax Provision": 13691000.0,
        "Pretax Income": 43131000.0,
        "Other Income Expense": -6482000.0,
        "Special Income Charges": -5000000.0,
        "Write Off": 5000000.0,
        "Restructuring And Mergern Acquisition": NaN,
        "Gain On Sale Of Security": -1482000.0,
        "Net Non Operating Interest Income Expense": 14882000.0,
        "Interest Expense Non Operating": 4224000.0,
        "Interest Income Non Operating": 19106000.0,
        "Operating Income": 34731000.0,
        "Operating Expense": 126265000.0,
        "Depreciation Amortization Depletion Income Statement": 1807000.0,
        "Depreciation And Amortization In Income Statement": 1807000.0,
        "Research And Development": 20754000.0,
        "Selling General And Administration": 103704000.0,
        "Selling And Marketing Expense": 57077000.0,
        "General And Administrative Expense": 46627000.0,
        "Other Gand A": 46627000.0,
        "Gross Profit": 160996000.0,
        "Cost Of Revenue": 105994000.0,
        "Total Revenue": 266990000.0,
        "Operating Revenue": 266990000.0
    },
    "2025-09-30": {
        "Tax Effect Of Unusual Items": -119910.0,
        "Tax Rate For Calcs": 0.21,
        "Normalized EBITDA": 59077000.0,
        "Total Unusual Items": -571000.0,
        "Total Unusual Items Excluding Goodwill": -571000.0,
        "Net Income From Continuing Operation Net Minority Interest": 13387000.0,
        "Reconciled Depreciation": 22877000.0,
        "Reconciled Cost Of Revenue": 102558000.0,
        "EBITDA": 58506000.0,
        "EBIT": 35629000.0,
        "Net Interest Income": -517000.0,
        "Interest Expense": 4226000.0,
        "Interest Income": 3709000.0,
        "Normalized Income": 13838090.0,
        "Net Income From Continuing And Discontinued Operation": 13387000.0,
        "Total Expenses": 227603000.0,
        "Total Operating Income As Reported": 32491000.0,
        "Diluted Average Shares": 36642000.0,
        "Basic Average Shares": 35484000.0,
        "Diluted EPS": 0.37,
        "Basic EPS": 0.38,
        "Diluted NI Availto Com Stockholders": 13387000.0,
        "Net Income Common Stockholders": 13387000.0,
        "Net Income": 13387000.0,
        "Net Income Including Noncontrolling Interests": 13387000.0,
        "Net Income Continuous Operations": 13387000.0,
        "Tax Provision": 18016000.0,
        "Pretax Income": 31403000.0,
        "Other Income Expense": -571000.0,
        "Special Income Charges": 0.0,
        "Write Off": 0.0,
        "Restructuring And Mergern Acquisition": NaN,
        "Gain On Sale Of Security": -571000.0,
        "Net Non Operating Interest Income Expense": -517000.0,
        "Interest Expense Non Operating": 4226000.0,
        "Interest Income Non Operating": 3709000.0,
        "Operating Income": 32491000.0,
        "Operating Expense": 125045000.0,
        "Depreciation Amortization Depletion Income Statement": NaN,
        "Depreciation And Amortization In Income Statement": NaN,
        "Research And Development": 22374000.0,
        "Selling General And Administration": 102671000.0,
        "Selling And Marketing Expense": 59358000.0,
        "General And Administrative Expense": 43313000.0,
        "Other Gand A": 43313000.0,
        "Gross Profit": 157536000.0,
        "Cost Of Revenue": 102558000.0,
        "Total Revenue": 260094000.0,
        "Operating Revenue": 260094000.0
    }
}